3892 5609
697 291 738 363 3
751 290 847 364 30
1670 302 2101 352 1011111101111
2146 301 2591 352 Romanorum

696 522 872 595 393.
913 524 1091 591 1224
1133 528 1304 590 iunii
1329 520 1420 590 22
1463 524 1786 590 Laterani.
1872 523 2201 589 Honorius
2246 524 2371 589 III
2404 538 2569 591 vetat
2612 526 2691 591 ab
2740 528 2983 591 ordinis
3036 524 3415 591 Thmui&
3458 546 3588 588 no·

913 632 1159 697 valibus
1214 632 1311 696 vel
1365 632 1513 697 aliis
1559 634 1742 697 terris
1787 643 1940 716 post
1985 631 2320 695 concilim
2366 634 2723 717 acquisitis,
2787 656 2945 719 quas
2982 633 3231 718 fratres
3274 634 3587 719 propriis

912 750 1023 803 aut
1065 738 1355 802 manibus
1401 738 1511 803 a'ut
1553 738 1902 823 sumtibus
1950 738 2174 813 colant,
2224 740 2496 803 decimas
2542 742 2727 824 exiqi.
2790 737 2903 823 (ef.
2937 764 3001 803 π.
3027 738 3215 819 328.)

913 886 1232 953 Honorius
1277 887 1607 973 episcopus
1655 906 1872 953 servus
1919 906 2245 955 servorum
2292 887 2395 953 dei
2436 887 2897 954 venerabilibus
2950 886 3251 953 fratribus
3290 886 3589 972 patriar-

691 995 857 1077 chis,
914 993 1402 1079 archiepiscopis
1465 999 1528 1059 et
1573 992 1885 1079 episcopis
1943 999 2009 1059 et
2062 993 2309 1061 dilectis
2354 992 2501 1059 filiis
2550 994 2911 1077 abbatibus,
2956 992 3303 1079 prioribus,
3362 992 3587 1059 arehi-

691 1103 992 1186 diaconis,
1041 1100 1294 1167 decanis
1342 1104 1406 1165 et
1451 1099 1592 1165 aliis
1640 1100 2044 1166 ecclesiarum
2092 1100 2375 1187 prelatiS,
2424 1101 2505 1167 ad
2550 1120 2703 1185 quos
2748 1100 2959 1167 littere
2990 1100 3113 1166 iste
3140 1100 3585 1185 pervenerint,

691 1209 960 1275 salutem
1009 1214 1072 1273 et
1116 1205 1528 1292 apostolicam
1571 1206 2090 1273 benedictionem.
2318 1205 2479 1285 Quia
2520 1207 2889 1293 plerumque
2919 1208 3203 1273 veritatis
3232 1206 3583 1290 integritas

689 1336 804 1403 per
849 1316 1158 1381 minorem
1215 1312 1698 1396 intelligentiam
1738 1319 1868 1379 'aut
1921 1312 2231 1379 malitiam
2287 1313 2613 1379 hominum
2668 1314 3083 1399 depravatur,
3145 1334 3273 1379 non
3316 1313 3585 1379 videtur

690 1424 1125 1505 incongruum,
1173 1420 1228 1486 si
1275 1440 1369 1504 ea,
1419 1440 1540 1504 que
1583 1440 1712 1485 non
1757 1418 2095 1487 manifesta
2136 1420 2309 1486 dicta
2350 1420 2661 1503 videntur,
2710 1420 2791 1486 ad
2836 1440 3085 1487 omnem
3132 1420 3580 1503 ambiguitatis

689 1524 1056 1616 scrupulum
1117 1527 1532 1594 amovendum
1589 1526 1942 1591 evidentius
1996 1532 2391 1611 exponantur
2436 1534 2503 1593 et
2554 1528 2980 1594 turbatoribus
3028 1527 3313 1595 veritatis
3360 1526 3579 1591 omnis

692 1637 1013 1703 auferatur
1057 1634 1572 1701 contradictionis
1633 1632 1908 1715 occasio,
1966 1633 2262 1717 quatinus
2308 1653 2413 1716 ea,
2474 1654 2593 1717 que
2638 1634 2809 1701 dicta
2853 1639 3031 1719 sunt,
3088 1633 3267 1699 nulla
3314 1630 3579 1697 valeant

692 1742 1170 1809 obumbratione
1213 1741 1465 1807 fuscari.
1525 1739 1902 1825 Accepimus
1950 1746 2191 1823 autem,
2240 1739 2427 1824 quod,
2473 1760 2617 1805 cum
2664 1740 2909 1807 dilectis
2952 1740 3103 1807 filiis
3148 1740 3457 1823 magistro
3506 1744 3578 1805 et

688 1848 990 1915 fratribus
1045 1848 1268 1914 domus
1324 1846 1654 1931 hospitalis
1722 1866 1771 1912 s.
1816 1844 2019 1911 Marie
2074 1845 2599 1941 Theutonicorum
2655 1846 3135 1915 lerosolimitani
3196 1848 3573 1914 duxerimus

691 1954 1178 2038 concedendum,
1224 1961 1296 2020 ut
1341 1954 1418 2019 de
1462 1952 1802 2035 laboribus,
1853 1972 2008 2037 qnos
2052 1952 2331 2039 propriis
2376 1952 2667 2019 manibus
2698 1954 2799 2020 vel
2844 1955 3199 2040 sumptibus
3244 1954 3573 2037 excolunt,

691 2063 930 2129 nemini
983 2062 1260 2128 decimas
1319 2060 1561 2127 solvere
1617 2064 1983 2143 teneantur,
2044 2059 2301 2144 quidam
2360 2059 2437 2126 ab
2484 2060 2575 2125 eis
2634 2059 3041 2126 nihilominus
3094 2068 3242 2146 post
3286 2061 3573 2129 celebra-

693 2170 928 2236 tionem
961 2168 1209 2235 concilii
1230 2166 1674 2233 Lateranensis
1703 2170 1924 2232 contra
1954 2166 2409 2249 indulgentiam
2440 2166 2606 2232 sedis
2638 2166 2980 2253 apostolice
3010 2166 3287 2234 decimas
3312 2168 3571 2250 exigere

693 2282 758 2343 et
802 2282 1175 2361 extorquere
1227 2280 1602 2361 presumunt
1656 2292 1729 2339 ac
1773 2293 1973 2359 prava
2016 2278 2083 2339 et
2125 2274 2386 2339 sinistra
2426 2274 2947 2359 interpretatione
2992 2274 3325 2359 apostolici
3366 2274 3569 2359 privi-

690 2383 842 2467 legii
885 2382 1228 2469 capitulum
1278 2385 1706 2467 pervertentes
1753 2384 2045 2445 asserunt
2074 2380 2151 2446 de
2181 2379 2511 2445 novalibus
2542 2379 2771 2447 debere
2800 2380 3092 2465 intelligi,
3138 2381 3245 2448 ubi
3278 2381 3571 2447 noscitur

693 2490 770 2556 de
813 2488 1134 2556 laboribus
1181 2508 1318 2555 esse
1363 2488 1687 2573 scriptum.
1757 2486 2065 2565 Quoniam
2112 2486 2307 2569 igitur
2338 2487 2741 2553 manifestum
2772 2493 2869 2553 est
2896 2488 3209 2571 omnibus,
3254 2489 3365 2573 qui
3394 2494 3569 2555 recte

693 2598 968 2683 sapiunt,
1013 2594 1600 2681 interpretationem
1647 2594 2009 2661 huiusmodi
2052 2614 2415 2679 perversam
2464 2612 2599 2660 esse
2647 2598 2711 2659 et
2748 2592 3095 2675 intellectui
3124 2614 3280 2661 sano
3313 2600 3567 2661 contra-

691 2704 876 2787 riam,
922 2722 1064 2769 cum
1113 2702 1456 2768 secundum
1501 2701 1847 2787 capitulum
1893 2700 2052 2767 illud
2098 2722 2137 2765 a
2164 2700 2477 2766 solutione
2508 2700 2891 2767 decimarum
2924 2706 3059 2767 tam
3088 2699 3165 2767 de
3194 2701 3385 2767 terris
3414 2700 3565 2785 illis,

694 2830 849 2895 quas
895 2810 1289 2876 deduxerunt
1332 2808 1431 2874 vel
1485 2807 1801 2874 deducunt
1845 2807 1927 2873 ad
1972 2807 2241 2890 cultum,
2303 2826 2491 2891 quam
2538 2807 2615 2873 de
2660 2808 2847 2873 terris
2894 2808 3085 2872 etiam
3130 2807 3349 2892 cultis,
3408 2828 3565 2893 quas

691 2916 967 3004 propriis
1012 2915 1303 2981 manibus
1349 2914 1448 2981 vel
1495 2914 1848 3001 sumptibus
1895 2914 2221 2997 excolunt,
2277 2912 2463 2979 liberi
2508 2914 2636 2979 sint
2680 2914 2932 2999 penitus
2978 2920 3043 2980 et
3084 2915 3434 2998 immunes,
3486 2936 3565 2982 ne

691 3024 858 3090 ullus
913 3028 1133 3089 contra
1190 3042 1295 3088 eos
1357 3022 1686 3088 materiam
1745 3020 1977 3087 habeat
2031 3020 2419 3103 malignandi
2462 3020 2562 3087 vel
2609 3020 3077 3105 quomodolibet
3126 3021 3297 3107 ipsos
3344 3028 3565 3088 contra

689 3132 996 3198 iustitiam
1041 3128 1449 3212 molestandi,
1507 3128 1683 3194 vobis
1730 3148 1843 3214 per
1889 3126 2237 3213 apostolica
2280 3126 2519 3212 scripta
2561 3128 2933 3193 mandamus
2980 3133 3046 3194 et
3088 3127 3375 3194 districte
3420 3149 3561 3215 pre—

691 3238 980 3324 cipimus,
1029 3240 1336 3321 quatenus
1383 3235 1670 3301 omnibus
1715 3234 2149 3321 parrochianis
2180 3234 2408 3301 vestris
2450 3234 2821 3300 auctoritate
2852 3233 3199 3319 apostolica
3226 3234 3561 3321 prohibere

692 3345 954 3427 curetis,
1009 3364 1091 3409 110
1138 3364 1177 3408 a
1219 3342 1582 3409 memoratis
1625 3340 1928 3407 fratribus
1975 3341 2053 3406 de
2098 3339 2427 3406 novalibus
2474 3339 2575 3406 vel
2622 3340 2762 3407 aliis
2806 3342 3024 3424 terris,
3082 3360 3239 3425 quas
3284 3343 3559 3429 propriis

691 3451 982 3517 manibus
1029 3450 1130 3516 vel
1173 3450 1528 3536 sumptibus
1575 3447 1901 3531 excolunt,
1960 3468 2071 3513 seu
2117 3446 2195 3512 de
2238 3448 2642 3513 nutrimentis
2689 3448 3052 3514 animalium
3100 3468 3358 3515 suorum
3402 3448 3560 3516 ulla-

691 3564 874 3625 tenus
922 3557 1196 3623 decimas
1237 3557 1488 3639 exigere
1518 3555 1619 3622 vel
1666 3560 2037 3638 extorquere
2082 3559 2470 3640 presumant.
2538 3552 2701 3619 Nam
2746 3554 2803 3619 si
2846 3554 2926 3620 de
2954 3554 3557 3623 novalibustantum

691 3662 993 3733 vellemus
1023 3664 1311 3747 intelligi,
1359 3662 1468 3729 ubi
1495 3662 1788 3749 ponimus
1819 3662 1898 3727 de
1926 3660 2268 3743 laboribus,
2304 3660 2383 3727 de
2412 3659 2741 3726 novalibus
2770 3680 3163 3747 poneremus.
3218 3662 3383 3740 Quia
3412 3683 3557 3730 vero

691 3792 819 3837 non
864 3776 962 3837 est
1005 3770 1379 3837 conveniens
1425 3769 1528 3835 vel
1570 3768 1898 3835 honestum
1914 3818 1932 3851 ,
1988 3772 2059 3833 ut
2102 3770 2323 3835 contra
2366 3772 2606 3833 statuta
2648 3767 2815 3833 sedis
2862 3768 3203 3853 apostolice
3246 3770 3557 3853 veniatur,

693 3898 814 3963 que
859 3878 1142 3944 obtinere
1173 3876 1402 3943 debent
1431 3875 1814 3942 immobilem
1845 3873 2230 3956 firmitatem,
2264 3873 2635 3939 mandamus
2666 3873 2843 3939 vobis
2876 3872 3261 3959 firmiterque
3288 3877 3559 3963 precipi-

691 4004 864 4068 mus,
909 3990 1000 4065 ut,
1049 3983 1105 4049 si
1151 3984 1260 4067 qui
1305 3983 1610 4066 canonici,
1657 3982 1864 4048 clerici
1879 4030 1899 4066 ,
1947 3980 2237 4047 monachi
2266 3979 2365 4047 vel
2408 3980 2555 4046 laici
2601 3986 2821 4047 contra
2846 3980 3182 4066 privilegia
3208 3982 3379 4049 sedis
3410 4004 3556 4070 apo—

691 4090 912 4157 stolice
937 4090 1252 4177 predictos
1281 4090 1508 4155 fratres
1540 4089 1923 4155 decimarum
1956 4088 2279 4153 exactione
2308 4087 2731 4172 gravaverint,
2756 4088 3107 4171 canonicos,
3130 4088 3396 4156 clericos
3426 4092 3560 4157 sive

691 4196 1029 4263 monachos
1076 4196 1568 4263 contradictione
1600 4202 1664 4262 et
1694 4194 2117 4281 appellatione
2146 4201 2452 4279 cessante,
2500 4194 2662 4260 sicut
2690 4194 2925 4261 iustum
2956 4194 3167 4279 fuerit,
3214 4197 3559 4264 monitione

689 4304 1022 4390 premissa,
1070 4304 1148 4370 ab
1193 4302 1397 4369 officio
1445 4300 1866 4388 suspendatis,
1910 4302 2107 4369 laicos
2136 4300 2800 4369 excommunicationis
2836 4302 3151 4369 sententia
3178 4302 3555 4389 percellatis,

693 4416 757 4477 et
811 4416 941 4477 tam
1001 4408 1665 4476 excommunicationis
1738 4428 1926 4493 quam
1997 4410 2426 4496 suspensionis
2482 4408 2861 4487 sententiam
2916 4408 3165 4475 faciatis
3220 4430 3423 4494 usque
3478 4410 3557 4477 ad

692 4518 947 4601 dignam
995 4518 1486 4583 satisfactionem
1541 4514 1990 4581 inviolabiliter
2036 4515 2385 4599 observari,
2444 4514 2622 4580 salva
2672 4514 3103 4582 moderatione
3158 4516 3411 4583 concilii
3450 4538 3557 4601 ge·

691 4624 945 4690 11010118.
1039 4624 1142 4690 Ad
1200 4623 1314 4690 hec
1367 4622 1546 4688 vobis
1601 4621 1989 4708 presentium
2049 4621 2425 4689 auctoritate
2481 4622 2855 4687 mandamus
2914 4628 3103 4706 atque
3146 4620 3553 4711 precipimus,

693 4730 1010 4814 quatinus,
1058 4732 1112 4796 si
1160 4730 1300 4815 quis
1344 4729 1412 4795 in
1457 4728 1774 4815 predictos
1817 4728 2046 4795 fratres
2092 4748 2315 4795 manus
2361 4726 2668 4794 violentas
2714 4710 3029 4814 iniecerit,
3088 4750 3235 4795 eum
3282 4732 3556 4798 accensis

691 4838 966 4905 candelis
1011 4836 1254 4904 tamdiu
1299 4836 1463 4903 sicut
1507 4835 2116 4901 excommunicatum
2162 4835 2412 4922 publice
2441 4836 2751 4901 nunciatis
2782 4840 2847 4903 et
2880 4836 3129 4903 faciatis
3160 4838 3239 4905 ab
3270 4838 3557 4905 omnibus

695 4944 941 5011 cautius
989 4944 1234 5029 evitari,
1279 4944 1478 5011 donec
1523 4962 1795 5027 congrue
1841 4943 2190 5011 satisfaciat
2233 4942 2533 5030 predictis
2560 4942 2863 5010 fratribus
2894 4949 2958 5010 et
2986 4962 3131 5010 cum
3162 4942 3395 5011 litteris
3426 4944 3557 5011 dio-
