3892 5609
705 249 858 322 426
1039 331 1055 364 '
1119 199 1134 228 ἱ
1559 279 1564 287 -
1683 261 2107 322 Poura-*mnu
2152 263 2595 316 scrumosum

702 421 1108 506 mandamus,
1163 428 1470 506 quatenus
1510 422 1784 507 kclericos
1836 423 2125 509 idoneos,
2186 444 2341 508 quos
2394 424 2586 490 iidem
2644 423 2871 491 fratres
2930 424 3010 490 ad
3054 424 3353 492 ecclesias
3398 447 3564 510 snas,

696 532 765 595 in
797 530 1024 614 quibus
1073 529 1164 596 eis
1207 529 1306 595 ius
1353 530 1710 596 huiusmodi
1755 529 1967 597 taliter
1998 537 2097 598 est
2124 533 2456 616 quesitum,
2504 531 2585 597 ad
2614 531 2757 597 illas
2804 516 3024 616 eciam,
3066 533 3135 598 in
3166 533 3392 618 quibus
3424 556 3567 621 pre—

698 635 1039 703 nominatis
1084 637 1384 702 fratribus
1430 637 1842 723 imposterum
1887 639 1987 704 ius
2032 639 2237 704 simile
2281 643 2603 724 prestante
2648 639 2900 706 domino
2944 639 3338 724 concedetur,
3390 639 3567 706 vobis

700 742 996 811 duxerint
1045 744 1530 829 presentandoS,
1590 744 1668 810 de
1710 749 1916 810 cetero
1964 745 2293 830 benignius
2350 746 2730 831 admittatis,
2783 747 2879 812 ita
2932 747 3099 831 quod
3150 751 3365 832 preter
3400 746 3567 813 'boni

698 853 1014 928 meritum,
1061 851 1228 937 quod
1255 871 1368 918 vos
1400 851 1801 918 commissum
1837 851 2015 918 vobis
2060 851 2333 920 officium
2377 854 2545 920 iuste
2588 871 2661 918 ac
2686 851 2971 919 fideliter
3015 853 3381 938 exequendo
3422 875 3569 940 per-

697 959 1020 1046 ceperitis,
1077 958 1244 1045 apud
1299 959 1482 1025 deum
1541 957 1943 1026 devocionem
2005 966 2277 1026 vestram
2338 961 2653 1046 possimus
2707 965 2969 1048 propter
3022 961 3141 1027 hoc
3192 962 3262 1026 in
3314 960 3569 1027 domino

697 1086 825 1132 non
866 1066 1180 1134 immerito
1225 1065 1682 1132 commendare.
1754 1065 1987 1132 Datum
2034 1067 2230 1134 Rome
2277 1068 2443 1154 apud
2488 1053 2770 1134 sanctam
2812 1067 3079 1135 Mariam
3124 1070 3429 1136 maiorem
3474 1069 3569 1135 iiii

697 1192 896 1240 nonas
944 1173 1160 1261 aprilis
1204 1172 1606 1260 pontificatus
1649 1174 1852 1239 nostri
1899 1193 2064 1240 anno
2104 1173 2397 1241 secundo.

909 1296 1099 1348 Citatur
1133 1313 1182 1363 p.
1209 1315 1255 1348 a.
1281 1297 1316 1347 2
1351 1297 1402 1347 in
1428 1295 1776 1362 designatione
1799 1296 2113 1348 Mitoviens'is
2150 1297 2340 1348 archivi
2366 1296 2496 1348 1621
2539 1296 2790 1348 Holmiam
2816 1297 2972 1350 delati
3009 1293 3090 1364 ap}
3116 1297 3357 1350 Schirren
3390 1315 3441 1364 p.
3466 1299 3569 1350 132

698 1401 748 1434 ιι.
773 1383 887 1434 162.
943 1384 1032 1446 IV,
1052 1385 1156 1436 219
1168 1403 1216 1435 v·
1269 1386 1331 1436 R.
1357 1385 1452 1436 121
1479 1395 1533 1436 et
1554 1387 1619 1436 A.
1644 1385 1708 1436 16
1733 1403 1782 1451 p.
1804 1385 1872 1436 63
1897 1385 2027 1436 inter
2052 1385 2463 1452 Marburgensiag
2501 1386 2563 1436 A.
2588 1386 2659 1437 20
2681 1403 2733 1437 n.
2762 1386 2860 1437 118
2884 1387 3067 1438 Latine
3090 1396 3145 1438 et
3168 1387 3487 1438 Germaniae.
3504 1417 3567 1425 —

703 1473 824 1524 Cum
870 1472 988 1525 dato
1034 1474 1211 1539 pleno:
1259 1475 1321 1524 A.
1347 1473 1412 1524 16
1448 1492 1498 1540 p.
1519 1473 1587 1525 79
1614 1491 1687 1540 sq.
1731 1474 2019 1538 „Colonie“;
2068 1475 2130 1524 A.
2162 1473 2225 1525 16
2262 1492 2311 1540 p.
2339 1474 2407 1526 63
2448 1474 2775 1541 „Marpurg“.
2850 1475 3073 1527 Collatus
3116 1485 3195 1526 est
3240 1483 3412 1526 textus
3454 1493 3569 1526 cum

699 1571 1002 1614 transsumto
1050 1562 1096 1613 d.
1125 1563 1172 1613 d.
1213 1563 1497 1628 wirzburg-i
1536 1563 1673 1612 1418
1710 1563 1878 1613 decbr.
1905 1563 1938 1614 2
1986 1564 2078 1614 sub
2124 1564 2389 1615 autoritate
2438 1572 2491 1620 et
2537 1562 2703 1629 sig-illo
2738 1563 2972 1615 werneri
3006 1564 3071 1615 de
3104 1563 3259 1630 Hayn
3274 1603 3291 1625 ‚
3338 1564 3570 1615 officialis

700 1651 1016 1718 episcopalis,
1053 1651 1202 1712 facto,
1239 1651 1373 1717 quod
1411 1661 1694 1702 asservatur
1717 1651 1769 1702 in
1795 1650 1995 1702 archivo
2019 1651 2404 1717 Regimontano.
2453 1650 2643 1702 Partim
2671 1653 2725 1703 in
2750 1652 3045 1720 apographo
3068 1654 3361 1704 transsumti
3378 1653 3565 1705 Ποπι-

699 1739 810 1792 heri
833 1739 1319 1806 Wiltzenburgensis
1357 1741 1552 1791 abbatis
1590 1741 1639 1791 d.
1667 1741 1715 1792 d.
1753 1740 2088 1805 wissenburg
2126 1739 2261 1791 1317
2298 1740 2403 1791 iulii
2426 1739 2477 1791 ¹7.
2536 1741 2685 1792 R.11
2726 1741 2857 1792 inter
2893 1741 3371 1808 Nurembergensia.

711 1907 751 1978 6
764 1907 805 1978 6
818 1909 886 1980 5.
932 1911 1109 1978 1290
1141 1915 1363 1978 martii
1382 1913 1419 1978 1
1454 1913 1629 2000 apud
1665 1911 1887 1978 Urbem
1923 1910 2195 1978 Vetere-m
2226 1909 2339 1996 (ef.
2367 1913 2539 1980 1291
2565 1881 2895 1996 febriam-ii
2920 1913 3063 1996 20).
3129 1913 3445 1980 Nicotaus
3468 1913 3579 1980 IV

921 2021 1169 2084 ordinis
1221 2018 1589 2085 Theutonici
1629 2021 1850 2112 domus
1896 2021 2111 2084 eximit
2154 2045 2196 2084 a
2240 2020 2514 2085 decimae
2558 2023 2742 2086 tertia
2782 2033 2969 2107 parte
3009 2021 3329 2102 solvenda,
3378 2044 3571 2108 quam

931 2125 1196 2193 Siciliae
1237 2131 1376 2214 νᾶφε·
1417 2130 1488 2192 in
1531 2129 1880 2194 subsidium
1923 2139 2323 2192 concesserat.
3092 2158 3099 2166 ·

924 2249 1218 2317 Nicolaus
1265 2257 1379 2318 etc.
1429 2252 1674 2317 dilectis
1717 2249 1866 2316 filiis
1909 2251 2212 2333 magistro
2258 2254 2323 2316 et
2364 2249 2663 2316 fratribus
2708 2250 3039 2338 hospitalis
3082 2252 3309 2319 domus
3354 2259 3570 2320 sancte

700 2355 902 2424 Marie
943 2357 1468 2425 Theutonicorum
1513 2357 1995 2425 Ierosolimitani
2038 2357 2302 2424 salutem
2352 2363 2415 2424 et
2458 2357 2867 2444 apostolicam
2913 2357 3435 2426 benedictionem.

701 2464 1090 2531 Reducentes
1144 2464 1224 2532 ad
1277 2465 1492 2532 sedule
1537 2465 2051 2531 considerationis
2095 2483 2389 2548 examen,
2449 2465 2613 2549 quod
2658 2484 2768 2531 vos
2812 2472 3135 2551 tamquam
3180 2467 3419 2534 athlete
3460 2467 3570 2533 do-

703 2573 860 2638 mini
898 2571 1264 2658 pugilesque
1294 2573 1593 2660 intrepidi
1637 2573 1837 2639 nostri
1881 2571 2297 2658 redemptoris
2342 2571 2641 2655 obsequia
2683 2571 2753 2637 in
2796 2575 3235 2640 transmarinis
3280 2574 3569 2660 partibus

701 2679 864 2745 votis
895 2678 1281 2746 ferventibus
1312 2686 1760 2765 prosequentes
1789 2700 1915 2745 non
1946 2678 2247 2745 dubitatis
2288 2685 2507 2744 contra
2550 2679 2892 2745 infidelium
2936 2682 3210 2768 impetus
3254 2702 3569 2768 exponere

703 2805 816 2852 vos
861 2792 927 2853 et
955 2791 1182 2870 vestra,
1213 2775 1471 2870 dignum
1501 2787 1796 2854 duximus
1829 2792 1894 2852 et
1935 2787 2168 2853 rationi
2212 2805 2551 2853 consonum
2596 2785 2997 2872 arbitramur,
3044 2795 3114 2853 ut
3156 2790 3569 2875 petitionibus

702 2895 930 2960 vestris
961 2899 1240 2960 reserata
1270 2894 1598 2978 benignius
1642 2893 1983 2980 apostolice
2022 2894 2223 2976 gratie
2270 2894 2475 2976 ianua,
2524 2898 2827 2978 quantum
2860 2915 3001 2961 cum
3046 2896 3163 2962 deo
3208 2915 3569 2982 possumus,

700 2999 1132 3068 favorabiliter
1185 3021 1552 3068 annuamus.
1635 2999 1792 3066 Cum
1849 3001 2091 3086 itaque,
2150 3002 2311 3067 sicut
2366 2999 2554 3066 habet
2606 3005 2815 3068 vestre
2872 3001 3223 3069 devotionis
3280 3005 3567 3088 assertio,

703 3107 784 3174 ad
813 3108 1022 3174 minus
1051 3109 1241 3174 tertia
1285 3129 1432 3194 pars
1479 3109 1757 3175 omnium
1802 3109 2140 3192 fructuum,
2188 3112 2600 3194 proventuum
2649 3114 2715 3175 et
2754 3108 3114 3175 reddituum
3144 3109 3477 3175 domorum
3506 3116 3571 3176 et

593 3233 600 3244 ·
701 3215 980 3281 locorum
1009 3222 1360 3282 vestrorum
1391 3214 1812 3300 quorumlibet
1840 3216 2315 3282 consistentium
2348 3215 2507 3282 citra
2540 3233 2715 3281 mare
2760 3215 2841 3281 ad
2885 3221 3097 3302 partes
3142 3221 3308 3282 terre
3352 3221 3569 3282 sancte

701 3341 817 3408 pro
847 3323 1301 3389 sustentatione
1328 3323 1595 3389 fratrum
1627 3329 1979 3389 vestrorum
2024 3323 2115 3389 ibi
2159 3323 2521 3406 degentium
2566 3341 2638 3387 ac
2684 3321 3042 3389 defensione
3086 3328 3256 3389 terre
3288 3324 3569 3410 predicte

705 3430 886 3496 annis
940 3429 1204 3513 singulis
1261 3431 1615 3513 destinetis,
1672 3449 1788 3497 nos
1844 3430 2169 3513 indignum
2227 3434 2291 3496 et
2342 3428 2635 3494 indecens
2685 3435 3085 3516 reputanteS‚
3141 3435 3215 3496 ut
3258 3431 3567 3498 decimam

704 3557 818 3622 per
845 3556 961 3602 nos
992 3537 1172 3620 regni
1203 3535 1412 3604 Sicilie
1458 3537 1738 3604 subsidio
1783 3538 2143 3625 deputatam
2194 3537 2269 3603 de
2314 3536 2671 3602 huiusmodi
2716 3541 2897 3623 parte
2938 3539 3129 3604 tertia
3169 3538 3564 3624 persolvatis,

704 3644 911 3727 vobis,
967 3649 1038 3710 ut
1091 3644 1168 3710 de
1223 3645 1506 3730 predicta
1558 3646 1747 3711 tertia
1803 3649 1985 3732 parte
2042 3644 2349 3710 decimam
2404 3643 2647 3710 solvere
2690 3644 2951 3711 minime
2993 3645 3337 3710 teneamini
3380 3653 3447 3711 et
3488 3645 3565 3711 ad

615 3793 626 3810 .
705 3771 842 3818 eam
889 3750 1252 3816 solvendam
1297 3751 1587 3836 compelli
1634 3751 1712 3818 ab
1759 3751 2071 3837 aliquibus
2115 3770 2242 3817 non
2288 3751 2564 3836 possitis,
2621 3753 2995 3820 auctoritate
3038 3751 3429 3838 presentium
3468 3753 3567 3818 in·

706 3857 1050 3941 dulgemus.
1134 3855 1308 3924 Nulli
1363 3878 1511 3940 ergo
1567 3859 1818 3925 omnino
1865 3863 1981 3926 etc.
2066 3855 2133 3923 Si
2191 3858 2330 3943 quis
2387 3863 2595 3924 autem
2642 3865 2758 3925 ete.
2838 3859 3073 3925 Datum
3117 3859 3287 3945 apud
3330 3859 3563 3926 Urbem

703 3969 977 4032 veterem
1025 3964 1151 4030 kal.
1197 3965 1419 4031 marcii
1465 3964 1864 4052 pontificatus
1907 3965 2109 4030 nostri
2156 3984 2318 4031 anno
2360 3965 2568 4032 tertio.

916 4089 1038 4139 Cum
1085 4088 1230 4140 dato:
1286 4089 1424 4154 apud
1460 4088 1648 4140 Urbem
1683 4088 1918 4139 Veterem
1955 4086 2059 4138 kal.
2096 4089 2266 4139 marcii
2300 4105 2351 4154 p.
2375 4106 2426 4139 n.
2454 4107 2501 4140 a.
2526 4089 2577 4140 3.
2632 4089 2696 4140 A.
2728 4087 2793 4140 16
2826 4105 2877 4156 p.
2905 4090 2941 4139 5
2982 4087 3290 4152 „Venetiis“.
3330 4118 3395 4128 -
3442 4089 3565 4140 Gum

705 4175 851 4230 dato:
889 4178 1026 4243 apud
1060 4176 1249 4228 Urbem
1272 4177 1512 4230 Veterem
1551 4175 1616 4228 10
1649 4176 1752 4228 kal.
1787 4177 1955 4228 martii
1990 4193 2036 4228 a.
2067 4177 2117 4227 3.
2171 4178 2237 4227 A.
2261 4177 2325 4228 16
2358 4195 2411 4244 p.
2431 4178 2501 4229 50
2542 4177 2797 4242 „Bm-uli&
2830 4207 2895 4215 —
2934 4178 3349 4245 Transsumpmm
3381 4178 3451 4230 ad
3480 4179 3563 4229 in-

706 4265 941 4318 stantiam
963 4265 1186 4328 Henrici‚
1212 4266 1552 4332 praeceptoris
1575 4266 1707 4318 dom.
1733 4267 2004 4318 mansionis
2029 4265 2433 4327 Panormitanae,
2456 4267 2591 4318 facto
2615 4283 2767 4318 manu
2783 4267 3027 4318 Armanni
3051 4266 3118 4318 de
3140 4267 3351 4328 Munda,
3378 4268 3563 4334 judicis

705 4372 794 4421 per
831 4372 1042 4422 regnum
1066 4354 1264 4406 Siciliae
1301 4363 1353 4405 et
1390 4354 1569 4406 notarii
1603 4354 1730 4421 regii
1765 4363 1817 4405 et
1853 4355 2308 4422 archiepiscopalis,
2348 4355 2395 4406 d.
2424 4353 2473 4405 d.
2511 4354 2747 4406 Panormi
2777 4354 2909 4406 1487
2948 4357 3165 4408 octobris
3188 4357 3242 4418 5,
3276 4357 3331 4408 in
3366 4357 3560 4410 archivo

706 4444 1091 4511 Regimontano.

711 4612 887 4683 666.
930 4617 1099 4682 1291
1130 4613 1462 4700 februarii
1489 4615 1578 4680 20
1622 4617 1797 4702 apud
1840 4614 2063 4681 Urbem
2105 4616 2395 4683 Veterem.
2466 4608 2774 4682 'Nicolaus
2805 4614 2852 4680 Ι
2856 4615 2917 4681 V
2952 4618 3175 4702 repetit
3216 4639 3281 4682 n.
3314 4616 3443 4683 665
3488 4619 3561 4682 de

927 4722 1104 4788 1290
1148 4725 1367 4788 martii
1401 4723 1464 4788 1.

923 4843 1218 4913 Nicolaus
1249 4851 1368 4914 etc.
1545 4845 1930 4913 Reducentes
1963 4845 2043 4912 ad
2088 4851 2204 4914 etc.
2274 4846 2509 4914 Datum
2554 4847 2723 4935 apud
2750 4845 2987 4914 Urbem
3014 4846 3307 4915 Veterem
3350 4867 3393 4913 x
3438 4845 3559 4914 kal.

705 4953 927 5022 marcii
971 4952 1370 5041 pontificatus
1414 4954 1616 5021 nostri
1660 4973 1822 5020 anno
1867 4953 2076 5020 tertio.
