3892 5609
665 330 816 403 238
1953 339 2237 390 mom

581 524 584 529 ·
660 500 1082 622 reperiantur,
1125 499 1455 593 premissis
1503 496 1874 587 privilegiis,
1918 497 2181 567 indultis
2226 503 2291 566 et
2320 495 2873 568 consuetudinibus
2916 502 3029 564 aut
3060 496 3251 565 alicui
3289 516 3369 565 ex
3402 495 3531 565 illis

661 605 922 675 minime
967 607 1258 691 derogari
1291 606 1564 675 voluisse
1608 607 1744 674 sive
1772 606 1955 692 velle,
2001 606 2111 675 sed
2140 606 2251 673 illa
2278 604 2773 673 nichilominus
2753 627 2822 672 ιιι
2852 625 2966 673 8110
2992 605 3211 691 vigore
3250 604 3533 692 plenarie

662 716 1088 803 permansisse
1120 720 1183 782 et
1211 733 1539 783 remanere
1570 713 1797 782 debere
1826 715 2215 801 presentium
2244 714 2408 783 seris
2436 713 2849 799 declaramus,
2879 712 3287 781 decernentes
3315 712 3532 780 literas

661 828 912 889 nostros
953 826 1022 889 et
1066 822 1533 891 concessionem
1576 820 1893 908 predictas
1939 841 2015 889 ac
2059 842 2445 909 quecumque
2488 822 2636 890 inde
2680 826 2915 905 secuta,
2958 822 3031 889 in
3069 825 3380 907 quantum
3414 820 3532 889 eis-

663 928 808 997 dem
851 929 1200 1017 privilegiis
1215 981 1235 1016 ,
1302 928 1556 997 statutis
1602 934 1668 996 et
1707 928 2263 997 consuetudinibus
2309 935 2421 996 aut
2460 930 2745 1044 ipsorum
2792 928 2978 996 alicui
3032 928 3361 997 adversari
3402 927 3535 995 sive

663 1036 993 1106 detrahere
1038 1038 1390 1123 videantur,
1447 1036 1682 1103 nullius
1728 1037 2071 1105 subsistere
2114 1037 2337 1105 robore
2380 1015 2722 1122 firmitatis,
2775 1055 2903 1102 non
2947 1035 3347 1103 obstantibus
3390 1055 3535 1122 pre-

662 1144 876 1211 missis
923 1144 1270 1233 ceterisque
1315 1144 1647 1212 contrariis
1693 1144 2206 1231 quibuscumque.
2276 1144 2450 1211 Nulli
2498 1164 2645 1230 ergo
2679 1144 2931 1210 omnino
2975 1142 3307 1211 hominum
3348 1143 3535 1211 liceat

663 1251 826 1319 hanc
867 1253 1167 1339 paginam
1196 1257 1411 1319 nostre
1457 1250 1903 1319 declaracionis
1936 1256 2001 1318 et
2044 1252 2517 1319 constitucionis
2552 1250 2898 1335 infringere
2926 1249 3028 1317 vel
3058 1250 3119 1317 ei
3148 1271 3311 1317 ausu
3338 1256 3534 1317 teme-

662 1358 832 1426 rario
877 1360 1207 1427 contraire.
1290 1358 1360 1425 Si
1404 1358 1544 1444 quis
1598 1364 1809 1425 autem
1860 1358 1982 1425 hoc
2036 1362 2413 1445 attemptare
2470 1357 2959 1446 presumpserit,
3026 1358 3533 1443 indignacionem

665 1466 1112 1553 omnipotentis
1159 1466 1261 1533 dei
1304 1471 1370 1534 et
1425 1466 1752 1533 beatorum
1795 1466 1965 1533 Petri
2015 1472 2080 1534 et
2127 1465 2309 1532 Pauli
2364 1465 2794 1553 apostolorum
2840 1465 2974 1532 01118
3020 1485 3089 1533 80
3144 1465 3398 1531 noverit
3436 1464 3535 1531 in-

663 1591 1013 1641 cursurum.
1091 1572 1329 1641 Datum
1371 1573 1700 1641 Florencie
1742 1573 1856 1641 viii
1899 1572 2209 1642 kalendas
2254 1572 2629 1661 septembris
2674 1572 3074 1659 pontificatus
3118 1572 3323 1641 nostri
3366 1592 3533 1641 anno

665 1680 959 1749 secundo.

1231 1786 1628 1856 Garisendes.
2480 1786 2603 1853 Pro
2649 1786 2895 1873 Arpino

2744 1892 2829 1961 Io.
2879 1893 3110 1963 Leonis
3156 1896 3193 1959 7
3202 1895 3284 1959 77
3292 1944 3309 1960 .

879 2052 968 2114 IV,
1005 2050 1110 2105 246
1119 2070 1167 2105 v.
1221 2052 1484 2119 originale
1519 2068 1630 2103 011111
1654 2050 1794 2104 bulla
1815 2051 2053 2119 plumbea
2074 2052 2128 2103 in
2152 2050 2249 2103 filis
2275 2052 2478 2103 sericeis
2502 2052 2664 2104 rubris
2684 2047 2745 2105 'et
2764 2052 2913 2105 luteis
2946 2054 3207 2119 pendente
3242 2052 3295 2105 in
3332 2052 3533 2104 archivo

665 2140 1035 2207 Regimontano
1073 2141 1198 2195 citat
1217 2141 1508 2210 Napiersky
1530 2141 1693 2193 Index
1715 2140 1760 2205 1,
1783 2139 1888 2193 208
1923 2158 1975 2193 n.
2000 2141 2123 2204 911,
2159 2142 2295 2193 undo
2330 2142 2722 2209 subscriptiones
2756 2144 3123 2195 mutuavimus„
3214 2160 3225 2171 ·
3254 2144 3301 2195 1.
3339 2142 3449 2195 sine
3470 2141 3531 2195 Β.
3622 2195 3633 2208 ,
