3892 5609
732 316 880 389 346
1353 286 1360 301 ⁵
1706 326 2133 378 Pomm-mum
2174 326 2619 381 Ronmonum

727 486 906 557 430.
945 489 1122 557 1227
1181 492 1435 575 anqusti
1481 491 1528 557 4
1591 490 1944 575 Amyntae.
2056 488 2399 578 Greqoriue
2454 492 2561 559 IX
2632 493 2859 579 repetit
2928 516 2993 556 n.
3044 491 3187 559 427
3263 490 3343 555 de
3411 488 3591 555 1227

945 596 1094 662 iulii
1119 596 1231 661 31.

947 728 1284 814 Gregorius
1329 734 1446 797 eto.
1647 730 1994 815 Religiosos
2042 732 2211 800 viros
2260 736 2374 799 eto.
2445 730 2679 799 Datum
2710 732 2998 816 Anagnis
3026 731 3075 798 ii
3102 750 3307 797 nonas
3340 728 3595 812 augusti

725 836 1124 925 pontificatus
1166 838 1368 904 nostri
1413 857 1577 903 anno
1623 839 1850 925 primo.

725 1084 906 1155 431.
945 1087 1126 1153 1227
1179 1090 1436 1173 auqmti
1482 1090 1525 1153 5
1593 1088 1949 1175 Anaqniae.
2064 1084 2406 1174 Greqonus
2459 1088 2565 1154 IX
2631 1092 2855 1177 repetit
2930 1078 2993 1153 n.
3046 1086 3187 1155 427
3258 1088 3342 1153 de
3411 1085 3593 1151 1227

944 1195 1095 1259 iulii
1133 1194 1242 1260 31.

949 1325 1288 1411 Gregorius
1331 1332 1450 1394 eto.
1673 1326 2021 1411 Religiosos
2065 1328 2233 1394 viros
2282 1332 2397 1395 eto.
2475 1328 2708 1395 Datum
2752 1328 3045 1413 Anagnis
3086 1346 3287 1395 nonas
3336 1326 3591 1411 augusti

727 1432 1125 1520 pontificatus
1172 1434 1375 1501 nostri
1419 1454 1582 1500 anno
1628 1434 1852 1521 primo,

727 1682 908 1773 432.
949 1685 1130 1752 1227
1175 1707 1320 1771 any.
1353 1684 1397 1751 7
1441 1684 1779 1771 Anaqniae
1824 1683 1939 1771 (cf.
1975 1686 2155 1753 1227
2202 1710 2345 1773 auq.
2379 1686 2520 1768 12).
2594 1682 2938 1772 Greqorius
2964 1683 3070 1750 IX
3104 1686 3331 1772 repetit
3362 1683 3587 1751 Hono-

947 1795 1039 1858 rii
1067 1792 1190 1859 III
1223 1817 1288 1858 n.
1319 1793 1471 1859 410.

949 1924 1286 2009 Gregorius
1331 1930 1448 1993 eto.
1656 1924 1900 2003 Quanto
1945 1927 2189 1994 maiora
2232 1930 2348 1994 eto.
2413 1925 2650 1993 Datum
2678 1924 2970 2011 Anagnie
3012 1924 3103 1990 vii
3146 1923 3289 1991 idus
3334 1925 3591 2009 augusti

727 2030 1130 2119 pontificatus
1173 2033 1376 2100 nostri
1421 2052 1584 2099 anno
1628 2032 1854 2118 prime.

941 2166 1062 2217 eum
1096 2167 1239 2218 dato:
1285 2164 1522 2231 Anagnia
1556 2163 1588 2216 7
1623 2164 1693 2216 id.
1718 2181 1835 2230 aug.
1871 2180 1924 2230 p.
1945 2182 1997 2217 n.
2022 2183 2071 2217 a.
2098 2166 2143 2217 1.
2179 2184 2268 2229 οι·.,
2305 2165 2386 2217 oui
2420 2166 2569 2219 modo
2606 2166 2751 2217 deest
2783 2164 3057 2232 plumbum,
3092 2164 3145 2215 in
3182 2162 3388 2215 archivo
3424 2162 3589 2229 Regi-

727 2260 980 2307 montano.
1033 2254 1194 2305 Deest
1226 2253 1280 2304 in
1305 2253 1560 2319 originali:
1597 2261 1989 2320 vestrorumque.
2018 2284 2081 2294 —
2122 2256 2245 2307 Cum
2270 2256 2414 2308 dato:
2462 2254 2697 2323 Anagnis
2730 2254 2765 2305 2
2793 2255 2864 2308 id.
2900 2270 3017 2321 nug.
3053 2271 3104 2320 p.
3128 2270 3181 2305 n.
3204 2270 3253 2303 a.
3281 2254 3328 2303 1.
3366 2270 3443 2305 or.
3476 2268 3595 2305 eun

728 2342 865 2393 bulla
901 2352 953 2393 et
989 2342 1133 2409 signo
1169 2340 1496 2393 cancellariae
1530 2342 1589 2394 P.
1615 2340 1675 2393 B.
1711 2341 1912 2395 ibidem.

728 2570 906 2643 433.
947 2575 1123 2641 1227
1168 2598 1313 2662 auq-
1352 2576 1429 2641 11
1478 2575 1832 2661 Anaqniae.
1909 2572 2251 2661 (ἔφερον-ἐπ
2282 2575 2389 2642 IX
2427 2578 2651 2663 repetit
2691 2600 2757 2641 n.
2790 2574 2925 2641 426
2964 2576 3041 2639 de
3070 2574 3253 2641 1227
3296 2574 3451 2640 iulii
3474 2574 3587 2640 30.

949 2714 1286 2801 Gregorius
1343 2722 1459 2783 ete.
1683 2716 1833 2783 Paci
1890 2722 1957 2784 et
2010 2716 2205 2802 quieti
2260 2722 2377 2785 eto.
2458 2716 2695 2784 Datum
2748 2716 2821 2783 iii
2876 2714 3019 2783 idus
3076 2716 3323 2801 augusti
3374 2716 3589 2803 ponti-

727 2822 949 2890 ficatus
992 2824 1195 2889 nostri
1241 2843 1404 2890 anno
1449 2824 1674 2910 primo.

729 3044 906 3119 434.
947 3046 1135 3115 1227
1177 3070 1322 3134 any.
1354 3048 1444 3115 12
1486 3047 1840 3135 Anayniae.
1917 3036 2259 3135 Greqoriue
2292 3048 2399 3115 IX
2434 3050 2658 3135 repetit
2700 3070 2763 3113 n.
2796 3046 2932 3113 432
2974 3048 3052 3112 de
3080 3046 3263 3113 1227
3308 3069 3458 3133 any.
3488 3046 3555 3112 7.

951 3188 1288 3273 Gregorius
1333 3194 1449 3257 eto.
1675 3188 1920 3269 Quanto
1966 3190 2208 3257 maiora
2252 3195 2367 3258 eto.
2439 3189 2675 3256 Datum
2719 3186 3010 3273 Anagnis
3052 3188 3101 3254 ii
3141 3186 3285 3255 idus
3329 3188 3587 3273 augusti

727 3295 1128 3385 pontificatus
1173 3297 1374 3363 nostri
1419 3316 1580 3363 anno
1624 3298 1850 3384 primo.

732 3542 909 3614 435.
949 3546 1128 3613 1227
1171 3569 1315 3633 auq-
1357 3547 1447 3613 13
1491 3548 1846 3635 Anaqniae.
1931 3544 2276 3635 (ἔφερον-ιω
2317 3546 2425 3613 LX
2476 3547 2699 3634 repetit
2740 3545 3021 3612 Honorii
3056 3544 3180 3612 III
3222 3570 3288 3611 n.
3320 3544 3457 3613 385
3506 3548 3585 3612 de

950 3653 1129 3720 1223
1154 3654 1328 3738 febr.
1362 3655 1424 3721 1.

949 3783 1287 3870 Gregorius
1344 3791 1459 3854 eto.
1683 3784 1978 3854 Graviter
2030 3784 2241 3852 oeulos
2297 3790 2413 3853 eto.
2506 3784 2744 3852 Datum
2786 3784 3079 3871 Anagnie
3133 3785 3275 3853 idus
3329 3786 3579 3871 augusti

729 3891 1129 3981 pontificatus
1172 3894 1374 3961 nostri
1420 3914 1582 3960 anno
1629 3894 1851 3980 primo.

811 4022 814 4026 ’
942 4026 1065 4077 Cum
1101 4026 1242 4077 dato:
1289 4026 1524 4093 Anagnis
1559 4026 1628 4079 id.
1663 4041 1780 4092 aug.
1817 4042 1866 4092 p.
1887 4041 1938 4077 n.
1964 4043 2011 4077 a.
2042 4025 2086 4077 1.
2134 4042 2207 4078 or.
2244 4040 2355 4077 eum
2402 4024 2541 4077 bulla
2587 4025 2641 4077 in
2682 4024 2881 4077 archivo
2926 4024 3321 4092 Regimontm03
3366 4024 3419 4089 1,
3453 4025 3577 4079 81v.

729 4133 779 4167 n.
805 4114 874 4165 65
883 4133 900 4177 3
937 4114 1028 4177 IV,
1056 4114 1174 4166 198.
2976 4133 2983 4141 ·

730 4301 909 4375 436.
949 4304 1135 4370 1227
1180 4327 1323 4391 auq.
1349 4304 1438 4371 18
1465 4304 1804 4390 Anayniae
1834 4300 1950 4388 (cf.
1978 4302 2153 4369 1235
2196 4323 2337 4368 nov.
2362 4300 2501 4383 28).
2566 4298 2909 4388 Greqon'us
2933 4300 3039 4367 IX
3065 4304 3363 4384 concedit,
3414 4305 3579 4390 quod

929 4412 1176 4499 fratres
1243 4414 1484 4477 ordinis
1549 4410 1918 4477 Theutonici
1982 4412 2071 4475 ad
2124 4410 2417 4497 epistolas
2471 4410 2851 4497 apostolicas
2908 4412 2985 4475 de
3037 4410 3391 4497 privileyiis
3448 4414 3573 4477 eim

950 4519 1308 4605 apostolicis
1351 4542 1480 4585 non
1521 4520 1940 4607 respondeant
1980 4520 2113 4583 nisi
2153 4519 2230 4583 de
2274 4519 2492 4583 ordine
2534 4517 2799 4603 speciali
2820 4518 3014 4603 facta
3054 4521 3379 4584 nmatione.

953 4658 1289 4745 Gregorius
1347 4660 1675 4748 episeopus
1731 4679 1950 4727 servus
2004 4678 2328 4727 servorum
2375 4658 2476 4725 dei
2524 4657 2766 4725 dilectis
2812 4656 2957 4723 filiis
3002 4658 3303 4743 magistro
3348 4664 3414 4727 et
3453 4660 3573 4728 fra-

730 4768 930 4836 tribus
977 4767 1306 4856 hospitalis
1352 4774 1565 4835 sancte
1607 4766 1807 4835 Mario
1835 4766 2354 4835 Theotonicorum
2402 4764 2886 4832 Ierosolimitani
2930 4765 3197 4833 salutem
3239 4772 3303 4834 et
3331 4774 3573 4855 aposto—

727 4875 913 4942 lieum
982 4874 1495 4943 benedictionem.
1729 4874 1938 4953 Quieti
1993 4878 2201 4941 vestre
2256 4872 2585 4962 providere
2640 4872 2921 4941 volentes
2977 4874 3347 4942 auctoritate
3402 4876 3573 4943 vobis

729 4982 1122 5071 presencium
1166 4983 1584 5069 indulgemus,
1627 4986 1720 5068 ut,
1765 4982 1822 5049 si
1865 4987 2085 5050 eontra
2128 5002 2239 5049 vos
2285 5002 2475 5071 super
2518 4980 2662 5067 hiis,
2708 5000 2831 5068 que
2876 4980 3081 5048 ordini
3128 4988 3335 5050 vestro
3366 5002 3407 5049 a
3434 4982 3573 5050 sede
