3892 5609
743 300 836 370 27
845 302 894 371 4
1712 312 2135 363 Pom-mmm
2180 314 2625 379 Romanorum

742 472 783 554 (
777 472 854 538 In
883 474 1112 558 foma
1155 472 1417 561 styma).-
1467 471 1733 541 Sanctus
1777 472 2021 543 Petrus.
2082 475 2347 545 Sanctus
2393 474 2645 543 Paulus.
2684 514 2767 525 -—
2798 476 3115 545 Honorius
3159 496 3331 563 papa
3370 474 3475 544 111.
3508 510 3595 524 --

1497 578 1734 649 Perfice
1777 602 2028 667 gressus
2075 604 2248 651 meos
2294 584 2361 651 in
2408 584 2651 652 semitis
2694 586 2839 652 tuis.

1917 688 2111 771 (Bene
2154 690 2405 775 valete.)

956 792 1092 877 Ego
1137 790 1452 859 Honorius
1499 794 1802 863 catholice
1847 797 2107 865 ecclesie
2152 800 2502 887 episcopus.

961 899 1098 983 Ego
1145 900 1484 968 Nicholaus
1531 902 1918 971 Tusculanus
1966 905 2317 994 episcopus.

953 1006 1090 1092 Ego
1139 1006 1342 1075 Guido
1387 1006 1796 1078 Prenestinus
1841 1014 2191 1101 episcopus.

953 1114 1090 1199 Ego
1135 1114 1318 1199 Hugo
1362 1115 1715 1185 Hostiensis
1761 1124 1826 1186 et
1871 1118 2275 1188 Velletrensis
2322 1122 2673 1209 episcopus.

953 1221 1089 1306 Ego
1135 1221 1425 1306 Pelagius
1471 1224 1850 1293 Albanensis
1895 1229 2247 1316 episcopus.

953 1328 1091 1413 Ego
1137 1328 1472 1397 Centhius⁶
1517 1332 1688 1399 tituli
1731 1336 1931 1401 sancti
1976 1334 2301 1403 Laurentii
2346 1337 2413 1402 in
2458 1334 2701 1405 Lucina
2742 1333 3055 1423 presbiter
3098 1330 3459 1399 cardinalis.

954 1435 1090 1520 Ego
1133 1434 1262 1503 Leo
1308 1437 1476 1505 tituli
1521 1444 1734 1507 sancte
1780 1443 1983 1509 crucis
2029 1444 2097 1509 in
2142 1442 2483 1511 Ierusalem
2528 1443 2838 1531 presbiter
2881 1440 3241 1509 cardinalis.

951 1541 1089 1627 Ego
1127 1540 1435 1612 Robertus
1490 1546 1659 1613 tituli
1703 1550 1902 1615 sancti
1952 1548 2253 1637 Stephani
2298 1552 2362 1617 in
2410 1550 2581 1618 Gelio
2624 1554 2837 1617 monte
2880 1547 3193 1636 presbiter
3234 1544 3596 1613 cardinalia

875 1662 878 1669 ·
953 1648 1089 1734 Ego
1137 1649 1491 1736 Stephanus
1537 1652 1795 1721 basilice
1839 1656 2167 1724 duodecim
2214 1658 2640 1746 apostolorum
2685 1656 2997 1745 presbiter
3040 1654 3399 1722 cardinalis.

950 1755 1087 1841 Ego
1137 1756 1474 1843 Gregorius
1519 1760 1691 1827 tituli
1737 1770 1953 1831 sancte
1998 1765 2336 1834 Anastasis
2380 1766 2691 1855 presbiter
2738 1763 3096 1833 cardinalis.

951 1862 1089 1948 Ego
1134 1864 1356 1933 Petrus
1402 1868 1572 1934 tituli
1617 1870 1820 1937 sancti
1863 1869 2191 1939 Laurentii
2236 1873 2304 1940 in
2348 1872 2624 1939 Damaso
2668 1871 2981 1960 presbiter
3024 1867 3383 1937 cardinalis.

949 1972 1087 2057 Ego
1134 1972 1405 2040 Thomas
1452 1975 1622 2042 tituli
1669 1984 1880 2045 sancte
1927 1978 2161 2047 Sabine
2206 1980 2519 2068 presbiter
2562 1978 2920 2047 cardinalis.

949 2078 1085 2163 Ego
1135 2078 1338 2147 Guido
1385 2084 1586 2149 sancti
1632 2084 1918 2153 Nicholai
1964 2087 2031 2153 in
2078 2106 2327 2155 carcere
2372 2085 2663 2153 Tulliano
2708 2086 3007 2153 diaconus
3052 2081 3413 2153 cardinalis.

951 2185 1088 2271 Ego
1135 2187 1515 2257 Octavianus
1561 2200 1921 2260 sanctorum
1968 2192 2171 2278 Sergii
2219 2200 2283 2261 et
2324 2194 2518 2262 Bachi
2562 2193 2861 2267 diaconus
2906 2184 3267 2261 cardinalis.

950 2293 1088 2377 Ego
1133 2294 1440 2363 Iohannes
1485 2304 1845 2367 sanctorum
1890 2299 2119 2368 Cosme
2164 2306 2227 2367 et
2268 2300 2565 2369 Damiani
2608 2300 2909 2368 diaconus
2950 2297 3311 2367 cardinalis.

947 2398 1084 2484 Ego
1131 2400 1470 2487 Gregorius
1515 2408 1715 2473 sancti
1761 2407 2069 2475 Theodori
2114 2406 2413 2476 diaconus
2458 2407 2815 2476 cardinalis.

947 2506 1084 2591 Ego
1128 2507 1460 2577 Rainerius
1506 2519 1720 2581 sancte
1765 2514 1963 2581 Marie
2008 2516 2077 2581 in
2130 2514 2453 2582 Cosmidin
2498 2515 2797 2583 diaconus
2840 2512 3196 2583 cardinalis.

947 2612 1084 2698 Ego
1131 2615 1448 2685 Romanus
1493 2621 1695 2687 sancti
1738 2621 1971 2706 Angeli
2014 2623 2317 2690 diaconus
2362 2622 2718 2690 cardinalis.

945 2719 1082 2806 Ego
1132 2722 1488 2812 Stephanus
1533 2728 1736 2795 sancti
1778 2728 2051 2796 Adriani
2096 2729 2393 2797 diaconus
2440 2728 2797 2797 cardinalis.

948 2826 1185 2896 Datum
1228 2830 1425 2899 Rome
1471 2836 1640 2921 apud
1685 2842 1971 2903 sanctum
2018 2834 2295 2922 Petrum,
2342 2856 2459 2923 per
2502 2858 2759 2904 manum
2802 2835 3061 2903 Ranerii
3104 2834 3341 2923 prioris
3384 2832 3588 2900 sancti

727 2932 1008 3002 Fridiani
1049 2935 1309 3023 Lucani,
1357 2948 1571 3008 sancte
1614 2941 1894 3011 Romane
1937 2944 2197 3011 ecclesie
2242 2944 2758 3029 vicecancellarii,
2805 2948 2984 3011 sexto
3028 2942 3173 3009 idus
3218 2940 3587 3024 decembris,

727 3042 1177 3111 incarnationis
1235 3046 1542 3115 dominice
1602 3069 1764 3117 anno
1822 3061 1914 3117 m⁰
1958 3062 2053 3118 cc‘·
2097 3050 2253 3135 xvi‘,
2310 3051 2651 3119 indictione
2695 3073 2758 3137 v,
2816 3049 3219 3139 pontificatus
3270 3069 3424 3117 vero
3479 3048 3589 3115 do-

727 3150 886 3216 mini
928 3150 1190 3218 Honorii
1235 3174 1402 3240 pape
1446 3155 1532 3222 III
1579 3176 1740 3225 anno
1787 3160 2012 3246 primo.

939 3266 981 3327 1,
1009 3265 1093 3317 ⁷7.
1145 3268 1224 3318 Ex
1261 3269 1491 3335 originali
1525 3270 1716 3324 bullato
1753 3273 1940 3325 archivi
1976 3273 2164 3326 ordinis
2188 3272 2501 3336 Theutonici,
2538 3272 2673 3340 quod
2708 3281 2789 3325 est
2806 3271 3159 3333 vindobonae,
3196 3270 3359 3323 edidit
3378 3270 3587 3323 Hennes

701 3354 780 3405 'in
807 3352 990 3406 Codice
1027 3354 1347 3421 diplomatico
1383 3358 1572 3412 ordinis
1607 3379 1648 3413 s.
1673 3362 1868 3415 Mariae
1891 3362 2325 3415 Thentonicorum.
2378 3362 2675 3429 Mogontine
2703 3362 2855 3413 1845.
2898 3361 2942 3423 1,
2968 3360 3038 3413 26
3070 3378 3125 3413 n.
3148 3360 3235 3413 25.
3288 3361 3349 3414 In
3386 3361 3587 3413 archivo

727 3442 1096 3509 Regimontano
1132 3455 1298 3497 exstat
1331 3456 1688 3501 transsumtum
1725 3450 1774 3503 d.
1801 3452 1851 3503 d.
1875 3452 2071 3504 Romae
2099 3451 2235 3503 1318
2271 3452 2435 3518 aug-1
2476 3450 2715 3517 scriptum
2754 3468 2878 3517 „per
2910 3467 3113 3501 manum
3137 3450 3415 3517 Augustini
3434 3451 3587 3512 Luce,

729 3550 769 3584 s.
795 3532 859 3583 R.
885 3550 930 3585 e.
957 3550 1007 3599 p.
1045 3534 1340 3586 auctoritate
1375 3538 1586 3599 notarii,
1633 3548 1782 3604 prout
1817 3540 1987 3593 inveni
2032 3542 2085 3593 in
2120 3541 2231 3608 ipso
2267 3540 2527 3608 privilegio
2561 3540 2785 3606 papali“,
2829 3557 2922 3607 per
2957 3548 3169 3606 quatuor
3204 3539 3331 3591 alios
3366 3539 3585 3591 notarios

729 3629 782 3671 et
821 3624 1142 3687 „rectorem“
1185 3623 1542 3689 auscultatum3
1589 3628 1934 3696 apographum
1978 3631 2142 3682 minus
2186 3632 2373 3682 bonum
2415 3628 2468 3679 in
2503 3628 2569 3680 A.
2600 3630 2665 3680 16
2708 3646 2761 3696 p.
2792 3628 2825 3679 5
2842 3627 2942 3679 -7
2976 3628 3108 3680 inter
3152 3628 3317 3679 bullas
3342 3628 3586 3689 Venetia

729 3719 982 3773 servatas3
1019 3710 1083 3762 A.
1115 3710 1180 3762 16
1215 3728 1266 3778 p.
1291 3713 1361 3763 42
1396 3714 1528 3766 inter
1561 3714 1735 3769 Batuli
1771 3728 2028 3782 servatam
2064 3720 2172 3771 sine
2208 3718 2327 3770 dato
2362 3718 2427 3771 B..
2458 3716 2559 3769 158
2600 3718 2681 3785 „in
2717 3716 2913 3769 Iuncis“
2954 3726 3009 3769 et
3040 3716 3106 3768 A.
3138 3716 3202 3769 16
3238 3735 3288 3784 p.
3314 3716 3387 3769 9⁷
3410 3734 3487 3784 sq.
3520 3746 3583 3755 —

735 3798 781 3849 1.
820 3798 972 3850 Canci
994 3798 1061 3851 H.
1204 3800 1254 3852 2.
1290 3801 1480 3869 Iaphac
1502 3804 1570 3856 Η.
1711 3807 1764 3858 3.
1801 3806 2007 3859 Cnfusin
2029 3806 2097 3859 Η.
2240 3808 2291 3859 4.
2326 3806 2482 3859 Becal
2516 3806 2586 3859 H.
2726 3806 2778 3858 5.
2816 3806 3129 3859 sanctissimo
3165 3806 3233 3858 Η.
3376 3807 3429 3859 6.
3466 3806 3581 3858 Cin-

595 3908 600 3915 ·
729 3886 863 3939 thius
898 3888 964 3939 B..
1281 3892 1343 3942 In
1377 3894 1822 3961 supscriptionibus
1859 3895 2067 3963 supple:
2105 3896 2378 3949 subscribo.

735 4094 908 4166 304.
949 4099 1125 4167 1216
1171 4100 1506 4167 decembris
1535 4103 1623 4169 19
1669 4103 1910 4169 Romae
1954 4126 2059 4191 ap.
2102 4102 2176 4170 S.
2208 4103 2487 4169 Petrum.
2566 4100 2891 4169 Honorius
2924 4103 3047 4169 III
3089 4104 3334 4187 ordinis
3382 4103 3581 4171 Theu-

951 4210 1148 4273 tom‘ci
1188 4209 1524 4275 desertores
1567 4232 1901 4298 eorumque
1934 4212 2233 4297 fautores
2276 4232 2537 4277 censura
2582 4211 2995 4277 ecclesiastica
3037 4214 3310 4277 coerceri
3346 4212 3529 4278 iubet.

949 4330 1266 4398 Honorius
1311 4333 1640 4421 episcopus
1698 4354 1916 4402 servus
1972 4354 2297 4401 servorum
2351 4334 2451 4401 dei
2506 4334 2969 4401 venerabilibus
3023 4334 3326 4403 fratribus
3384 4335 3581 4405 archi-

729 4438 1041 4525 episcopis
1088 4444 1153 4505 et
1195 4439 1527 4527 episcopis,
1575 4447 1640 4508 et
1669 4442 1910 4509 dilectis
1940 4441 2088 4509 filiis
2120 4442 2261 4509 aliis
2303 4441 2707 4509 ecclesiarum
2748 4441 3033 4529 prelatis,
3080 4442 3163 4509 ad
3191 4462 3349 4528 quos
3378 4442 3581 4511 littere

663 4542 668 4547 ’
727 4546 848 4611 iste
876 4546 1298 4631 pervenerint,
1330 4546 1596 4615 salutem
1629 4554 1694 4617 et
1722 4549 2131 4637 apostolicam
2162 4550 2678 4618 benedictionem.
2956 4548 3115 4616 Cum
3144 4549 3391 4618 dilectis
3416 4549 3579 4633 filiis,

727 4652 1027 4720 fratribus
1073 4653 1402 4742 hospitalis
1448 4662 1663 4722 sancte
1707 4656 1904 4725 Marie
1951 4657 2469 4725 Theotonicorum
2515 4654 3016 4741 Ierosolimitani,
3062 4678 3102 4723 a
3144 4658 3295 4725 sede
3334 4662 3581 4744 aposto·

725 4758 850 4825 lica
893 4760 978 4826 sit
1019 4760 1354 4846 indultum,
1401 4768 1474 4829 ut
1517 4781 1732 4831 eorum
1777 4764 2079 4832 fratribus
2122 4770 2269 4852 post
2310 4765 2543 4832 factam
2572 4764 2642 4831 in
2672 4784 2888 4831 eorum
2916 4763 3102 4830 domo
3130 4763 3577 4852 professionem

727 4867 862 4933 sine
919 4868 1202 4955 ipsorum
1257 4869 1520 4936 licencia
1574 4890 1699 4937 non
1755 4871 1944 4939 liceat
2000 4872 2320 4939 discedere
2376 4870 2455 4938 ab
2514 4870 2765 4955 eadem3
2834 4890 2950 4959 per
3008 4870 3355 4959 apostolica
3406 4870 3576 4937 vobis

727 4976 965 5061 scripta
1009 4977 1413 5061 mandamus,
1461 4984 1768 5063 quatenus
1815 4977 2153 5047 eorundem
2196 4980 2457 5065 fratres,
2504 4998 2661 5065 quos
2704 4978 2785 5045 ab
2829 4980 3111 5066 ipsorum
3157 4977 3343 5047 domo
3386 4977 3577 5045 disce-
