3892 5609
1125 305 1354 354 mmm
1400 302 1683 356 emon.
1753 307 2086 356 mmmm.
2157 304 2423 356 crenus
3057 298 3148 370 12
3164 299 3200 369 1

338 466 529 534 nardi
572 463 817 549 divitis,
874 469 939 530 et
980 484 1170 532 unam
1218 466 1505 550 domum,
1552 487 1675 552 que
1720 471 1817 534 est
1860 471 2032 536 retro
2077 468 2334 535 domum
2380 465 2644 536 Galterii
2687 472 2910 536 contra
2951 467 3208 538 domum

341 573 669 659 Stephani.
738 569 873 638 Hec
917 576 1211 638 constant
1252 592 1289 639 c
1330 571 1641 642 bizantiis.
1688 603 1693 613 ·

563 677 724 745 Item
768 679 924 745 emit
967 678 1135 765 apud
1180 679 1503 746 dominum
1546 679 1829 747 Abraam
1874 680 2105 749 Furnir
2149 701 2341 748 unam
2389 682 2641 748 domum
2657 730 2678 766 ‚
2737 700 2858 766 que
2885 678 3001 748 ‘est
3043 681 3210 749 inter

341 787 601 853 domum
642 785 905 853 Martini
964 791 1029 852 et
1082 787 1251 852 inter
1306 793 1514 853 ortum
1560 785 1882 854 Guillelmi
1924 787 2235 872 Malinger
2293 794 2361 854 et
2413 793 2582 856 retro
2637 788 2892 854 domum
2947 788 3212 855 eandem

340 913 539 960 unum
586 899 791 960 ortum
838 912 1106 979 parvum
1158 895 1223 960 et
1264 893 1333 959 in
1378 914 1451 960 eo
1497 894 1654 961 duas
1700 895 2026 962 cisternas.
2108 894 2242 962 Hec
2286 900 2579 962 constant
2621 915 2656 961 c
2701 900 2766 962 et
2807 916 2852 960 x
2896 895 3206 962 bisantiis.

564 999 725 1067 Item
770 1000 925 1066 emit
968 1000 1048 1066 de
1092 999 1349 1066 domina
1392 997 1741 1068 Guncelina
1782 1021 1976 1067 unum
2025 1009 2253 1087 ortum,
2309 1002 2476 1088 quod
2522 1009 2618 1069 est
2662 1003 2854 1069 situm
2897 1000 3066 1068 ultra
3111 1021 3212 1068 or-

340 1112 481 1174 tum
526 1107 766 1174 domini
808 1105 983 1172 Petri
1024 1105 1367 1188 Marchise3
1414 1109 1582 1193 quod
1627 1113 1877 1174 constat
1916 1109 1988 1174 xi
2030 1107 2340 1176 bisantiis.

565 1213 724 1280 Item
770 1213 925 1279 emit
968 1212 1136 1299 apud
1179 1211 1521 1280 Iohannem
1564 1212 1766 1280 filium
1810 1212 2042 1282 Marini
2089 1216 2166 1282 de
2210 1215 2394 1282 Iader
2445 1235 2642 1281 unum
2694 1215 2966 1282 frustum
3021 1219 3210 1300 terre,

344 1319 515 1408 quod
558 1321 752 1386 situm
796 1325 895 1386 est
936 1319 1106 1386 ultra
1149 1320 1399 1386 vineam
1444 1320 1652 1387 Iacobi
1698 1321 1776 1387 de
1814 1321 2060 1408 Triple;
2113 1322 2280 1408 quod
2324 1327 2572 1388 constat
2615 1339 2652 1387 c
2695 1325 2760 1387 et
2801 1321 2824 1386 l
2871 1321 3177 1390 bisantiis.

567 1426 725 1493 Item
757 1427 911 1493 emit
942 1426 1108 1512 apud
1139 1426 1463 1494 dominum
1495 1426 1837 1494 Henricum
1869 1428 2366 1516 dispensatorem
2415 1428 2696 1514 episcopi
2741 1448 2931 1493 unam
2963 1429 3212 1495 vineam

344 1536 537 1601 sitam
588 1535 658 1599 in
704 1534 811 1598 via
856 1531 1126 1619 Suphie‚
1184 1538 1249 1599 et
1305 1539 1403 1600 est
1446 1535 1741 1617 contigua
1784 1535 1969 1601 vinee
2013 1534 2307 1618 Galterii,
2365 1539 2430 1602 et
2483 1553 2677 1601 unam
2723 1534 2976 1601 domum
3023 1537 3214 1600 sitam

344 1645 569 1708 contra
612 1640 865 1706 domum
914 1639 1367 1726 archiepiscopi
1427 1644 1493 1706 et
1531 1645 1705 1706 retro
1715 1635 1758 1669 ⁸⁰
1808 1641 2063 1708 domum
2111 1641 2376 1709 eandem
2419 1661 2616 1708 unum
2661 1646 2867 1709 ortum
2913 1646 2979 1707 et
3020 1661 3212 1708 unam

344 1749 685 1816 cisternam
732 1747 921 1814 sitam
964 1765 1165 1832 prope
1208 1753 1415 1812 ortum
1460 1745 1715 1830 Rogerii
1766 1753 1831 1814 et
1874 1753 2006 1815 tres
2051 1748 2258 1836 petias
2301 1753 2504 1830 terre;
2561 1767 2692 1814 una
2733 1749 2860 1814 sita
2905 1752 3002 1813 est
3047 1748 3214 1833 apud

346 1854 675 1922 ecclesiam
707 1859 922 1920 sancte
952 1851 1150 1920 Marie
1178 1852 1579 1937 Magdalene3
1626 1853 1753 1920 alia
1795 1856 1961 1921 iacet
2006 1873 2196 1941 super
2225 1856 2476 1922 vineam
2519 1855 2736 1921 uxoris
2777 1854 3015 1920 domini
3045 1851 3214 1920 Mar-

240 1957 259 1979 “
342 1963 499 2044 tini3
547 1962 745 2027 tercia
788 1961 903 2027 sub
948 1960 1137 2026 vinea
1180 1959 1653 2046 archiepiscopi.
1723 1959 1859 2027 Hec
1902 1966 2196 2028 constant
2240 1961 2282 2026 d
2326 1961 2636 2028 bisantiis.

568 2067 728 2134 Item
774 2067 929 2132 emit
972 2065 1049 2132 de
1096 2067 1353 2133 domina
1394 2066 1640 2133 Iuliana
1680 2087 1874 2133 unam
1920 2067 2178 2135 domum
2224 2067 2412 2134 sitam
2465 2087 2664 2154 prope
2709 2067 2966 2133 domum
3009 2066 3218 2153 lepro-

347 2194 583 2258 sorum,
630 2193 753 2258 que
798 2173 1082 2240 constitit
1122 2170 1269 2239 viii⁴
1311 2173 1621 2240 bisantiis.

570 2279 730 2348 Item
777 2280 855 2346 de
885 2280 1144 2354 domina
1171 2278 1518 2364 Margarita
1562 2281 1683 2347 duo
1726 2279 1932 2346 frusta
1976 2287 2144 2352 terre
2189 2285 2255 2348 et
2291 2282 2364 2348 iii
2395 2282 2614 2348 domos
2661 2284 2726 2347 et
2767 2299 2964 2347 unum
3009 2285 3218 2346 ortum

346 2407 465 2474 pro
510 2386 670 2454 lxxx
716 2391 781 2452 et
823 2408 861 2453 v
908 2387 1216 2453 bisantiis.

572 2492 732 2560 Item
778 2493 933 2559 emit
976 2513 1016 2559 a
1059 2491 1395 2560 Guilleimo
1443 2491 1693 2560 Tabach
1740 2489 1897 2558 duas
1944 2493 2159 2560 vineas
2175 2490 2196 2524 ⁸
2243 2499 2310 2560 et
2351 2513 2546 2560 unum
2591 2499 2799 2559 ortum
2845 2493 3014 2579 apud
3058 2492 3220 2560 The-

346 2621 494 2666 rum
538 2605 603 2666 et
647 2619 841 2666 unum
890 2599 1083 2665 alium
1132 2598 1301 2686 apud
1342 2606 1643 2666 turonum
1687 2618 2138 2685 suspensorum
2184 2605 2250 2667 et
2291 2619 2484 2666 unam
2529 2600 2786 2667 domum
2829 2619 2945 2686 pro
2991 2619 3028 2666 c
3057 2605 3122 2666 et
3151 2599 3221 2666 lx

348 2706 658 2774 bisantiis.

574 2813 731 2879 Item
778 2833 817 2879 a
858 2811 1162 2880 Robelino
1214 2811 1345 2878 filio
1390 2809 1715 2878 Guillelmi
1770 2813 2003 2879 sutoris
2057 2833 2251 2880 unam
2295 2813 2544 2880 vineam
2589 2832 2718 2899 ‚pro
2764 2831 2800 2879 c
2844 2817 2909 2879 et
2950 2832 3081 2878 xxv
3127 2811 3221 2879 bi-

348 2920 595 2988 santiis.

572 3027 734 3094 Item
778 3045 817 3090 a
860 3026 1073 3113 pueris
1119 3025 1357 3092 domini
1385 3023 1693 3092 Bernardi
1722 3023 1956 3092 Divitis
2003 3029 2068 3092 et
2096 3023 2399 3093 Reinaldo
2437 3026 2678 3093 sororio
2723 3045 2941 3095 eorum
2987 3025 3222 3092 medie-

348 3139 549 3201 tatem
594 3133 782 3199 unius
827 3131 1173 3199 molendini
1214 3151 1332 3218 pro
1380 3142 1534 3198 xxx·
1578 3132 1887 3199 bisantiis.

574 3239 735 3307 Item
782 3259 821 3305 a
862 3238 1137 3305 Iohanne
1182 3238 1351 3305 Rosa
1392 3238 1648 3305 domum
1694 3258 1886 3305 unam
1930 3257 2048 3325 pro
2096 3259 2177 3304 xv
2224 3238 2534 3306 bisantiis.

577 3345 737 3412 Item
785 3367 823 3411 a
864 3344 1130 3430 Poncio,
1177 3345 1307 3412 filio
1352 3346 1641 3429 magistri
1683 3344 1942 3413 Roberti
1988 3343 2067 3411 de
2111 3344 2314 3428 Ianie,
2351 3365 2565 3428 dinam
2609 3347 2858 3412 vineam
2905 3349 2970 3412 et
3013 3349 3222 3412 ortum

356 3459 421 3521 et
472 3473 669 3520 unam
726 3452 984 3518 domum
1038 3457 1103 3518 et
1161 3472 1349 3519 unam
1410 3454 1747 3518 cisternam
1805 3457 1869 3518 et
1923 3457 2124 3518 totam
2179 3452 2594 3520 hereditatem
2651 3471 2831 3518 suam
2873 3471 3001 3538 pro
3047 3469 3118 3518 cc
3160 3456 3226 3519 et

354 3561 445 3627 xl·
490 3559 799 3629 bisantiis.

578 3667 735 3734 Item
781 3687 820 3733 a
865 3667 1116 3733 domino
1152 3665 1420 3734 Rodulfo
1466 3665 1668 3732 milite
1699 3663 2084 3732 Theutonico
2127 3663 2342 3731 unum·
2371 3671 2579 3733 ortum
2625 3669 2772 3732 ante
2816 3671 3024 3732 ortum
3069 3685 3224 3752 pue-

354 3794 571 3841 rorum
614 3773 831 3840 fratris
872 3773 1105 3840 Franci
1150 3792 1347 3859 prope
1392 3772 1609 3838 villam
1654 3791 1769 3858 pro
1814 3771 1839 3837 l
1883 3771 2194 3838 bisantiis.
2481 3801 2484 3805 ·

580 3879 739 3948 Item
798 3879 1065 3947 emimus
1118 3879 1533 3947 hereditatem
1588 3877 1883 3946 Bonicasi
1940 3897 2058 3964 pro
2115 3897 2312 3944 uxore
2371 3897 2488 3944 sua
2542 3881 2607 3942 et
2662 3877 2914 3943 domino
2968 3877 3227 3944 Andrea

356 3987 679 4072 Burguino
725 3992 789 4055 et
832 4007 1030 4054 uxore
1076 4006 1191 4052 sua
1234 3991 1300 4052 et
1344 3984 1613 4052 Henrico
1658 3983 1789 4051 filio
1836 4005 2054 4052 eorum
2101 4003 2218 4070 pro
2265 4001 2406 4050 cccc
2448 3982 2759 4050 bisantiis.

569 4110 649 4161 De
684 4109 967 4176 Kyssereth
1003 4117 1055 4160 et
1088 4109 1289 4160 Manus.
1360 4091 1517 4159 Item
1564 4111 1601 4157 a
1646 4091 1900 4157 domino
1946 4090 2226 4157 Iohanne
2271 4091 2350 4157 de
2395 4087 2656 4176 Chanay
2701 4089 2966 4156 emimus
3011 4089 3225 4156 Kisse-

355 4201 499 4268 reth
546 4204 611 4267 et
650 4199 876 4267 Mahus
920 4219 1035 4285 pro
1082 4219 1276 4264 mmm
1323 4203 1387 4264 et
1430 4197 1579 4264 dccc
1621 4198 1933 4265 bisantiis.
2229 4193 2351 4282 [Cf.
2391 4199 2564 4265 1230
2607 4201 2726 4264 oct.
2774 4217 2837 4282 p.
2871 4197 2954 4264 57
2995 4217 3059 4262 n.
3090 4195 3224 4282 73.]

566 4321 648 4374 De
686 4322 882 4388 saphet,
918 4321 1177 4374 eadamor.
1235 4303 1395 4372 Item
1440 4305 1594 4371 emit
1638 4304 1861 4371 domus
1908 4325 1947 4370 a
1989 4303 2245 4372 domina
2275 4301 2564 4371 Beati-icc
2609 4301 2740 4369 filia
2769 4301 3031 4371 Galterii
3079 4309 3144 4370 et
3188 4324 3228 4370 a

358 4413 589 4480 marito
634 4412 769 4479 eius
816 4411 1054 4498 Saphet
1096 4411 1407 4478 Cadamor
1450 4431 1569 4498 pro
1613 4432 1676 4477 m
1723 4411 2036 4478 bisantiis.
2212 4408 2414 4495 [1236
2461 4429 2602 4493 aug.
2635 4413 2718 4477 10
2762 4431 2825 4497 p.
2859 4413 2946 4478 66
2990 4431 3053 4476 ιι.
3089 4408 3221 4495 84.]

570 4535 651 4587 Do
690 4535 964 4601 caffersyn.
1036 4518 1193 4586 Item
1224 4538 1431 4586 comes
1461 4517 1771 4586 Henricus
1818 4517 1993 4584 dedit
2037 4516 2216 4584 nobis
2261 4537 2458 4583 unum
2497 4517 2727 4602 casale,
2773 4516 2940 4604 quod
2969 4521 3228 4584 vocatur

358 4625 726 4713 Caphersin.
2311 4621 2513 4709 [1193
2557 4623 2714 4691 febr.
2761 4643 2824 4710 p.
2861 4625 2946 4691 25
2991 4645 3054 4691 n.
3089 4622 3226 4709 29]

580 4733 741 4800 Item
784 4731 951 4798 inter
994 4731 1153 4800 illud
1198 4732 1405 4799 casale
1450 4738 1514 4800 et
1542 4729 1749 4798 casale
1779 4730 2015 4799 Album
2059 4751 2251 4798 unam
2297 4731 2542 4818 peciam
2585 4737 2775 4814 terre,
2821 4750 3010 4816 quam
3057 4731 3231 4798 dedit

360 4840 577 4908 domui
621 4837 993 4906 Guillelmus
1040 4838 1118 4905 de
1162 4838 1499 4923 Amigdala
1544 4843 1609 4907 et
1652 4859 1813 4906 uxor
1859 4859 1996 4923 sua,
2039 4837 2174 4906 filia
2217 4838 2464 4906 comitis
2508 4837 2816 4906 loscelini.

2347 4941 2554 5029 [1200
2597 4950 2716 5012 oct.
2763 4965 2828 5032 p.
2863 4945 2942 5012 31
2993 4963 3055 5012 ιι.
3089 4941 3226 5028 39.]
