3892 5609
1351 340 1740 390 rnrvrnmn
1783 341 2171 390 cumam
3022 331 3175 402 455

327 503 688 586 receptaret
719 498 820 566 vel
867 500 954 568 eis
999 499 1278 568 favorem
1324 505 1653 588 prestaret,
1699 506 1912 588 preter
1947 521 2143 588 penas
2184 522 2227 568 a
2268 501 2461 570 saeris
2507 500 2847 568 canonibus
2895 521 2969 569 ac
3011 500 3181 586 lega-

328 606 500 673 libus
545 608 969 676 sanctionibus
1016 610 1082 675 in
1129 607 1286 674 tales
1332 607 1602 676 inflictas
1644 629 1718 675 eo
1762 608 1900 695 ipso
1945 609 2312 676 redderetur
2356 609 2607 675 infamis
2645 629 2718 675 ac
2745 609 2917 675 omni
2946 609 3181 676 honore

327 715 618 800 privatus
661 735 776 782 nec
821 715 902 781 ad
944 715 1180 802 placita
1213 715 1313 782 vel
1356 715 1618 782 consilia
1643 716 1949 783 nobilium
1981 715 2412 783 admitteretur
2442 715 2878 799 quovism0d03
2922 715 3180 782 hortans

329 821 592 908 insuper
634 821 703 887 in
749 822 1000 889 domino
1047 828 1110 890 et
1153 815 1478 908 ret‘luirens
1523 823 1976 890 ecclesiasticos
2022 822 2299 909 prelatos
2344 821 2567 888 inillis
2596 821 2901 908 partibile,
2946 823 3013 888 in
3044 823 3180 907 qui-

329 928 452 996 bus
483 927 1016 995 committerentur
1045 929 1220 1012 talia,
1251 931 1642 1015 constitutos,
1687 935 1759 996 ut
1785 930 1989 1015 legem
2017 927 2409 1017 imperialem
2439 928 2793 996 huiusmodi
2821 949 2935 1014 per
2965 949 3180 995 eorum

331 1035 628 1104 eeclesias
673 1040 738 1102 et
779 1036 1048 1122 synodos
1093 1036 1514 1123 publicarent,
1571 1054 1652 1104 ne
1707 1043 2199 1120 transgressores
2254 1035 2611 1102 huiusmodi
2666 1055 2780 1122 per
2823 1034 3181 1102 simulatam

329 1143 759 1226 ignoranciam
807 1163 986 1210 suam
1031 1141 1312 1210 valerent
1355 1143 1420 1210 in
1465 1143 1583 1211 hae
1625 1150 1808 1232 parte
1849 1143 2165 1210 maliciam
2212 1162 2538 1226 excusare,
2598 1147 2787 1228 prout
2837 1143 2902 1209 in
2950 1143 3181 1210 consti-

329 1250 686 1318 tucionibus
731 1256 798 1317 et
839 1250 1262 1318 sanctionibus
1307 1250 1712 1319 conciliorum
1758 1257 1822 1318 et
1863 1250 2125 1317 Honorii
2172 1249 2591 1337 predictorum
2638 1267 2711 1314 ac
2749 1249 3181 1335 imperialibus

331 1358 596 1444 prefatis
641 1357 888 1445 plenius
933 1359 1303 1426 continetur.
1374 1357 1529 1424 Cum
1579 1363 1818 1442 autem,
1866 1357 2031 1424 sicut
2072 1356 2459 1425 lamentabili
2504 1354 2758 1440 querela
2812 1354 3178 1424 dilectorum

332 1463 594 1532 ecclesie
639 1464 908 1532 filiorum
955 1465 1240 1548 magistri
1285 1470 1350 1532 et
1392 1465 1658 1532 fratrum
1703 1463 2035 1550 hospitalis
2083 1464 2263 1532 beate
2304 1463 2504 1530 Marie
2535 1463 3055 1530 Theotonicorum
3086 1463 3179 1530 Ie-

331 1571 747 1640 rosolimitani
793 1591 994 1658 nuper
1039 1573 1411 1658 accepimus,
1457 1571 1744 1638 nonnulli
1787 1571 2125 1658 principes,
2172 1571 2397 1654 duces,
2448 1569 2737 1654 comites,
2800 1569 3061 1637 barones
3108 1591 3183 1638 ac

335 1679 458 1746 alie
501 1679 810 1748 seculares
854 1683 1196 1765 potestates
1241 1679 1577 1746 earundem
1623 1677 2143 1746 constitucionum
2192 1681 2255 1744 et
2300 1677 2691 1743 sanctionum
2738 1677 3179 1744 canonicarum

334 1791 400 1853 et
441 1785 734 1870 legalium
779 1788 992 1854 forsan
1033 1786 1240 1870 ignari
1283 1791 1348 1852 et
1390 1791 1608 1852 eontra
1651 1785 1822 1872 ipsos
1855 1805 1894 1851 a
1925 1785 2225 1868 magistro
2256 1790 2321 1851 et
2348 1783 2649 1850 fratribus
2682 1783 2981 1869 predictis
3014 1804 3181 1851 com-

333 1895 606 1960 muniter
661 1895 762 1961 vel
816 1894 1067 1960 divisim
1124 1891 1330 1960 tallias
1389 1896 1453 1958 et
1505 1891 1782 1976 gabellas
1839 1897 1904 1958 et
1960 1892 2115 1958 alias
2172 1891 2529 1958 exactiones
2584 1889 2837 1956 illicitas
2881 1890 3181 1958 hactenus

335 2002 714 2068 extorserint
758 2006 822 2067 et
865 1999 1067 2068 adhue
1111 2005 1482 2084 extorquere
1525 2000 1808 2066 nitantur
1865 2017 1938 2064 ac
1985 1999 2182 2065 eciam
2237 1996 2405 2064 bona
2456 1996 2743 2082 magistri
2798 2001 2863 2063 et
2914 1998 3180 2064 fratrum

334 2107 757 2192 predictorum
801 2107 1000 2174 eciam
1045 2107 1458 2174 communiter
1504 2105 1603 2173 vel
1651 2105 1900 2178 divisim
1945 2104 2324 2187 invaserint,
2380 2103 2859 2187 arrestaverint,
2915 2123 3180 2190 occupa-

333 2214 569 2298 verint,
625 2214 1006 2282 detinuerint
1063 2220 1126 2283 et
1181 2215 1312 2280 suis
1357 2213 1572 2280 usibus
1633 2213 2119 2300 applicaverint,
2174 2230 2414 2278 necnon
2472 2230 2775 2298 occupare
2789 2261 2809 2294 ,
2865 2210 3181 2295 invadere,

335 2326 662 2404 arrestare,
709 2321 988 2388 ‘detinere
1033 2325 1098 2388 et
1141 2321 1378 2388 eisdem
1421 2320 1636 2388 usibus
1681 2321 1812 2386 suis
1843 2319 2163 2408 applicare
2192 2317 2483 2386 similiter
2514 2319 2593 2386 de
2620 2319 2785 2386 facto
2816 2324 3184 2405 presumant

333 2427 400 2494 in
445 2429 798 2494 animarum
844 2447 1098 2494 suarum
1142 2426 1492 2515 periculum
1537 2447 1780 2494 necnon
1823 2427 2113 2510 magistri
2158 2431 2222 2492 et
2262 2426 2529 2492 fratrum
2586 2425 3007 2511 predictorum
3054 2445 3181 2492 non

333 2534 646 2602 modieum
691 2534 1100 2622 preiudicium
1148 2541 1334 2619 atque
1379 2535 1746 2620 dampnum3
1793 2554 1908 2600 nos
1953 2534 2110 2620 ipsis
2156 2533 2457 2616 magistro
2502 2537 2566 2598 et
2607 2532 2905 2600 fratribus
2935 2533 3000 2600 in
3034 2553 3174 2619 pre-

335 2641 544 2708 missis
589 2646 894 2727 oportune
939 2641 1266 2728 providere
1312 2641 1590 2708 volentes
1605 2689 1624 2725 ,
1670 2641 2054 2708 fraternitati
2105 2646 2309 2707 vestre
2352 2659 2467 2726 per
2510 2639 2626 2705 hec
2681 2644 2899 2706 nostra
2940 2640 3175 2727 scripta

333 2747 400 2814 in
443 2748 673 2814 virtute
717 2753 930 2816 sancte
973 2747 1328 2816 obediencie
1373 2747 1654 2816 districte
1701 2747 2100 2834 precipiendo
2146 2747 2537 2831 mandamus,
2584 2753 2887 2832 quatenus
2935 2768 3045 2814 vos
3077 2746 3175 2816 vel

333 2853 455 2921 duo
501 2858 613 2919 aut
651 2873 814 2921 unus
859 2861 1136 2923 vestrum
1181 2876 1294 2942 per
1339 2875 1450 2922 vos
1495 2854 1594 2928 vel
1639 2853 1832 2921 alium
1877 2873 1989 2922 seu
2034 2853 2191 2921 alios
2234 2853 2535 2936 magistro
2581 2860 2645 2921 et
2684 2854 2985 2922 fratribus
3030 2875 3173 2940 pre—

333 2961 516 3028 dictis
559 2963 974 3029 communiter
1017 2960 1117 3028 vel
1161 2962 1416 3029 divisim
1460 2966 1680 3030 contra
1725 2979 2148 3047 quoscumque
2191 2966 2683 3044 transgressores
2736 2967 2800 3027 et
2839 2959 3173 3028 violatores

333 3069 849 3136 constitucionum
919 3073 984 3135 et
1047 3071 1438 3136 sanctionum
1496 3069 1868 3158 earundem,
1937 3068 2379 3152 cuiuscumque
2436 3073 2668 3153 status,
2726 3067 3051 3152 dignitatis
3111 3075 3175 3136 et

333 3174 700 3242 excellentie
743 3176 996 3260 fuerint,
1042 3174 1310 3242 efficacis
1357 3175 1734 3242 defensionis
1780 3174 2014 3241 auxilio
2060 3175 2442 3261 assistentes,
2488 3194 2613 3241 non
2647 3175 3029 3262 permittatis
3066 3196 3171 3242 eos

331 3287 550 3350 contra
613 3283 942 3348 canonicas
1011 3288 1076 3348 et
1137 3281 1368 3366 legales
1425 3283 1778 3348 sanctiones
1836 3288 1900 3348 et
1954 3282 2433 3348 constituciones
2486 3282 2843 3348 huiusmodi
2896 3282 3172 3350 indebite

329 3390 650 3456 molestari
691 3408 932 3457 necnon
977 3389 1228 3456 easdem
1273 3389 1775 3474 constituciones,
1823 3388 1930 3456 ubi
1976 3394 2039 3456 et
2083 3389 2329 3474 quando
2376 3388 2670 3475 expedire
2698 3389 3002 3473 videritis,
3048 3389 3170 3456 sol-

329 3495 662 3582 lempniter
705 3495 1094 3582 publicantes
1121 3496 1369 3562 faciatis
1399 3501 1893 3580 transgressores
1926 3501 1991 3562 et
2019 3495 2353 3564 violatores
2384 3495 2759 3580 huiusmodi,
2807 3495 2863 3561 si
2891 3500 2956 3562 et
2982 3504 3173 3582 prout

329 3604 560 3670 iustum
605 3604 796 3670 fuerit
840 3623 912 3670 ac
957 3604 1064 3670 ubi
1109 3609 1172 3670 et
1217 3603 1508 3687 quociens
1556 3603 1922 3690 expedierit,
1970 3603 2212 3670 tamdiu
2256 3602 2820 3669 excommunicatos
2868 3608 2977 3669 aut
3021 3624 3169 3670 ana-

329 3710 766 3796 thematizatos
835 3709 1080 3796 publice
1145 3710 1460 3794 nunciari,
1529 3709 1725 3778 donec
1790 3711 1868 3778 ab
1924 3709 2260 3776 earundem
2328 3708 2676 3792 talliarum,
2746 3710 3167 3795 collectarum,

329 3817 805 3905 imposicionum
852 3822 915 3883 et
959 3817 1378 3902 quarumlibet
1423 3817 1845 3884 extorsionum
1878 3836 2121 3883 necnon
2150 3817 2452 3884 bonorum
2483 3816 2769 3900 magistri
2810 3823 2874 3884 et
2900 3817 3169 3884 fratrum

329 3925 746 4012 predictorum
792 3925 1145 4009 invasione,
1206 3925 1653 4008 arrestacione,
1709 3924 2151 4011 occupacione‚
2209 3922 2571 3990 detencione
2628 3929 2691 3990 et
2742 3924 3168 4010 appellacione

330 4033 581 4100 omnino
628 4031 964 4116 desistant,
1018 4051 1258 4099 necnon
1305 4031 1500 4098 eciam
1547 4029 1880 4098 efficaciter
1924 4031 2261 4097 restituant
2300 4029 2535 4096 eisdem
2582 4030 2882 4114 magistro
2937 4036 3001 4098 et
3039 4033 3167 4097 fra-

329 4139 528 4207 tribus
573 4139 896 4206 occasione
938 4140 1385 4226 premissorum
1432 4157 1544 4225 per
1591 4158 1694 4204 eos
1741 4137 2153 4204 communiter
2198 4137 2296 4203 vel
2352 4136 2602 4202 divisim
2657 4136 2805 4202 lesis
2862 4157 2972 4203 seu
3024 4159 3168 4222 gra-

330 4248 490 4314 vatis
535 4245 763 4331 tallias,
809 4245 1082 4330 gabellas
1129 4252 1192 4312 et
1235 4246 1590 4312 exactiones
1634 4247 1808 4330 ipsas
1855 4264 1928 4310 ao
1973 4244 2169 4310 eciam
2216 4244 2380 4311 bona
2440 4245 2725 4328 magistri
2780 4248 2845 4310 et
2898 4244 3162 4310 fratrum

329 4353 748 4440 predictorum
796 4358 1121 4438 arrestata,
1167 4357 1504 4440 occupata,
1551 4351 1806 4420 detenta
1850 4357 1914 4418 et
1960 4351 2275 4438 applicata
2316 4351 2728 4418 communiter
2774 4351 2869 4417 vel
2914 4351 3163 4417 divisim

328 4461 482 4547 ipsis
530 4465 671 4543 aut,
729 4479 850 4545 que
895 4481 1006 4546 per
1051 4482 1120 4528 se
1162 4461 1261 4528 vel
1306 4461 1464 4528 alios
1509 4459 1618 4525 illo
1671 4463 1964 4546 pretextu
2008 4458 2472 4544 quomodolibet
2512 4464 2901 4544 receperunt,
2954 4479 3164 4546 ymmo

331 4567 535 4634 verius
579 4573 816 4634 temere
861 4572 925 4633 et
967 4567 1184 4635 illicite
1229 4572 1632 4655 usurparunt,
1681 4585 1720 4632 a
1763 4587 1830 4634 se
1873 4564 2071 4634 libere
2118 4573 2181 4634 et
2224 4566 2475 4632 omnino
2521 4566 2806 4633 relaxent
2833 4587 2907 4634 ac
2934 4568 3001 4634 in
3032 4589 3165 4634 ma-

329 4674 508 4742 nibus
554 4675 779 4742 vestris
824 4674 1198 4760 iuraverint,
1257 4675 1422 4761 quod
1479 4675 1554 4741 de
1610 4679 1816 4741 cetero
1862 4672 2017 4740 talia
2060 4693 2185 4740 non
2232 4673 2603 4740 conmittant
2656 4679 2721 4740 et
2762 4695 2838 4741 ea
2882 4675 3165 4742 commit·-

329 4781 601 4848 tentibus
646 4801 769 4847 non
817 4788 1097 4869 prestent
1138 4783 1463 4866 auxilium,
1511 4781 1834 4850 eonsilium
1872 4781 1974 4848 vel
2015 4781 2315 4866 favorem,
2363 4780 2849 4848 contradictores
2878 4803 2990 4869 per
3021 4802 3164 4850 cen-

329 4907 540 4956 suram
595 4887 1076 4956 ecclesiastieam
1132 4896 1196 4956 et
1249 4889 1374 4956 alia
1431 4889 1586 4956 iuris
1643 4893 1954 4976 oportuna
2010 4889 2287 4958 remedia
2342 4889 2818 4976 compescendo,
2880 4890 3163 4958 invocato

330 4997 528 5064 eciam
572 4995 652 5064 ad
695 4995 813 5062 hoe
856 4997 912 5062 si
941 5016 1098 5083 opus
1125 4996 1318 5064 fuerit
1345 4994 1578 5062 auxilio
1610 4996 1846 5064 brachii
1877 4996 2196 5066 secularis.
2268 4996 2581 5082 Ceterum,
2626 4997 2682 5064 si
2708 4997 2921 5066 forsan
2950 4997 3164 5064 huius-
