<?xml version="1.0" encoding="UTF-8"?>
<!DOCTYPE html PUBLIC "-//W3C//DTD XHTML 1.0 Transitional//EN"
    "http://www.w3.org/TR/xhtml1/DTD/xhtml1-transitional.dtd">
<html xmlns="http://www.w3.org/1999/xhtml" xml:lang="en" lang="en">
 <head>
  <title>
</title>
<meta http-equiv="Content-Type" content="text/html;charset=utf-8" />
  <meta name='ocr-system' content='tesseract 3.04.00' />
  <meta name='ocr-capabilities' content='ocr_page ocr_carea ocr_par ocr_line ocrx_word'/>
</head>
<body>
  <div class='ocr_page' id='page_1' title='image "./tabulaeordinist00stregoog_0292.png"; bbox 0 0 3892 5609; ppageno 0'>
   <div class='ocr_carea' id='block_1_1' title="bbox 779 370 2669 447">
    <p class='ocr_par' dir='ltr' id='par_1_1' title="bbox 779 370 2669 447">
     <span class='ocr_line' id='line_1_1' title="bbox 779 370 2669 447; baseline -0.005 0"><span class='ocrx_word' id='word_1_1' title='bbox 779 377 821 447; x_wconf 82' lang='lat'>2</span> <span class='ocrx_word' id='word_1_2' title='bbox 837 376 878 446; x_wconf 84' lang='lat'>7</span> <span class='ocrx_word' id='word_1_3' title='bbox 891 377 932 447; x_wconf 92' lang='grc'><strong>6</strong></span> <span class='ocrx_word' id='word_1_4' title='bbox 1287 370 1300 391; x_wconf 85' lang='grc'><em>’</em></span> <span class='ocrx_word' id='word_1_5' title='bbox 1605 413 1620 423; x_wconf 84' lang='lat'>-</span> <span class='ocrx_word' id='word_1_6' title='bbox 1756 382 2182 439; x_wconf 61' lang='lat' dir='ltr'>roi-rumetum</span> <span class='ocrx_word' id='word_1_7' title='bbox 2226 389 2669 439; x_wconf 62' lang='lat' dir='ltr'>nomauonuu</span> 
     </span>
    </p>
   </div>
   <div class='ocr_carea' id='block_1_2' title="bbox 770 547 3657 5149">
    <p class='ocr_par' dir='ltr' id='par_1_2' title="bbox 770 547 3657 5149">
     <span class='ocr_line' id='line_1_2' title="bbox 775 547 3657 637; baseline 0 -24"><span class='ocrx_word' id='word_1_8' title='bbox 775 547 999 615; x_wconf 90' lang='lat' dir='ltr'>mitani</span> <span class='ocrx_word' id='word_1_9' title='bbox 1043 548 1300 632; x_wconf 89' lang='lat' dir='ltr'>eiusque</span> <span class='ocrx_word' id='word_1_10' title='bbox 1338 547 1637 614; x_wconf 88' lang='lat' dir='ltr'>fratribus</span> <span class='ocrx_word' id='word_1_11' title='bbox 1676 552 1810 615; x_wconf 88' lang='lat' dir='ltr'>tam</span> <span class='ocrx_word' id='word_1_12' title='bbox 1859 549 2256 635; x_wconf 78' lang='lat' dir='ltr'>presentibus</span> <span class='ocrx_word' id='word_1_13' title='bbox 2290 570 2476 635; x_wconf 89' lang='lat' dir='ltr'>quam</span> <span class='ocrx_word' id='word_1_14' title='bbox 2499 550 2745 627; x_wconf 70' lang='lat' dir='ltr'>‚futuris</span> <span class='ocrx_word' id='word_1_15' title='bbox 2790 550 2859 615; x_wconf 91' lang='lat' dir='ltr'>in</span> <span class='ocrx_word' id='word_1_16' title='bbox 2898 554 3297 637; x_wconf 89' lang='lat' dir='ltr'>perpetuum.</span> <span class='ocrx_word' id='word_1_17' title='bbox 3514 548 3657 614; x_wconf 85' lang='lat' dir='ltr'>Etsi</span> 
     </span>
     <span class='ocr_line' id='line_1_3' title="bbox 775 651 3655 743; baseline 0 -22"><span class='ocrx_word' id='word_1_18' title='bbox 775 675 980 741; x_wconf 90' lang='lat' dir='ltr'>neque</span> <span class='ocrx_word' id='word_1_19' title='bbox 1025 656 1132 740; x_wconf 91' lang='lat' dir='ltr'>qui</span> <span class='ocrx_word' id='word_1_20' title='bbox 1178 655 1424 742; x_wconf 87' lang='lat' dir='ltr'>plantat</span> <span class='ocrx_word' id='word_1_21' title='bbox 1465 676 1668 741; x_wconf 90' lang='lat' dir='ltr'>neque</span> <span class='ocrx_word' id='word_1_22' title='bbox 1715 656 1819 741; x_wconf 90' lang='lat' dir='ltr'>qui</span> <span class='ocrx_word' id='word_1_23' title='bbox 1866 657 2035 739; x_wconf 89' lang='lat' dir='ltr'>rigat</span> <span class='ocrx_word' id='word_1_24' title='bbox 2064 658 2149 724; x_wconf 89' lang='lat' dir='ltr'>sit</span> <span class='ocrx_word' id='word_1_25' title='bbox 2178 658 2435 743; x_wconf 89' lang='lat' dir='ltr'>aliquid,</span> <span class='ocrx_word' id='word_1_26' title='bbox 2484 657 2592 723; x_wconf 90' lang='lat' dir='ltr'>sed</span> <span class='ocrx_word' id='word_1_27' title='bbox 2626 658 2735 742; x_wconf 90' lang='lat' dir='ltr'>qui</span> <span class='ocrx_word' id='word_1_28' title='bbox 2778 657 3232 724; x_wconf 86' lang='lat' dir='ltr'>incrementum</span> <span class='ocrx_word' id='word_1_29' title='bbox 3263 656 3397 741; x_wconf 88' lang='lat' dir='ltr'>dat,</span> <span class='ocrx_word' id='word_1_30' title='bbox 3446 651 3655 738; x_wconf 85' lang='lat' dir='ltr'>deus¹,</span> 
     </span>
     <span class='ocr_line' id='line_1_4' title="bbox 773 760 3657 851; baseline 0 -23"><span class='ocrx_word' id='word_1_31' title='bbox 773 760 1050 829; x_wconf 89' lang='lat' dir='ltr'>humana</span> <span class='ocrx_word' id='word_1_32' title='bbox 1092 768 1304 829; x_wconf 89' lang='lat' dir='ltr'>tamen</span> <span class='ocrx_word' id='word_1_33' title='bbox 1351 763 1675 847; x_wconf 82' lang='lat' dir='ltr'>diligentia</span> <span class='ocrx_word' id='word_1_34' title='bbox 1709 763 2111 849; x_wconf 84' lang='lat' dir='ltr'>impensioris</span> <span class='ocrx_word' id='word_1_35' title='bbox 2156 784 2302 832; x_wconf 87' lang='lat' dir='ltr'>cure</span> <span class='ocrx_word' id='word_1_36' title='bbox 2346 764 2830 831; x_wconf 86' lang='lat' dir='ltr'>sollicitudinem</span> <span class='ocrx_word' id='word_1_37' title='bbox 2862 764 3047 831; x_wconf 88' lang='lat' dir='ltr'>debet</span> <span class='ocrx_word' id='word_1_38' title='bbox 3076 762 3453 851; x_wconf 84' lang='lat' dir='ltr'>impendere</span> <span class='ocrx_word' id='word_1_39' title='bbox 3484 764 3657 829; x_wconf 82' lang='lat' dir='ltr'>circa</span> 
     </span>
     <span class='ocr_line' id='line_1_5' title="bbox 773 868 3655 957; baseline -0.001 -20"><span class='ocrx_word' id='word_1_40' title='bbox 773 869 1057 957; x_wconf 75' lang='lat' dir='ltr'>plantaS,</span> <span class='ocrx_word' id='word_1_41' title='bbox 1115 891 1236 955; x_wconf 91' lang='lat' dir='ltr'>que</span> <span class='ocrx_word' id='word_1_42' title='bbox 1283 870 1485 936; x_wconf 88' lang='lat' dir='ltr'>adhuc</span> <span class='ocrx_word' id='word_1_43' title='bbox 1529 868 1772 936; x_wconf 83' lang='lat' dir='ltr'>novelle</span> <span class='ocrx_word' id='word_1_44' title='bbox 1817 870 2057 937; x_wconf 87' lang='lat' dir='ltr'>fructus</span> <span class='ocrx_word' id='word_1_45' title='bbox 2102 870 2325 939; x_wconf 89' lang='lat' dir='ltr'>uberes</span> <span class='ocrx_word' id='word_1_46' title='bbox 2386 870 2654 939; x_wconf 86' lang='lat' dir='ltr'>offerunt</span> <span class='ocrx_word' id='word_1_47' title='bbox 2708 876 2773 937; x_wconf 87' lang='lat' dir='ltr'>et</span> <span class='ocrx_word' id='word_1_48' title='bbox 2828 871 3148 939; x_wconf 86' lang='lat' dir='ltr'>uberiores</span> <span class='ocrx_word' id='word_1_49' title='bbox 3194 891 3311 937; x_wconf 91' lang='lat' dir='ltr'>suo</span> <span class='ocrx_word' id='word_1_50' title='bbox 3357 876 3655 956; x_wconf 83' lang='lat' dir='ltr'>tempore</span> 
     </span>
     <span class='ocr_line' id='line_1_6' title="bbox 772 971 3653 1065; baseline -0.001 -21"><span class='ocrx_word' id='word_1_51' title='bbox 772 979 1241 1064; x_wconf 88' lang='lat' dir='ltr'>repromittunt.</span> <span class='ocrx_word' id='word_1_52' title='bbox 1313 976 1470 1043; x_wconf 89' lang='lat' dir='ltr'>Cum</span> <span class='ocrx_word' id='word_1_53' title='bbox 1516 978 1708 1061; x_wconf 85' lang='lat' dir='ltr'>igitur</span> <span class='ocrx_word' id='word_1_54' title='bbox 1753 983 1962 1045; x_wconf 84' lang='lat' dir='ltr'>vestre</span> <span class='ocrx_word' id='word_1_55' title='bbox 2006 978 2327 1063; x_wconf 83' lang='lat' dir='ltr'>religionis</span> <span class='ocrx_word' id='word_1_56' title='bbox 2372 977 2621 1045; x_wconf 85' lang='lat' dir='ltr'>novella</span> <span class='ocrx_word' id='word_1_57' title='bbox 2676 971 2983 1065; x_wconf 82' lang='lat' dir='ltr'>plantatio</span> <span class='ocrx_word' id='word_1_58' title='bbox 3036 978 3222 1045; x_wconf 86' lang='lat' dir='ltr'>flores</span> <span class='ocrx_word' id='word_1_59' title='bbox 3282 982 3349 1045; x_wconf 83' lang='lat' dir='ltr'>et</span> <span class='ocrx_word' id='word_1_60' title='bbox 3404 978 3653 1043; x_wconf 87' lang='lat' dir='ltr'>fructus</span> 
     </span>
     <span class='ocr_line' id='line_1_7' title="bbox 775 1083 3655 1172; baseline -0 -22"><span class='ocrx_word' id='word_1_61' title='bbox 775 1083 984 1151; x_wconf 89' lang='lat' dir='ltr'>odoris</span> <span class='ocrx_word' id='word_1_62' title='bbox 1019 1091 1082 1151; x_wconf 88' lang='lat' dir='ltr'>et</span> <span class='ocrx_word' id='word_1_63' title='bbox 1110 1085 1455 1151; x_wconf 81' lang='lat' dir='ltr'>honestatis</span> <span class='ocrx_word' id='word_1_64' title='bbox 1488 1085 1864 1171; x_wconf 87' lang='lat' dir='ltr'>tempestiva</span> <span class='ocrx_word' id='word_1_65' title='bbox 1891 1085 2277 1153; x_wconf 77' lang='lat' dir='ltr'>fecunditate</span> <span class='ocrx_word' id='word_1_66' title='bbox 2307 1086 2679 1172; x_wconf 84' lang='lat' dir='ltr'>produxerit</span> <span class='ocrx_word' id='word_1_67' title='bbox 2708 1092 2773 1153; x_wconf 90' lang='lat' dir='ltr'>et</span> <span class='ocrx_word' id='word_1_68' title='bbox 2802 1087 2921 1153; x_wconf 89' lang='lat' dir='ltr'>deo</span> <span class='ocrx_word' id='word_1_69' title='bbox 2950 1088 3412 1152; x_wconf 88' lang='lat' dir='ltr'>incrementum</span> <span class='ocrx_word' id='word_1_70' title='bbox 3460 1085 3655 1150; x_wconf 75' lang='lat' dir='ltr'>dante</span> 
     </span>
     <span class='ocr_line' id='line_1_8' title="bbox 775 1192 3655 1280; baseline 0 -23"><span class='ocrx_word' id='word_1_71' title='bbox 775 1192 866 1257; x_wconf 88' lang='lat' dir='ltr'>sic</span> <span class='ocrx_word' id='word_1_72' title='bbox 900 1193 1206 1279; x_wconf 81' lang='lat' dir='ltr'>inceperit</span> <span class='ocrx_word' id='word_1_73' title='bbox 1237 1192 1595 1279; x_wconf 83' lang='lat' dir='ltr'>expandere</span> <span class='ocrx_word' id='word_1_74' title='bbox 1625 1212 1835 1259; x_wconf 87' lang='lat' dir='ltr'>ramos</span> <span class='ocrx_word' id='word_1_75' title='bbox 1868 1214 2035 1277; x_wconf 76' lang='lat' dir='ltr'>suoS,</span> <span class='ocrx_word' id='word_1_76' title='bbox 2080 1198 2154 1260; x_wconf 88' lang='lat' dir='ltr'>ut</span> <span class='ocrx_word' id='word_1_77' title='bbox 2197 1194 2578 1261; x_wconf 86' lang='lat' dir='ltr'>uberrimam</span> <span class='ocrx_word' id='word_1_78' title='bbox 2622 1193 2938 1261; x_wconf 81' lang='lat' dir='ltr'>fructuum</span> <span class='ocrx_word' id='word_1_79' title='bbox 2982 1195 3229 1280; x_wconf 88' lang='lat' dir='ltr'>copiam</span> <span class='ocrx_word' id='word_1_80' title='bbox 3270 1193 3655 1279; x_wconf 85' lang='lat' dir='ltr'>promittere</span> 
     </span>
     <span class='ocr_line' id='line_1_9' title="bbox 773 1299 3653 1387; baseline -0 -22"><span class='ocrx_word' id='word_1_81' title='bbox 773 1300 1092 1381; x_wconf 86' lang='lat' dir='ltr'>videatur3</span> <span class='ocrx_word' id='word_1_82' title='bbox 1139 1319 1275 1383; x_wconf 79' lang='lat' dir='ltr'>nOS,</span> <span class='ocrx_word' id='word_1_83' title='bbox 1323 1299 1432 1384; x_wconf 92' lang='lat' dir='ltr'>qui</span> <span class='ocrx_word' id='word_1_84' title='bbox 1463 1300 1749 1366; x_wconf 82' lang='lat' dir='ltr'>custodes</span> <span class='ocrx_word' id='word_1_85' title='bbox 1795 1300 1862 1365; x_wconf 92' lang='lat' dir='ltr'>in</span> <span class='ocrx_word' id='word_1_86' title='bbox 1909 1300 2225 1367; x_wconf 87' lang='lat' dir='ltr'>dominica</span> <span class='ocrx_word' id='word_1_87' title='bbox 2262 1301 2446 1367; x_wconf 87' lang='lat' dir='ltr'>vinea</span> <span class='ocrx_word' id='word_1_88' title='bbox 2489 1302 2682 1387; x_wconf 88' lang='lat' dir='ltr'>positi</span> <span class='ocrx_word' id='word_1_89' title='bbox 2728 1308 2793 1368; x_wconf 89' lang='lat' dir='ltr'>et</span> <span class='ocrx_word' id='word_1_90' title='bbox 2824 1302 3095 1368; x_wconf 88' lang='lat' dir='ltr'>cultores</span> <span class='ocrx_word' id='word_1_91' title='bbox 3136 1302 3305 1367; x_wconf 87' lang='lat' dir='ltr'>circa</span> <span class='ocrx_word' id='word_1_92' title='bbox 3335 1301 3653 1366; x_wconf 87' lang='lat' dir='ltr'>virtutum</span> 
     </span>
     <span class='ocr_line' id='line_1_10' title="bbox 773 1406 3655 1492; baseline 0 -21"><span class='ocrx_word' id='word_1_93' title='bbox 773 1406 1090 1492; x_wconf 84' lang='lat' dir='ltr'>plantaria</span> <span class='ocrx_word' id='word_1_94' title='bbox 1144 1408 1439 1473; x_wconf 88' lang='lat' dir='ltr'>debemus</span> <span class='ocrx_word' id='word_1_95' title='bbox 1497 1406 1912 1490; x_wconf 85' lang='lat' dir='ltr'>diligentioris</span> <span class='ocrx_word' id='word_1_96' title='bbox 1974 1407 2213 1474; x_wconf 90' lang='lat' dir='ltr'>culture</span> <span class='ocrx_word' id='word_1_97' title='bbox 2272 1428 2346 1473; x_wconf 86' lang='lat' dir='ltr'>ac</span> <span class='ocrx_word' id='word_1_98' title='bbox 2401 1428 2548 1474; x_wconf 86' lang='lat' dir='ltr'>cure</span> <span class='ocrx_word' id='word_1_99' title='bbox 2606 1408 2879 1474; x_wconf 88' lang='lat' dir='ltr'>studium</span> <span class='ocrx_word' id='word_1_100' title='bbox 2944 1408 3269 1491; x_wconf 89' lang='lat' dir='ltr'>adhibere,</span> <span class='ocrx_word' id='word_1_101' title='bbox 3328 1406 3655 1473; x_wconf 79' lang='lat' dir='ltr'>novellam</span> 
     </span>
     <span class='ocr_line' id='line_1_11' title="bbox 776 1512 3654 1604; baseline 0 -25"><span class='ocrx_word' id='word_1_102' title='bbox 776 1512 1233 1600; x_wconf 84' lang='lat' dir='ltr'>plantationem</span> <span class='ocrx_word' id='word_1_103' title='bbox 1281 1519 1552 1579; x_wconf 88' lang='lat' dir='ltr'>vestram</span> <span class='ocrx_word' id='word_1_104' title='bbox 1597 1534 1742 1580; x_wconf 91' lang='lat' dir='ltr'>rore</span> <span class='ocrx_word' id='word_1_105' title='bbox 1799 1514 2139 1601; x_wconf 89' lang='lat' dir='ltr'>apostolice</span> <span class='ocrx_word' id='word_1_106' title='bbox 2200 1516 2402 1599; x_wconf 87' lang='lat' dir='ltr'>gratie</span> <span class='ocrx_word' id='word_1_107' title='bbox 2456 1516 2723 1599; x_wconf 87' lang='lat' dir='ltr'>irrigare</span> <span class='ocrx_word' id='word_1_108' title='bbox 2776 1516 3188 1604; x_wconf 86' lang='lat' dir='ltr'>proponimus</span> <span class='ocrx_word' id='word_1_109' title='bbox 3242 1520 3309 1580; x_wconf 88' lang='lat' dir='ltr'>et</span> <span class='ocrx_word' id='word_1_110' title='bbox 3358 1514 3654 1581; x_wconf 87' lang='lat' dir='ltr'>fecundi-</span> 
     </span>
     <span class='ocr_line' id='line_1_12' title="bbox 779 1621 3656 1708; baseline -0 -22"><span class='ocrx_word' id='word_1_111' title='bbox 779 1626 975 1687; x_wconf 82' lang='lat' dir='ltr'>tatem</span> <span class='ocrx_word' id='word_1_112' title='bbox 1023 1621 1326 1687; x_wconf 90' lang='lat' dir='ltr'>bonorum</span> <span class='ocrx_word' id='word_1_113' title='bbox 1374 1640 1656 1708; x_wconf 90' lang='lat' dir='ltr'>operum,</span> <span class='ocrx_word' id='word_1_114' title='bbox 1705 1640 1830 1705; x_wconf 87' lang='lat' dir='ltr'>qua</span> <span class='ocrx_word' id='word_1_115' title='bbox 1861 1623 2031 1705; x_wconf 89' lang='lat' dir='ltr'>viget</span> <span class='ocrx_word' id='word_1_116' title='bbox 2066 1622 2146 1688; x_wconf 88' lang='lat' dir='ltr'>ad</span> <span class='ocrx_word' id='word_1_117' title='bbox 2190 1643 2451 1708; x_wconf 84' lang='lat' dir='ltr'>presens</span> <span class='ocrx_word' id='word_1_118' title='bbox 2498 1628 2563 1689; x_wconf 87' lang='lat' dir='ltr'>et</span> <span class='ocrx_word' id='word_1_119' title='bbox 2604 1622 2842 1707; x_wconf 82' lang='lat' dir='ltr'>vigebit</span> <span class='ocrx_word' id='word_1_120' title='bbox 2886 1622 3101 1688; x_wconf 88' lang='lat' dir='ltr'>divina</span> <span class='ocrx_word' id='word_1_121' title='bbox 3137 1621 3394 1688; x_wconf 86' lang='lat' dir='ltr'>favente</span> <span class='ocrx_word' id='word_1_122' title='bbox 3440 1622 3656 1705; x_wconf 86' lang='lat' dir='ltr'>gratia</span> 
     </span>
     <span class='ocr_line' id='line_1_13' title="bbox 773 1727 3653 1817; baseline 0 -24"><span class='ocrx_word' id='word_1_123' title='bbox 773 1728 842 1793; x_wconf 89' lang='lat' dir='ltr'>in</span> <span class='ocrx_word' id='word_1_124' title='bbox 885 1728 1201 1812; x_wconf 88' lang='lat' dir='ltr'>futurum,</span> <span class='ocrx_word' id='word_1_125' title='bbox 1247 1727 1567 1811; x_wconf 85' lang='lat' dir='ltr'>vigilantis</span> <span class='ocrx_word' id='word_1_126' title='bbox 1613 1747 1761 1795; x_wconf 85' lang='lat' dir='ltr'>cure</span> <span class='ocrx_word' id='word_1_127' title='bbox 1806 1728 2127 1815; x_wconf 90' lang='lat' dir='ltr'>impendio</span> <span class='ocrx_word' id='word_1_128' title='bbox 2176 1730 2490 1797; x_wconf 88' lang='lat' dir='ltr'>adiuvare.</span> <span class='ocrx_word' id='word_1_129' title='bbox 2566 1728 2955 1817; x_wconf 88' lang='lat' dir='ltr'>Eapropter,</span> <span class='ocrx_word' id='word_1_130' title='bbox 3012 1728 3225 1796; x_wconf 87' lang='lat' dir='ltr'>dilecti</span> <span class='ocrx_word' id='word_1_131' title='bbox 3270 1731 3342 1795; x_wconf 88' lang='lat' dir='ltr'>in</span> <span class='ocrx_word' id='word_1_132' title='bbox 3386 1728 3653 1793; x_wconf 89' lang='lat' dir='ltr'>domino</span> 
     </span>
     <span class='ocr_line' id='line_1_14' title="bbox 771 1833 3653 1921; baseline 0.001 -22"><span class='ocrx_word' id='word_1_133' title='bbox 771 1833 906 1918; x_wconf 81' lang='lat' dir='ltr'>filii,</span> <span class='ocrx_word' id='word_1_134' title='bbox 954 1836 1180 1901; x_wconf 90' lang='lat' dir='ltr'>vestris</span> <span class='ocrx_word' id='word_1_135' title='bbox 1225 1835 1408 1901; x_wconf 88' lang='lat' dir='ltr'>iustis</span> <span class='ocrx_word' id='word_1_136' title='bbox 1455 1834 1981 1921; x_wconf 88' lang='lat' dir='ltr'>postulationibus</span> <span class='ocrx_word' id='word_1_137' title='bbox 2028 1836 2369 1903; x_wconf 89' lang='lat' dir='ltr'>elementer</span> <span class='ocrx_word' id='word_1_138' title='bbox 2414 1838 2749 1904; x_wconf 85' lang='lat' dir='ltr'>annuimus</span> <span class='ocrx_word' id='word_1_139' title='bbox 2784 1840 2862 1904; x_wconf 90' lang='lat' dir='ltr'>&#39;et</span> <span class='ocrx_word' id='word_1_140' title='bbox 2904 1837 3160 1903; x_wconf 88' lang='lat' dir='ltr'>domum</span> <span class='ocrx_word' id='word_1_141' title='bbox 3208 1842 3494 1903; x_wconf 86' lang='lat' dir='ltr'>vestram</span> <span class='ocrx_word' id='word_1_142' title='bbox 3540 1856 3653 1902; x_wconf 88' lang='lat' dir='ltr'>seu</span> 
     </span>
     <span class='ocr_line' id='line_1_15' title="bbox 772 1939 3653 2030; baseline 0 -23"><span class='ocrx_word' id='word_1_143' title='bbox 772 1939 1106 2027; x_wconf 86' lang='lat' dir='ltr'>hospitale,</span> <span class='ocrx_word' id='word_1_144' title='bbox 1156 1942 1218 2007; x_wconf 92' lang='lat' dir='ltr'>in</span> <span class='ocrx_word' id='word_1_145' title='bbox 1267 1962 1390 2026; x_wconf 90' lang='lat' dir='ltr'>quo</span> <span class='ocrx_word' id='word_1_146' title='bbox 1436 1942 1586 2009; x_wconf 89' lang='lat' dir='ltr'>estis</span> <span class='ocrx_word' id='word_1_147' title='bbox 1633 1942 1711 2007; x_wconf 88' lang='lat' dir='ltr'>ad</span> <span class='ocrx_word' id='word_1_148' title='bbox 1769 1942 1872 2009; x_wconf 90' lang='lat' dir='ltr'>dei</span> <span class='ocrx_word' id='word_1_149' title='bbox 1930 1942 2178 2010; x_wconf 91' lang='lat' dir='ltr'>laudem</span> <span class='ocrx_word' id='word_1_150' title='bbox 2228 1945 2293 2010; x_wconf 87' lang='lat' dir='ltr'>et</span> <span class='ocrx_word' id='word_1_151' title='bbox 2346 1944 2611 2028; x_wconf 87' lang='lat' dir='ltr'>gloriam</span> <span class='ocrx_word' id='word_1_152' title='bbox 2656 1951 2847 2030; x_wconf 88' lang='lat' dir='ltr'>atque</span> <span class='ocrx_word' id='word_1_153' title='bbox 2898 1944 3323 2011; x_wconf 85' lang='lat' dir='ltr'>defensionem</span> <span class='ocrx_word' id='word_1_154' title='bbox 3384 1962 3653 2009; x_wconf 88' lang='lat' dir='ltr'>suorum</span> 
     </span>
     <span class='ocr_line' id='line_1_16' title="bbox 770 2048 3653 2137; baseline 0 -22"><span class='ocrx_word' id='word_1_155' title='bbox 770 2048 1050 2116; x_wconf 89' lang='lat' dir='ltr'>fidelium</span> <span class='ocrx_word' id='word_1_156' title='bbox 1105 2054 1167 2117; x_wconf 87' lang='lat' dir='ltr'>et</span> <span class='ocrx_word' id='word_1_157' title='bbox 1208 2048 1599 2117; x_wconf 87' lang='lat' dir='ltr'>liberandam</span> <span class='ocrx_word' id='word_1_158' title='bbox 1645 2048 1882 2117; x_wconf 88' lang='lat' dir='ltr'>Christi</span> <span class='ocrx_word' id='word_1_159' title='bbox 1929 2050 2259 2117; x_wconf 87' lang='lat' dir='ltr'>ecclesiam</span> <span class='ocrx_word' id='word_1_160' title='bbox 2301 2053 2697 2137; x_wconf 86' lang='lat' dir='ltr'>congregati,</span> <span class='ocrx_word' id='word_1_161' title='bbox 2752 2072 2893 2118; x_wconf 89' lang='lat' dir='ltr'>cum</span> <span class='ocrx_word' id='word_1_162' title='bbox 2950 2052 3238 2118; x_wconf 89' lang='lat' dir='ltr'>omnibus</span> <span class='ocrx_word' id='word_1_163' title='bbox 3293 2051 3653 2136; x_wconf 85' lang='lat' dir='ltr'>possessio-</span> 
     </span>
     <span class='ocr_line' id='line_1_17' title="bbox 771 2156 3651 2244; baseline 0 -21"><span class='ocrx_word' id='word_1_164' title='bbox 771 2157 956 2224; x_wconf 86' lang='lat' dir='ltr'>nibus</span> <span class='ocrx_word' id='word_1_165' title='bbox 1015 2162 1080 2223; x_wconf 91' lang='lat' dir='ltr'>et</span> <span class='ocrx_word' id='word_1_166' title='bbox 1135 2156 1314 2223; x_wconf 89' lang='lat' dir='ltr'>bonis</span> <span class='ocrx_word' id='word_1_167' title='bbox 1361 2157 1522 2241; x_wconf 79' lang='lat' dir='ltr'>suiS,</span> <span class='ocrx_word' id='word_1_168' title='bbox 1582 2178 1701 2243; x_wconf 90' lang='lat' dir='ltr'>que</span> <span class='ocrx_word' id='word_1_169' title='bbox 1745 2158 2303 2244; x_wconf 86' lang='lat' dir='ltr'>inpresentiarum.</span> <span class='ocrx_word' id='word_1_170' title='bbox 2332 2158 2613 2243; x_wconf 87' lang='lat' dir='ltr'>legitime</span> <span class='ocrx_word' id='word_1_171' title='bbox 2668 2158 2901 2227; x_wconf 90' lang='lat' dir='ltr'>habere</span> <span class='ocrx_word' id='word_1_172' title='bbox 2954 2159 3356 2243; x_wconf 84' lang='lat' dir='ltr'>cognoscitur</span> <span class='ocrx_word' id='word_1_173' title='bbox 3410 2164 3527 2223; x_wconf 85' lang='lat' dir='ltr'>aut</span> <span class='ocrx_word' id='word_1_174' title='bbox 3582 2158 3651 2223; x_wconf 88' lang='lat' dir='ltr'>in</span> 
     </span>
     <span class='ocr_line' id='line_1_18' title="bbox 770 2264 3652 2354; baseline -0 -24"><span class='ocrx_word' id='word_1_175' title='bbox 770 2264 1054 2332; x_wconf 87' lang='lat' dir='ltr'>futurum</span> <span class='ocrx_word' id='word_1_176' title='bbox 1099 2264 1498 2331; x_wconf 86' lang='lat' dir='ltr'>concessione</span> <span class='ocrx_word' id='word_1_177' title='bbox 1554 2264 1953 2351; x_wconf 85' lang='lat' dir='ltr'>pontificum,</span> <span class='ocrx_word' id='word_1_178' title='bbox 2010 2266 2387 2334; x_wconf 87' lang='lat' dir='ltr'>liberalitate</span> <span class='ocrx_word' id='word_1_179' title='bbox 2445 2286 2661 2349; x_wconf 88' lang='lat' dir='ltr'>regum</span> <span class='ocrx_word' id='word_1_180' title='bbox 2720 2266 2821 2333; x_wconf 86' lang='lat' dir='ltr'>vel</span> <span class='ocrx_word' id='word_1_181' title='bbox 2876 2267 3266 2354; x_wconf 87' lang='lat' dir='ltr'>principum,</span> <span class='ocrx_word' id='word_1_182' title='bbox 3324 2264 3652 2333; x_wconf 84' lang='lat' dir='ltr'>oblatione</span> 
     </span>
     <span class='ocr_line' id='line_1_19' title="bbox 771 2370 3649 2461; baseline 0.001 -24"><span class='ocrx_word' id='word_1_183' title='bbox 771 2370 1052 2438; x_wconf 84' lang='lat' dir='ltr'>fidelium</span> <span class='ocrx_word' id='word_1_184' title='bbox 1108 2392 1220 2439; x_wconf 90' lang='lat' dir='ltr'>seu</span> <span class='ocrx_word' id='word_1_185' title='bbox 1277 2371 1416 2439; x_wconf 85' lang='lat' dir='ltr'>aliis</span> <span class='ocrx_word' id='word_1_186' title='bbox 1479 2371 1663 2439; x_wconf 88' lang='lat' dir='ltr'>iustis</span> <span class='ocrx_word' id='word_1_187' title='bbox 1719 2374 1922 2439; x_wconf 91' lang='lat' dir='ltr'>modis</span> <span class='ocrx_word' id='word_1_188' title='bbox 1993 2379 2319 2460; x_wconf 86' lang='lat' dir='ltr'>prestante</span> <span class='ocrx_word' id='word_1_189' title='bbox 2376 2374 2628 2440; x_wconf 88' lang='lat' dir='ltr'>domino</span> <span class='ocrx_word' id='word_1_190' title='bbox 2690 2374 2925 2461; x_wconf 89' lang='lat' dir='ltr'>poterit</span> <span class='ocrx_word' id='word_1_191' title='bbox 2976 2372 3261 2461; x_wconf 82' lang='lat' dir='ltr'>adipisci,</span> <span class='ocrx_word' id='word_1_192' title='bbox 3308 2372 3430 2440; x_wconf 87' lang='lat' dir='ltr'>sub</span> <span class='ocrx_word' id='word_1_193' title='bbox 3474 2372 3649 2439; x_wconf 83' lang='lat' dir='ltr'>beati</span> 
     </span>
     <span class='ocr_line' id='line_1_20' title="bbox 771 2476 3649 2569; baseline 0 -24"><span class='ocrx_word' id='word_1_194' title='bbox 771 2476 947 2545; x_wconf 90' lang='lat' dir='ltr'>Petri</span> <span class='ocrx_word' id='word_1_195' title='bbox 993 2485 1057 2546; x_wconf 90' lang='lat' dir='ltr'>et</span> <span class='ocrx_word' id='word_1_196' title='bbox 1100 2484 1318 2546; x_wconf 86' lang='lat' dir='ltr'>nostra</span> <span class='ocrx_word' id='word_1_197' title='bbox 1360 2480 1748 2567; x_wconf 87' lang='lat' dir='ltr'>protectione</span> <span class='ocrx_word' id='word_1_198' title='bbox 1795 2480 2173 2567; x_wconf 88' lang='lat' dir='ltr'>suscipimus</span> <span class='ocrx_word' id='word_1_199' title='bbox 2220 2486 2286 2547; x_wconf 91' lang='lat' dir='ltr'>et</span> <span class='ocrx_word' id='word_1_200' title='bbox 2326 2483 2638 2569; x_wconf 89' lang='lat' dir='ltr'>presentis</span> <span class='ocrx_word' id='word_1_201' title='bbox 2694 2481 2917 2567; x_wconf 90' lang='lat' dir='ltr'>scripti</span> <span class='ocrx_word' id='word_1_202' title='bbox 2970 2480 3303 2568; x_wconf 82' lang='lat' dir='ltr'>privilegio</span> <span class='ocrx_word' id='word_1_203' title='bbox 3364 2498 3649 2547; x_wconf 89' lang='lat' dir='ltr'>commu-</span> 
     </span>
     <span class='ocr_line' id='line_1_21' title="bbox 775 2586 3647 2675; baseline 0.001 -23"><span class='ocrx_word' id='word_1_204' title='bbox 775 2586 985 2652; x_wconf 90' lang='lat' dir='ltr'>nimus</span> <span class='ocrx_word' id='word_1_205' title='bbox 1031 2592 1408 2672; x_wconf 86' lang='lat' dir='ltr'>statuentes,</span> <span class='ocrx_word' id='word_1_206' title='bbox 1467 2592 1540 2653; x_wconf 92' lang='lat' dir='ltr'>ut</span> <span class='ocrx_word' id='word_1_207' title='bbox 1585 2587 1905 2674; x_wconf 91' lang='lat' dir='ltr'>perpetuis</span> <span class='ocrx_word' id='word_1_208' title='bbox 1950 2589 2302 2674; x_wconf 86' lang='lat' dir='ltr'>futurisque</span> <span class='ocrx_word' id='word_1_209' title='bbox 2344 2588 2733 2675; x_wconf 86' lang='lat' dir='ltr'>temporibus</span> <span class='ocrx_word' id='word_1_210' title='bbox 2778 2588 2895 2655; x_wconf 89' lang='lat' dir='ltr'>sub</span> <span class='ocrx_word' id='word_1_211' title='bbox 2942 2588 3285 2675; x_wconf 86' lang='lat' dir='ltr'>apostolice</span> <span class='ocrx_word' id='word_1_212' title='bbox 3328 2586 3501 2653; x_wconf 87' lang='lat' dir='ltr'>sedis</span> <span class='ocrx_word' id='word_1_213' title='bbox 3548 2593 3647 2655; x_wconf 82' lang='lat' dir='ltr'>tu-</span> 
     </span>
     <span class='ocr_line' id='line_1_22' title="bbox 776 2692 3647 2781; baseline 0 -23"><span class='ocrx_word' id='word_1_214' title='bbox 776 2693 906 2760; x_wconf 89' lang='lat' dir='ltr'>tela</span> <span class='ocrx_word' id='word_1_215' title='bbox 965 2698 1029 2761; x_wconf 89' lang='lat' dir='ltr'>et</span> <span class='ocrx_word' id='word_1_216' title='bbox 1086 2694 1447 2763; x_wconf 85' lang='lat' dir='ltr'>defensione</span> <span class='ocrx_word' id='word_1_217' title='bbox 1491 2696 1857 2762; x_wconf 87' lang='lat' dir='ltr'>consistant.</span> <span class='ocrx_word' id='word_1_218' title='bbox 1943 2694 2293 2762; x_wconf 87' lang='lat' dir='ltr'>Statuimus</span> <span class='ocrx_word' id='word_1_219' title='bbox 2350 2696 2570 2781; x_wconf 90' lang='lat' dir='ltr'>etiam,</span> <span class='ocrx_word' id='word_1_220' title='bbox 2630 2700 2704 2761; x_wconf 87' lang='lat' dir='ltr'>ut</span> <span class='ocrx_word' id='word_1_221' title='bbox 2758 2695 2911 2762; x_wconf 88' lang='lat' dir='ltr'>ordo</span> <span class='ocrx_word' id='word_1_222' title='bbox 2966 2696 3235 2763; x_wconf 85' lang='lat' dir='ltr'>fratrum</span> <span class='ocrx_word' id='word_1_223' title='bbox 3294 2692 3647 2781; x_wconf 82' lang='lat' dir='ltr'>Hospitalis</span> 
     </span>
     <span class='ocr_line' id='line_1_23' title="bbox 775 2798 3646 2889; baseline -0.001 -22"><span class='ocrx_word' id='word_1_224' title='bbox 775 2798 1256 2869; x_wconf 87' lang='lat' dir='ltr'>lerosolimitani</span> <span class='ocrx_word' id='word_1_225' title='bbox 1313 2802 1478 2869; x_wconf 88' lang='lat' dir='ltr'>circa</span> <span class='ocrx_word' id='word_1_226' title='bbox 1537 2823 1846 2889; x_wconf 86' lang='lat' dir='ltr'>pauperes</span> <span class='ocrx_word' id='word_1_227' title='bbox 1893 2808 1958 2869; x_wconf 88' lang='lat' dir='ltr'>et</span> <span class='ocrx_word' id='word_1_228' title='bbox 2015 2800 2328 2887; x_wconf 90' lang='lat' dir='ltr'>infirmos,</span> <span class='ocrx_word' id='word_1_229' title='bbox 2387 2803 2540 2870; x_wconf 90' lang='lat' dir='ltr'>ordo</span> <span class='ocrx_word' id='word_1_230' title='bbox 2600 2823 2747 2869; x_wconf 89' lang='lat' dir='ltr'>vero</span> <span class='ocrx_word' id='word_1_231' title='bbox 2800 2804 3069 2869; x_wconf 88' lang='lat' dir='ltr'>fratrum</span> <span class='ocrx_word' id='word_1_232' title='bbox 3122 2802 3353 2869; x_wconf 87' lang='lat' dir='ltr'>militie</span> <span class='ocrx_word' id='word_1_233' title='bbox 3398 2800 3646 2887; x_wconf 80' lang='lat' dir='ltr'>Templi</span> 
     </span>
     <span class='ocr_line' id='line_1_24' title="bbox 780 2908 3646 2995; baseline 0 -21"><span class='ocrx_word' id='word_1_234' title='bbox 780 2908 948 2975; x_wconf 88' lang='lat' dir='ltr'>circa</span> <span class='ocrx_word' id='word_1_235' title='bbox 992 2908 1252 2976; x_wconf 87' lang='lat' dir='ltr'>clericos</span> <span class='ocrx_word' id='word_1_236' title='bbox 1297 2916 1362 2976; x_wconf 89' lang='lat' dir='ltr'>et</span> <span class='ocrx_word' id='word_1_237' title='bbox 1405 2909 1638 2976; x_wconf 91' lang='lat' dir='ltr'>milites</span> <span class='ocrx_word' id='word_1_238' title='bbox 1685 2928 1758 2976; x_wconf 88' lang='lat' dir='ltr'>ac</span> <span class='ocrx_word' id='word_1_239' title='bbox 1805 2908 1962 2976; x_wconf 89' lang='lat' dir='ltr'>alios</span> <span class='ocrx_word' id='word_1_240' title='bbox 1993 2909 2221 2977; x_wconf 64' lang='lat' dir='ltr'>&amp;atres</span> <span class='ocrx_word' id='word_1_241' title='bbox 2266 2911 2447 2977; x_wconf 86' lang='lat' dir='ltr'>iuxta</span> <span class='ocrx_word' id='word_1_242' title='bbox 2488 2910 2949 2978; x_wconf 87' lang='lat' dir='ltr'>institutionem</span> <span class='ocrx_word' id='word_1_243' title='bbox 2980 2910 3202 2975; x_wconf 87' lang='lat' dir='ltr'>domus</span> <span class='ocrx_word' id='word_1_244' title='bbox 3247 2912 3461 2975; x_wconf 84' lang='lat' dir='ltr'>vestre</span> <span class='ocrx_word' id='word_1_245' title='bbox 3506 2929 3646 2995; x_wconf 89' lang='lat' dir='ltr'>per·</span> 
     </span>
     <span class='ocr_line' id='line_1_25' title="bbox 777 3014 3649 3104; baseline 0 -23"><span class='ocrx_word' id='word_1_246' title='bbox 777 3016 986 3102; x_wconf 89' lang='lat' dir='ltr'>petuis</span> <span class='ocrx_word' id='word_1_247' title='bbox 1031 3016 1266 3083; x_wconf 91' lang='lat' dir='ltr'>ibidem</span> <span class='ocrx_word' id='word_1_248' title='bbox 1309 3017 1698 3104; x_wconf 88' lang='lat' dir='ltr'>temporibus</span> <span class='ocrx_word' id='word_1_249' title='bbox 1745 3016 2128 3084; x_wconf 85' lang='lat' dir='ltr'>observetur.</span> <span class='ocrx_word' id='word_1_250' title='bbox 2198 3018 2303 3084; x_wconf 90' lang='lat' dir='ltr'>Ad</span> <span class='ocrx_word' id='word_1_251' title='bbox 2346 3018 2461 3085; x_wconf 89' lang='lat' dir='ltr'>hec</span> <span class='ocrx_word' id='word_1_252' title='bbox 2505 3019 2862 3103; x_wconf 87' lang='lat' dir='ltr'>statuimus,</span> <span class='ocrx_word' id='word_1_253' title='bbox 2910 3022 3001 3101; x_wconf 89' lang='lat' dir='ltr'>ut,</span> <span class='ocrx_word' id='word_1_254' title='bbox 3058 3036 3203 3083; x_wconf 89' lang='lat' dir='ltr'>cum</span> <span class='ocrx_word' id='word_1_255' title='bbox 3246 3036 3366 3103; x_wconf 90' lang='lat' dir='ltr'>pro</span> <span class='ocrx_word' id='word_1_256' title='bbox 3412 3014 3649 3082; x_wconf 86' lang='lat' dir='ltr'>tuenda</span> 
     </span>
     <span class='ocr_line' id='line_1_26' title="bbox 783 3123 3647 3212; baseline -0.001 -21"><span class='ocrx_word' id='word_1_257' title='bbox 783 3123 1090 3191; x_wconf 86' lang='lat' dir='ltr'>catholica</span> <span class='ocrx_word' id='word_1_258' title='bbox 1121 3124 1387 3191; x_wconf 87' lang='lat' dir='ltr'>ecclesia</span> <span class='ocrx_word' id='word_1_259' title='bbox 1432 3130 1495 3191; x_wconf 87' lang='lat' dir='ltr'>et</span> <span class='ocrx_word' id='word_1_260' title='bbox 1529 3144 1622 3209; x_wconf 89' lang='lat' dir='ltr'>ea,</span> <span class='ocrx_word' id='word_1_261' title='bbox 1671 3144 1791 3210; x_wconf 89' lang='lat' dir='ltr'>que</span> <span class='ocrx_word' id='word_1_262' title='bbox 1821 3130 1920 3191; x_wconf 89' lang='lat' dir='ltr'>est</span> <span class='ocrx_word' id='word_1_263' title='bbox 1953 3124 2069 3191; x_wconf 89' lang='lat' dir='ltr'>sub</span> <span class='ocrx_word' id='word_1_264' title='bbox 2100 3145 2489 3211; x_wconf 87' lang='lat' dir='ltr'>paganorum</span> <span class='ocrx_word' id='word_1_265' title='bbox 2519 3125 2875 3212; x_wconf 87' lang='lat' dir='ltr'>tyrannide,</span> <span class='ocrx_word' id='word_1_266' title='bbox 2923 3124 3001 3191; x_wconf 86' lang='lat' dir='ltr'>de</span> <span class='ocrx_word' id='word_1_267' title='bbox 3025 3124 3305 3210; x_wconf 89' lang='lat' dir='ltr'>ipsorum</span> <span class='ocrx_word' id='word_1_268' title='bbox 3340 3124 3647 3211; x_wconf 77' lang='lat' dir='ltr'>spurcitia</span> 
     </span>
     <span class='ocr_line' id='line_1_27' title="bbox 781 3231 3642 3319; baseline 0.001 -22"><span class='ocrx_word' id='word_1_269' title='bbox 781 3232 1056 3297; x_wconf 87' lang='lat' dir='ltr'>eruenda</span> <span class='ocrx_word' id='word_1_270' title='bbox 1097 3231 1412 3319; x_wconf 86' lang='lat' dir='ltr'>intrepide</span> <span class='ocrx_word' id='word_1_271' title='bbox 1456 3232 1785 3317; x_wconf 86' lang='lat' dir='ltr'>laboretis,</span> <span class='ocrx_word' id='word_1_272' title='bbox 1840 3232 2029 3298; x_wconf 87' lang='lat' dir='ltr'>liceat</span> <span class='ocrx_word' id='word_1_273' title='bbox 2070 3231 2248 3299; x_wconf 90' lang='lat' dir='ltr'>vobis</span> <span class='ocrx_word' id='word_1_274' title='bbox 2293 3232 2487 3300; x_wconf 88' lang='lat' dir='ltr'>libere</span> <span class='ocrx_word' id='word_1_275' title='bbox 2532 3233 2600 3299; x_wconf 90' lang='lat' dir='ltr'>in</span> <span class='ocrx_word' id='word_1_276' title='bbox 2644 3254 2795 3301; x_wconf 89' lang='lat' dir='ltr'>usus</span> <span class='ocrx_word' id='word_1_277' title='bbox 2840 3238 3081 3300; x_wconf 89' lang='lat' dir='ltr'>vestros</span> <span class='ocrx_word' id='word_1_278' title='bbox 3136 3236 3505 3299; x_wconf 83' lang='lat' dir='ltr'>convertere</span> <span class='ocrx_word' id='word_1_279' title='bbox 3552 3252 3642 3313; x_wconf 84' lang='lat' dir='ltr'>ea,</span> 
     </span>
     <span class='ocr_line' id='line_1_28' title="bbox 778 3338 3643 3429; baseline 0 -25"><span class='ocrx_word' id='word_1_280' title='bbox 778 3359 898 3424; x_wconf 88' lang='lat' dir='ltr'>que</span> <span class='ocrx_word' id='word_1_281' title='bbox 967 3340 1044 3406; x_wconf 91' lang='lat' dir='ltr'>de</span> <span class='ocrx_word' id='word_1_282' title='bbox 1102 3339 1320 3425; x_wconf 88' lang='lat' dir='ltr'>spoliis</span> <span class='ocrx_word' id='word_1_283' title='bbox 1388 3339 1670 3426; x_wconf 87' lang='lat' dir='ltr'>ipsorum</span> <span class='ocrx_word' id='word_1_284' title='bbox 1702 3340 2021 3429; x_wconf 45' lang='lat' dir='ltr'>reperitis</span> <span class='ocrx_word' id='word_1_285' title='bbox 2090 3360 2508 3426; x_wconf 81' lang='lat' dir='ltr'>paganornm3</span> <span class='ocrx_word' id='word_1_286' title='bbox 2578 3345 2672 3425; x_wconf 89' lang='lat' dir='ltr'>et,</span> <span class='ocrx_word' id='word_1_287' title='bbox 2741 3360 2822 3406; x_wconf 92' lang='lat' dir='ltr'>ne</span> <span class='ocrx_word' id='word_1_288' title='bbox 2889 3340 2966 3406; x_wconf 88' lang='lat' dir='ltr'>de</span> <span class='ocrx_word' id='word_1_289' title='bbox 3022 3339 3146 3405; x_wconf 87' lang='lat' dir='ltr'>hiis</span> <span class='ocrx_word' id='word_1_290' title='bbox 3203 3344 3429 3405; x_wconf 86' lang='lat' dir='ltr'>contra</span> <span class='ocrx_word' id='word_1_291' title='bbox 3484 3338 3643 3405; x_wconf 83' lang='lat' dir='ltr'>velle</span> 
     </span>
     <span class='ocr_line' id='line_1_29' title="bbox 780 3444 3641 3535; baseline 0 -24"><span class='ocrx_word' id='word_1_292' title='bbox 780 3451 1058 3513; x_wconf 86' lang='lat' dir='ltr'>vestrum</span> <span class='ocrx_word' id='word_1_293' title='bbox 1103 3445 1458 3533; x_wconf 90' lang='lat' dir='ltr'>portionem</span> <span class='ocrx_word' id='word_1_294' title='bbox 1511 3446 1698 3514; x_wconf 87' lang='lat' dir='ltr'>alicui</span> <span class='ocrx_word' id='word_1_295' title='bbox 1744 3448 1894 3515; x_wconf 87' lang='lat' dir='ltr'>dare</span> <span class='ocrx_word' id='word_1_296' title='bbox 1924 3448 2257 3533; x_wconf 86' lang='lat' dir='ltr'>cogamini,</span> <span class='ocrx_word' id='word_1_297' title='bbox 2304 3448 2726 3535; x_wconf 89' lang='lat' dir='ltr'>prohibemus.</span> <span class='ocrx_word' id='word_1_298' title='bbox 2794 3444 3083 3514; x_wconf 88' lang='lat' dir='ltr'>Presenti</span> <span class='ocrx_word' id='word_1_299' title='bbox 3112 3467 3363 3531; x_wconf 89' lang='lat' dir='ltr'>quoque</span> <span class='ocrx_word' id='word_1_300' title='bbox 3392 3446 3641 3513; x_wconf 87' lang='lat' dir='ltr'>decreto</span> 
     </span>
     <span class='ocr_line' id='line_1_30' title="bbox 777 3553 3643 3642; baseline 0 -24"><span class='ocrx_word' id='word_1_301' title='bbox 777 3554 1116 3638; x_wconf 88' lang='lat' dir='ltr'>sancimus,</span> <span class='ocrx_word' id='word_1_302' title='bbox 1161 3561 1233 3619; x_wconf 89' lang='grc' dir='ltr'>ιιι</span> <span class='ocrx_word' id='word_1_303' title='bbox 1275 3554 1504 3621; x_wconf 87' lang='lat' dir='ltr'>fratres</span> <span class='ocrx_word' id='word_1_304' title='bbox 1549 3554 1616 3621; x_wconf 92' lang='lat' dir='ltr'>in</span> <span class='ocrx_word' id='word_1_305' title='bbox 1661 3554 1848 3621; x_wconf 92' lang='lat' dir='ltr'>domo</span> <span class='ocrx_word' id='word_1_306' title='bbox 1879 3560 2093 3621; x_wconf 89' lang='lat' dir='ltr'>vestra</span> <span class='ocrx_word' id='word_1_307' title='bbox 2121 3553 2236 3622; x_wconf 89' lang='lat' dir='ltr'>deo</span> <span class='ocrx_word' id='word_1_308' title='bbox 2268 3556 2611 3622; x_wconf 89' lang='lat' dir='ltr'>servientes</span> <span class='ocrx_word' id='word_1_309' title='bbox 2653 3561 2823 3621; x_wconf 88' lang='lat' dir='ltr'>caste</span> <span class='ocrx_word' id='word_1_310' title='bbox 2864 3559 2929 3621; x_wconf 90' lang='lat' dir='ltr'>et</span> <span class='ocrx_word' id='word_1_311' title='bbox 2968 3556 3105 3621; x_wconf 86' lang='lat' dir='ltr'>sine</span> <span class='ocrx_word' id='word_1_312' title='bbox 3134 3555 3395 3642; x_wconf 90' lang='lat' dir='ltr'>proprio</span> <span class='ocrx_word' id='word_1_313' title='bbox 3424 3556 3643 3621; x_wconf 85' lang='lat' dir='ltr'>vivant</span> 
     </span>
     <span class='ocr_line' id='line_1_31' title="bbox 779 3660 3641 3748; baseline 0.001 -23"><span class='ocrx_word' id='word_1_314' title='bbox 779 3664 844 3726; x_wconf 90' lang='lat' dir='ltr'>et</span> <span class='ocrx_word' id='word_1_315' title='bbox 885 3660 1340 3747; x_wconf 89' lang='lat' dir='ltr'>professionem</span> <span class='ocrx_word' id='word_1_316' title='bbox 1397 3682 1576 3729; x_wconf 87' lang='lat' dir='ltr'>suam</span> <span class='ocrx_word' id='word_1_317' title='bbox 1633 3661 1818 3729; x_wconf 88' lang='lat' dir='ltr'>dictis</span> <span class='ocrx_word' id='word_1_318' title='bbox 1875 3669 1939 3729; x_wconf 90' lang='lat' dir='ltr'>et</span> <span class='ocrx_word' id='word_1_319' title='bbox 1980 3661 2261 3728; x_wconf 87' lang='lat' dir='ltr'>moribus</span> <span class='ocrx_word' id='word_1_320' title='bbox 2306 3662 2785 3748; x_wconf 83' lang='lat' dir='ltr'>comprobantes</span> <span class='ocrx_word' id='word_1_321' title='bbox 2838 3663 3143 3746; x_wconf 85' lang='lat' dir='ltr'>magistro</span> <span class='ocrx_word' id='word_1_322' title='bbox 3188 3680 3303 3729; x_wconf 86' lang='lat' dir='ltr'>suo</span> <span class='ocrx_word' id='word_1_323' title='bbox 3352 3668 3467 3729; x_wconf 89' lang='lat' dir='ltr'>aut</span> <span class='ocrx_word' id='word_1_324' title='bbox 3508 3663 3641 3747; x_wconf 87' lang='lat' dir='ltr'>qui·</span> 
     </span>
     <span class='ocr_line' id='line_1_32' title="bbox 777 3767 3643 3855; baseline -0 -20"><span class='ocrx_word' id='word_1_325' title='bbox 777 3767 893 3835; x_wconf 92' lang='lat' dir='ltr'>bus</span> <span class='ocrx_word' id='word_1_326' title='bbox 939 3768 1076 3855; x_wconf 91' lang='lat' dir='ltr'>ipse</span> <span class='ocrx_word' id='word_1_327' title='bbox 1122 3769 1478 3855; x_wconf 90' lang='lat' dir='ltr'>preceperit</span> <span class='ocrx_word' id='word_1_328' title='bbox 1522 3767 1784 3835; x_wconf 90' lang='lat' dir='ltr'>subiecti</span> <span class='ocrx_word' id='word_1_329' title='bbox 1829 3773 1893 3835; x_wconf 91' lang='lat' dir='ltr'>et</span> <span class='ocrx_word' id='word_1_330' title='bbox 1944 3769 2305 3835; x_wconf 88' lang='lat' dir='ltr'>obedientes</span> <span class='ocrx_word' id='word_1_331' title='bbox 2360 3770 2654 3837; x_wconf 84' lang='lat' dir='ltr'>existant.</span> <span class='ocrx_word' id='word_1_332' title='bbox 2731 3768 3057 3853; x_wconf 89' lang='lat' dir='ltr'>Preterea,</span> <span class='ocrx_word' id='word_1_333' title='bbox 3115 3768 3643 3854; x_wconf 83' lang='lat' dir='ltr'>quemadmodum</span> 
     </span>
     <span class='ocr_line' id='line_1_33' title="bbox 780 3874 3641 3963; baseline 0 -22"><span class='ocrx_word' id='word_1_334' title='bbox 780 3874 1000 3941; x_wconf 91' lang='lat' dir='ltr'>domus</span> <span class='ocrx_word' id='word_1_335' title='bbox 1046 3876 1188 3961; x_wconf 90' lang='lat' dir='ltr'>ipsa</span> <span class='ocrx_word' id='word_1_336' title='bbox 1233 3883 1439 3943; x_wconf 89' lang='lat' dir='ltr'>vestre</span> <span class='ocrx_word' id='word_1_337' title='bbox 1485 3881 1700 3943; x_wconf 87' lang='lat' dir='ltr'>sancte</span> <span class='ocrx_word' id='word_1_338' title='bbox 1741 3876 2157 3942; x_wconf 89' lang='lat' dir='ltr'>institutionis</span> <span class='ocrx_word' id='word_1_339' title='bbox 2204 3882 2269 3943; x_wconf 89' lang='lat' dir='ltr'>et</span> <span class='ocrx_word' id='word_1_340' title='bbox 2310 3876 2549 3944; x_wconf 90' lang='lat' dir='ltr'>ordinis</span> <span class='ocrx_word' id='word_1_341' title='bbox 2591 3878 2732 3943; x_wconf 92' lang='lat' dir='ltr'>fons</span> <span class='ocrx_word' id='word_1_342' title='bbox 2778 3882 2842 3943; x_wconf 91' lang='lat' dir='ltr'>et</span> <span class='ocrx_word' id='word_1_343' title='bbox 2886 3878 3059 3960; x_wconf 89' lang='lat' dir='ltr'>origo</span> <span class='ocrx_word' id='word_1_344' title='bbox 3105 3897 3243 3944; x_wconf 88' lang='lat' dir='ltr'>esse</span> <span class='ocrx_word' id='word_1_345' title='bbox 3274 3876 3641 3963; x_wconf 83' lang='lat' dir='ltr'>promeruit,</span> 
     </span>
     <span class='ocr_line' id='line_1_34' title="bbox 778 3982 3643 4071; baseline 0 -21"><span class='ocrx_word' id='word_1_346' title='bbox 778 3983 870 4050; x_wconf 89' lang='lat' dir='ltr'>ita</span> <span class='ocrx_word' id='word_1_347' title='bbox 915 3984 1195 4050; x_wconf 90' lang='lat' dir='ltr'>omnium</span> <span class='ocrx_word' id='word_1_348' title='bbox 1249 3982 1530 4051; x_wconf 86' lang='lat' dir='ltr'>locorum</span> <span class='ocrx_word' id='word_1_349' title='bbox 1577 3984 1657 4050; x_wconf 89' lang='lat' dir='ltr'>ad</span> <span class='ocrx_word' id='word_1_350' title='bbox 1713 4003 1852 4049; x_wconf 89' lang='lat' dir='ltr'>eam</span> <span class='ocrx_word' id='word_1_351' title='bbox 1911 3986 2363 4070; x_wconf 89' lang='lat' dir='ltr'>pertinentium</span> <span class='ocrx_word' id='word_1_352' title='bbox 2420 3991 2611 4071; x_wconf 87' lang='lat' dir='ltr'>caput</span> <span class='ocrx_word' id='word_1_353' title='bbox 2667 3989 2731 4051; x_wconf 91' lang='lat' dir='ltr'>et</span> <span class='ocrx_word' id='word_1_354' title='bbox 2784 3985 3089 4068; x_wconf 90' lang='lat' dir='ltr'>magistra</span> <span class='ocrx_word' id='word_1_355' title='bbox 3144 3984 3212 4049; x_wconf 91' lang='lat' dir='ltr'>in</span> <span class='ocrx_word' id='word_1_356' title='bbox 3266 3991 3643 4071; x_wconf 88' lang='lat' dir='ltr'>perpetuum</span> 
     </span>
     <span class='ocr_line' id='line_1_35' title="bbox 778 4090 3642 4178; baseline 0 -22"><span class='ocrx_word' id='word_1_357' title='bbox 778 4090 1102 4157; x_wconf 85' lang='lat' dir='ltr'>habeatur.</span> <span class='ocrx_word' id='word_1_358' title='bbox 1173 4091 1274 4158; x_wconf 88' lang='lat' dir='ltr'>Ad</span> <span class='ocrx_word' id='word_1_359' title='bbox 1320 4092 1436 4159; x_wconf 87' lang='lat' dir='ltr'>hec</span> <span class='ocrx_word' id='word_1_360' title='bbox 1481 4090 1822 4159; x_wconf 89' lang='lat' dir='ltr'>adicientes</span> <span class='ocrx_word' id='word_1_361' title='bbox 1867 4090 2289 4178; x_wconf 89' lang='lat' dir='ltr'>precipimus,</span> <span class='ocrx_word' id='word_1_362' title='bbox 2336 4096 2427 4176; x_wconf 87' lang='lat' dir='ltr'>ut,</span> <span class='ocrx_word' id='word_1_363' title='bbox 2474 4091 2741 4158; x_wconf 89' lang='lat' dir='ltr'>obeunte</span> <span class='ocrx_word' id='word_1_364' title='bbox 2784 4098 2849 4158; x_wconf 91' lang='lat' dir='ltr'>te</span> <span class='ocrx_word' id='word_1_365' title='bbox 2893 4092 2960 4157; x_wconf 89' lang='lat' dir='ltr'>in</span> <span class='ocrx_word' id='word_1_366' title='bbox 3006 4091 3289 4175; x_wconf 89' lang='lat' dir='ltr'>domin0‚</span> <span class='ocrx_word' id='word_1_367' title='bbox 3348 4090 3441 4157; x_wconf 90' lang='lat' dir='ltr'>fili</span> <span class='ocrx_word' id='word_1_368' title='bbox 3486 4090 3642 4157; x_wconf 90' lang='lat' dir='ltr'>Her·</span> 
     </span>
     <span class='ocr_line' id='line_1_36' title="bbox 778 4198 3639 4285; baseline -0 -21"><span class='ocrx_word' id='word_1_369' title='bbox 778 4219 1028 4283; x_wconf 88' lang='lat' dir='ltr'>manne,</span> <span class='ocrx_word' id='word_1_370' title='bbox 1077 4198 1297 4265; x_wconf 89' lang='lat' dir='ltr'>domus</span> <span class='ocrx_word' id='word_1_371' title='bbox 1343 4200 1472 4265; x_wconf 87' lang='lat' dir='ltr'>iam</span> <span class='ocrx_word' id='word_1_372' title='bbox 1519 4200 1680 4266; x_wconf 88' lang='lat' dir='ltr'>dicte</span> <span class='ocrx_word' id='word_1_373' title='bbox 1726 4199 2060 4283; x_wconf 88' lang='lat' dir='ltr'>magister,</span> <span class='ocrx_word' id='word_1_374' title='bbox 2117 4198 2219 4266; x_wconf 84' lang='lat' dir='ltr'>vel</span> <span class='ocrx_word' id='word_1_375' title='bbox 2263 4205 2515 4266; x_wconf 89' lang='lat' dir='ltr'>tuorum</span> <span class='ocrx_word' id='word_1_376' title='bbox 2569 4198 2849 4285; x_wconf 90' lang='lat' dir='ltr'>quolibet</span> <span class='ocrx_word' id='word_1_377' title='bbox 2909 4219 3375 4281; x_wconf 86' lang='lat' dir='ltr'>successorum,</span> <span class='ocrx_word' id='word_1_378' title='bbox 3431 4198 3639 4265; x_wconf 88' lang='lat' dir='ltr'>nullus</span> 
     </span>
     <span class='ocr_line' id='line_1_37' title="bbox 780 4306 3641 4393; baseline -0.001 -20"><span class='ocrx_word' id='word_1_379' title='bbox 780 4306 1056 4373; x_wconf 90' lang='lat' dir='ltr'>eiusdem</span> <span class='ocrx_word' id='word_1_380' title='bbox 1118 4307 1340 4373; x_wconf 91' lang='lat' dir='ltr'>domus</span> <span class='ocrx_word' id='word_1_381' title='bbox 1395 4307 1696 4375; x_wconf 86' lang='lat' dir='ltr'>fratribus</span> <span class='ocrx_word' id='word_1_382' title='bbox 1753 4312 2141 4393; x_wconf 86' lang='lat' dir='ltr'>preponatur</span> <span class='ocrx_word' id='word_1_383' title='bbox 2195 4306 2320 4373; x_wconf 91' lang='lat' dir='ltr'>nisi</span> <span class='ocrx_word' id='word_1_384' title='bbox 2364 4306 2657 4374; x_wconf 86' lang='lat' dir='ltr'>militaris</span> <span class='ocrx_word' id='word_1_385' title='bbox 2716 4313 2780 4375; x_wconf 90' lang='lat' dir='ltr'>et</span> <span class='ocrx_word' id='word_1_386' title='bbox 2824 4306 3120 4390; x_wconf 87' lang='lat' dir='ltr'>religiosa</span> <span class='ocrx_word' id='word_1_387' title='bbox 3172 4326 3467 4393; x_wconf 87' lang='lat' dir='ltr'>persona,</span> <span class='ocrx_word' id='word_1_388' title='bbox 3524 4324 3641 4389; x_wconf 89' lang='lat' dir='ltr'>que</span> 
     </span>
     <span class='ocr_line' id='line_1_38' title="bbox 777 4413 3639 4501; baseline -0 -22"><span class='ocrx_word' id='word_1_389' title='bbox 777 4419 1054 4480; x_wconf 85' lang='lat' dir='ltr'>vestram</span> <span class='ocrx_word' id='word_1_390' title='bbox 1099 4414 1469 4498; x_wconf 89' lang='lat' dir='ltr'>religionem</span> <span class='ocrx_word' id='word_1_391' title='bbox 1514 4420 1578 4481; x_wconf 92' lang='lat' dir='ltr'>et</span> <span class='ocrx_word' id='word_1_392' title='bbox 1619 4414 1906 4481; x_wconf 87' lang='lat' dir='ltr'>habitum</span> <span class='ocrx_word' id='word_1_393' title='bbox 1952 4414 2037 4482; x_wconf 92' lang='lat' dir='ltr'>sit</span> <span class='ocrx_word' id='word_1_394' title='bbox 2080 4414 2384 4501; x_wconf 85' lang='lat' dir='ltr'>professa,</span> <span class='ocrx_word' id='word_1_395' title='bbox 2430 4434 2549 4481; x_wconf 90' lang='lat' dir='ltr'>nec</span> <span class='ocrx_word' id='word_1_396' title='bbox 2592 4414 2671 4483; x_wconf 89' lang='lat' dir='ltr'>ab</span> <span class='ocrx_word' id='word_1_397' title='bbox 2720 4414 2858 4480; x_wconf 89' lang='lat' dir='ltr'>aliis</span> <span class='ocrx_word' id='word_1_398' title='bbox 2902 4413 3027 4479; x_wconf 88' lang='lat' dir='ltr'>nisi</span> <span class='ocrx_word' id='word_1_399' title='bbox 3073 4413 3151 4479; x_wconf 90' lang='lat' dir='ltr'>ab</span> <span class='ocrx_word' id='word_1_400' title='bbox 3196 4413 3487 4480; x_wconf 90' lang='lat' dir='ltr'>omnibus</span> <span class='ocrx_word' id='word_1_401' title='bbox 3516 4413 3639 4478; x_wconf 83' lang='lat' dir='ltr'>fra-</span> 
     </span>
     <span class='ocr_line' id='line_1_39' title="bbox 779 4518 3641 4609; baseline -0.001 -22"><span class='ocrx_word' id='word_1_402' title='bbox 779 4521 980 4588; x_wconf 89' lang='lat' dir='ltr'>tribus</span> <span class='ocrx_word' id='word_1_403' title='bbox 1027 4522 1286 4588; x_wconf 88' lang='lat' dir='ltr'>insimul</span> <span class='ocrx_word' id='word_1_404' title='bbox 1329 4521 1430 4588; x_wconf 89' lang='lat' dir='ltr'>vel</span> <span class='ocrx_word' id='word_1_405' title='bbox 1475 4542 1514 4588; x_wconf 88' lang='lat' dir='ltr'>a</span> <span class='ocrx_word' id='word_1_406' title='bbox 1557 4522 1782 4588; x_wconf 89' lang='lat' dir='ltr'>maiori</span> <span class='ocrx_word' id='word_1_407' title='bbox 1815 4528 1878 4589; x_wconf 93' lang='lat' dir='ltr'>et</span> <span class='ocrx_word' id='word_1_408' title='bbox 1907 4522 2141 4589; x_wconf 88' lang='lat' dir='ltr'>saniori</span> <span class='ocrx_word' id='word_1_409' title='bbox 2172 4542 2389 4589; x_wconf 89' lang='lat' dir='ltr'>eorum</span> <span class='ocrx_word' id='word_1_410' title='bbox 2420 4528 2621 4609; x_wconf 87' lang='lat' dir='ltr'>parte,</span> <span class='ocrx_word' id='word_1_411' title='bbox 2669 4523 2775 4607; x_wconf 90' lang='lat' dir='ltr'>qui</span> <span class='ocrx_word' id='word_1_412' title='bbox 2806 4520 3245 4609; x_wconf 90' lang='lat' dir='ltr'>preponendus</span> <span class='ocrx_word' id='word_1_413' title='bbox 3275 4520 3487 4604; x_wconf 87' lang='lat' dir='ltr'>fuerit,</span> <span class='ocrx_word' id='word_1_414' title='bbox 3534 4518 3641 4585; x_wconf 90' lang='lat' dir='ltr'>eli-</span> 
     </span>
     <span class='ocr_line' id='line_1_40' title="bbox 779 4627 3641 4715; baseline -0.001 -21"><span class='ocrx_word' id='word_1_415' title='bbox 779 4635 982 4713; x_wconf 87' lang='lat' dir='ltr'>gatur.</span> <span class='ocrx_word' id='word_1_416' title='bbox 1048 4628 1244 4696; x_wconf 89' lang='lat' dir='ltr'>Porro</span> <span class='ocrx_word' id='word_1_417' title='bbox 1290 4628 1447 4696; x_wconf 91' lang='lat' dir='ltr'>nulli</span> <span class='ocrx_word' id='word_1_418' title='bbox 1495 4630 1913 4697; x_wconf 87' lang='lat' dir='ltr'>ecclesiastice</span> <span class='ocrx_word' id='word_1_419' title='bbox 1962 4628 2304 4695; x_wconf 86' lang='lat' dir='ltr'>secularive</span> <span class='ocrx_word' id='word_1_420' title='bbox 2336 4650 2601 4715; x_wconf 88' lang='lat' dir='ltr'>persone</span> <span class='ocrx_word' id='word_1_421' title='bbox 2632 4629 2976 4713; x_wconf 83' lang='lat' dir='ltr'>infringere</span> <span class='ocrx_word' id='word_1_422' title='bbox 3005 4627 3104 4694; x_wconf 90' lang='lat' dir='ltr'>vel</span> <span class='ocrx_word' id='word_1_423' title='bbox 3134 4629 3419 4695; x_wconf 86' lang='lat' dir='ltr'>minuere</span> <span class='ocrx_word' id='word_1_424' title='bbox 3456 4628 3641 4694; x_wconf 86' lang='lat' dir='ltr'>liceat</span> 
     </span>
     <span class='ocr_line' id='line_1_41' title="bbox 779 4734 3637 4820; baseline -0.001 -17"><span class='ocrx_word' id='word_1_425' title='bbox 779 4737 1262 4803; x_wconf 87' lang='lat' dir='ltr'>consuetudines</span> <span class='ocrx_word' id='word_1_426' title='bbox 1309 4736 1390 4804; x_wconf 88' lang='lat' dir='ltr'>ad</span> <span class='ocrx_word' id='word_1_427' title='bbox 1429 4743 1637 4803; x_wconf 87' lang='lat' dir='ltr'>vestre</span> <span class='ocrx_word' id='word_1_428' title='bbox 1673 4735 1998 4820; x_wconf 87' lang='lat' dir='ltr'>religionis</span> <span class='ocrx_word' id='word_1_429' title='bbox 2043 4742 2108 4804; x_wconf 90' lang='lat' dir='ltr'>et</span> <span class='ocrx_word' id='word_1_430' title='bbox 2137 4735 2326 4809; x_wconf 89' lang='lat' dir='ltr'>officii</span> <span class='ocrx_word' id='word_1_431' title='bbox 2356 4736 2818 4804; x_wconf 89' lang='lat' dir='ltr'>observantiam</span> <span class='ocrx_word' id='word_1_432' title='bbox 2850 4758 2889 4803; x_wconf 87' lang='lat' dir='ltr'>a</span> <span class='ocrx_word' id='word_1_433' title='bbox 2918 4736 3220 4819; x_wconf 83' lang='lat' dir='ltr'>magistro</span> <span class='ocrx_word' id='word_1_434' title='bbox 3252 4743 3318 4802; x_wconf 90' lang='lat' dir='ltr'>et</span> <span class='ocrx_word' id='word_1_435' title='bbox 3342 4734 3637 4801; x_wconf 87' lang='lat' dir='ltr'>fratribus</span> 
     </span>
     <span class='ocr_line' id='line_1_42' title="bbox 781 4843 3635 4931; baseline -0.001 -20"><span class='ocrx_word' id='word_1_436' title='bbox 781 4844 1118 4911; x_wconf 88' lang='lat' dir='ltr'>salubriter</span> <span class='ocrx_word' id='word_1_437' title='bbox 1159 4846 1501 4911; x_wconf 87' lang='lat' dir='ltr'>institutas.</span> <span class='ocrx_word' id='word_1_438' title='bbox 1572 4843 1845 4912; x_wconf 88' lang='lat' dir='ltr'>Easdem</span> <span class='ocrx_word' id='word_1_439' title='bbox 1895 4864 2139 4931; x_wconf 90' lang='lat' dir='ltr'>quoque</span> <span class='ocrx_word' id='word_1_440' title='bbox 2184 4845 2664 4913; x_wconf 85' lang='lat' dir='ltr'>consuetudines</span> <span class='ocrx_word' id='word_1_441' title='bbox 2698 4865 2735 4911; x_wconf 92' lang='lat' dir='ltr'>a</span> <span class='ocrx_word' id='word_1_442' title='bbox 2768 4845 2944 4911; x_wconf 87' lang='lat' dir='ltr'>vobis</span> <span class='ocrx_word' id='word_1_443' title='bbox 2992 4844 3313 4930; x_wconf 90' lang='lat' dir='ltr'>aliquanto</span> <span class='ocrx_word' id='word_1_444' title='bbox 3356 4848 3635 4929; x_wconf 83' lang='lat' dir='ltr'>tempore</span> 
     </span>
     <span class='ocr_line' id='line_1_43' title="bbox 779 4950 3635 5039; baseline -0.001 -22"><span class='ocrx_word' id='word_1_445' title='bbox 779 4951 1142 5039; x_wconf 82' lang='lat' dir='ltr'>observatas</span> <span class='ocrx_word' id='word_1_446' title='bbox 1187 4957 1253 5018; x_wconf 92' lang='lat' dir='ltr'>et</span> <span class='ocrx_word' id='word_1_447' title='bbox 1296 4954 1532 5039; x_wconf 89' lang='lat' dir='ltr'>scripto</span> <span class='ocrx_word' id='word_1_448' title='bbox 1575 4950 1878 5039; x_wconf 81' lang='lat' dir='ltr'>firmatae,</span> <span class='ocrx_word' id='word_1_449' title='bbox 1923 4954 2051 5019; x_wconf 90' lang='lat' dir='ltr'>nisi</span> <span class='ocrx_word' id='word_1_450' title='bbox 2096 4953 2175 5020; x_wconf 90' lang='lat' dir='ltr'>ab</span> <span class='ocrx_word' id='word_1_451' title='bbox 2222 4972 2315 5037; x_wconf 89' lang='lat' dir='ltr'>e0,</span> <span class='ocrx_word' id='word_1_452' title='bbox 2362 4953 2472 5039; x_wconf 91' lang='lat' dir='ltr'>qui</span> <span class='ocrx_word' id='word_1_453' title='bbox 2516 4954 2819 5037; x_wconf 86' lang='lat' dir='ltr'>magister</span> <span class='ocrx_word' id='word_1_454' title='bbox 2862 4952 3170 5037; x_wconf 87' lang='lat' dir='ltr'>extiterit,</span> <span class='ocrx_word' id='word_1_455' title='bbox 3218 4951 3635 5017; x_wconf 88' lang='lat' dir='ltr'>consentiente</span> 
     </span>
     <span class='ocr_line' id='line_1_44' title="bbox 779 5058 3633 5149; baseline -0.001 -24"><span class='ocrx_word' id='word_1_456' title='bbox 779 5062 988 5126; x_wconf 86' lang='lat' dir='ltr'>tamen</span> <span class='ocrx_word' id='word_1_457' title='bbox 1055 5060 1289 5127; x_wconf 84' lang='lat' dir='ltr'>saniori</span> <span class='ocrx_word' id='word_1_458' title='bbox 1343 5066 1522 5147; x_wconf 87' lang='lat' dir='ltr'>parte</span> <span class='ocrx_word' id='word_1_459' title='bbox 1579 5061 1870 5149; x_wconf 85' lang='lat' dir='ltr'>capituli,</span> <span class='ocrx_word' id='word_1_460' title='bbox 1941 5082 2069 5127; x_wconf 93' lang='lat' dir='ltr'>non</span> <span class='ocrx_word' id='word_1_461' title='bbox 2122 5060 2313 5128; x_wconf 86' lang='lat' dir='ltr'>liceat</span> <span class='ocrx_word' id='word_1_462' title='bbox 2370 5061 2710 5127; x_wconf 89' lang='lat' dir='ltr'>immutari.</span> <span class='ocrx_word' id='word_1_463' title='bbox 2804 5058 3214 5127; x_wconf 87' lang='lat' dir='ltr'>Prohibemus</span> <span class='ocrx_word' id='word_1_464' title='bbox 3268 5059 3524 5145; x_wconf 89' lang='lat' dir='ltr'>insuper</span> <span class='ocrx_word' id='word_1_465' title='bbox 3574 5062 3633 5123; x_wconf 87' lang='lat' dir='ltr'>et</span> 
     </span>
    </p>
   </div>
   <div class='ocr_carea' id='block_1_3' title="bbox 3819 766 3828 3013">
    <p class='ocr_par' dir='ltr' id='par_1_3' title="bbox 3819 766 3828 3013">
     <span class='ocr_line' id='line_1_45' title="bbox 3819 766 3828 3013; baseline 0 0"><span class='ocrx_word' id='word_1_466' title='bbox 3819 766 3828 3013; x_wconf 95' lang='lat' dir='ltr'> </span> 
     </span>
    </p>
   </div>
   <div class='ocr_carea' id='block_1_4' title="bbox 3821 3256 3826 3991">
    <p class='ocr_par' dir='ltr' id='par_1_4' title="bbox 3821 3256 3826 3991">
     <span class='ocr_line' id='line_1_46' title="bbox 3821 3256 3826 3991; baseline 0 0"><span class='ocrx_word' id='word_1_467' title='bbox 3821 3256 3826 3991; x_wconf 95' lang='lat' dir='ltr'> </span> 
     </span>
    </p>
   </div>
   <div class='ocr_carea' id='block_1_5' title="bbox 3822 4402 3826 5087">
    <p class='ocr_par' dir='ltr' id='par_1_5' title="bbox 3822 4402 3826 5087">
     <span class='ocr_line' id='line_1_47' title="bbox 3822 4402 3826 5087; baseline 0 0"><span class='ocrx_word' id='word_1_468' title='bbox 3822 4402 3826 5087; x_wconf 95' lang='lat' dir='ltr'> </span> 
     </span>
    </p>
   </div>
  </div>
 </body>
</html>
