3892 5609
1335 351 1723 399 vamnem
1767 351 2154 400 emmanu
3009 341 3161 412 403

315 508 422 560 nali
465 509 716 576 quondam
752 509 1122 573 &influentium
1167 526 1300 562 nunc
1332 509 1710 562 Vindobonensi
1753 525 1865 562 cum
1910 509 2049 562 bulla
2092 509 2145 562 in
2192 507 2289 560 filis
2338 508 2539 561 sericeis
2584 525 2811 575 appensa
2852 508 2934 560 ed.
2957 508 3167 561 Hennes

316 597 382 668 1,-
400 597 500 648 116
533 617 585 650 n.
608 598 722 650 184.
785 598 844 649 In
891 599 1066 650 eodem
1112 598 1312 650 archivo
1348 599 1728 651 Vindobonensi
1774 606 1912 649 extat
1946 598 2097 650 etiam
2139 596 2276 649 aliud
2310 596 2553 664 originale
2588 597 2841 664 quondam
2872 598 3169 649 Trevirense

319 686 586 752 (Iuneense
600 689 646 754 ?)
684 687 907 739 eiusdem
943 688 1050 739 dati
1084 704 1196 738 cum
1217 687 1356 738 bulla
1379 687 1430 738 in
1452 687 1550 739 filis
1575 687 1776 740 sericeis
1799 687 1962 738 rubris
1986 696 2039 738 et
2060 687 2209 737 luteis
2234 703 2476 753 appensa..
2532 687 2794 751 „Colonie“
2824 687 2888 738 A.
2912 686 2977 737 16
3012 704 3063 753 p.
3081 685 3167 738 70.

315 753 510 826 Eadem
554 775 691 827 bulla
725 777 818 828 sub
854 777 1032 829 eodem
1068 777 1186 828 dato
1221 777 1284 827 R.
1309 776 1409 827 136
1444 777 1574 828 inter
1607 776 1936 827 Treverensia
1983 791 2095 826 cum
2140 774 2227 826 tali
2274 775 2439 826 initio:
2496 774 2617 826 Cum
2660 775 2827 826 dilecti
2862 773 2952 825 filii
2989 775 3168 826 fratres

316 863 368 914 h.
393 883 435 915 s.
459 863 530 916 M.
555 865 648 916 Th.
687 875 780 918 etc.
846 867 890 917 1.
937 867 1060 917 Cum
1095 865 1263 916 dilecti
1297 864 1388 916 filii
1421 865 1601 916 fratres
1638 864 1898 932 hospitalis
1933 871 2107 916 sancte
2140 863 2303 914 Mario
2324 864 2743 916 Theutunicorum
2777 861 3171 915 Ierosolomitani

317 951 479 1004 solum
513 953 770 1018 gaudeant
805 954 868 1005 de
903 963 1075 1006 nostra
1119 953 1368 1020 paternali
1413 954 1719 1020 protectione
1732 991 1748 1015 ‚
1795 971 1934 1004 suam
1982 951 2048 1004 ad
2091 969 2183 1004 nos
2220 952 2575 1018 querimoniam
2611 953 2925 1005 destinarunt
2957 953 3021 1004 R..
3052 951 3169 1006 136.

317 1041 370 1094 2.
405 1042 634 1094 manibus
670 1043 874 1096 R.136.
926 1044 985 1095 In
1022 1043 1346 1110 sequentibus
1381 1052 1574 1095 tantum
1610 1061 1771 1111 pauca
1805 1041 2111 1109 transposita
2147 1042 2315 1092 verba.

324 1271 500 1342 597.
541 1275 718 1342 1258
757 1277 970 1342 novbr.
1016 1278 1106 1344 22
1155 1278 1507 1366 Anayniae.
1593 1276 1957 1343 Alexander
2003 1276 2115 1344 IV
2160 1279 2439 1342 concedit
2494 1278 2710 1342 ordini
2766 1273 3167 1358 Theutoniw,

542 1385 712 1469 quod
754 1384 830 1449 de
873 1384 1036 1450 male
1079 1389 1423 1472 acquisit-ce,
1472 1389 1531 1452 si
1575 1385 1758 1450 laesis
1802 1397 2112 1471 nequeant
2152 1387 2415 1466 restitui,
2468 1397 2531 1458 ⁴et
2573 1385 2648 1449 de
2690 1384 3170 1451 redemtionibm

539 1503 844 1556 certorum
884 1505 1188 1572 votorum„
1213 1495 1300 1559 ad
1343 1517 1376 1557 c
1417 1513 1664 1558 marcas
1707 1494 1983 1578 rec-spere
2018 1495 2242 1578 possit.

543 1631 904 1700 Alexander
962 1635 1293 1721 episcopus
1353 1655 1570 1702 servus
1630 1653 1953 1700 servorum
2007 1633 2106 1699 dei
2156 1632 2399 1700 dilectis
2444 1631 2590 1698 filiis
2636 1636 2752 1698 etc.
2800 1632 3066 1700 salutem
3112 1637 3176 1700 et

319 1738 732 1824 apostolicam
796 1740 1313 1808 benedictionem.
1551 1739 1771 1808 Vestre
1829 1741 2071 1807 meritis
2129 1740 2449 1824 religionis
2506 1739 2892 1824 inducimur,
2947 1745 3019 1806 ut
3060 1761 3173 1807 vos
3260 1823 3267 1830 ᾗ

317 1865 775 1931 prosequamur
818 1848 1049 1933 gracia,
1097 1869 1216 1934 que
1261 1849 1487 1914 vestris
1532 1847 2009 1915 necessitatibus
2056 1868 2193 1914 esse
2240 1848 2583 1914 dinoscitur
2614 1852 2940 1934 oportuna.
3010 1847 3175 1915 Hinc

319 1959 435 2036 est,
486 1953 651 2037 quod
694 1974 808 2020 nos
845 1956 1071 2021 vestris
1119 1955 1678 2042 supplicationibus
1727 1961 2092 2039 annuentes,
2138 1960 2209 2021 ut
2238 1954 2317 2022 de
2346 1956 2553 2020 usuris
2568 1952 2603 2038 ²,
2649 1955 2891 2040 rapinis
2922 1959 2987 2022 et
3017 1955 3173 2021 alias

321 2059 486 2126 male
543 2061 860 2146 aquisitiS,
919 2062 1254 2128 dummodo
1302 2061 1422 2146 hii,
1481 2063 1703 2148 quibus
1748 2063 2032 2148 ipsorum
2077 2062 2398 2128 restitucio
2443 2060 2581 2127 fieri
2629 2061 2871 2145 debeat,
2920 2062 3173 2128 omnino

321 2166 591 2234 inveniri
639 2173 701 2234 et
745 2169 891 2235 sciri
936 2190 1063 2236 non
1109 2175 1391 2256 possunt,
1442 2169 1682 2235 necnon
1729 2169 1806 2235 de
1850 2168 2391 2256 redempcionibus
2436 2174 2742 2252 votorum,
2790 2187 2909 2254 que
2940 2168 3177 2235 fuerint

323 2274 694 2341 auctoritate
750 2276 1238 2363 dyocesanorum
1291 2275 1656 2363 pontificum
1703 2281 2114 2360 commutata,
2172 2275 2666 2343 lerosolimitano
2713 2275 3021 2342 duntaxat
3067 2296 3175 2342 ex-

322 2385 526 2468 cepto,
558 2403 754 2468 usque
785 2384 865 2450 ad
895 2405 1204 2451 summam
1236 2389 1488 2451 centum
1516 2403 1872 2450 marcarum
1903 2383 2145 2467 argenti
2175 2385 2456 2470 recipere
2487 2383 2771 2467 valeatis,
2803 2384 3175 2450 auctoritate

322 2489 501 2556 vobis
557 2491 950 2576 presencium
993 2487 1418 2576 indulgemus²
1467 2495 1530 2557 et
1575 2491 1866 2557 duximus
1912 2489 2407 2576 concedendum,
2471 2491 2526 2556 si
2570 2509 2684 2578 pro
2731 2488 3029 2556 similium
3075 2509 3175 2558 re-

323 2595 615 2683 cepcione
677 2596 832 2664 alias
890 2619 1014 2665 non
1075 2599 1212 2667 sitis
1269 2619 1310 2665 a
1364 2598 1546 2667 nobis
1598 2599 1871 2682 graciam
1915 2598 2274 2700 huiusmodi
2320 2599 2669 2681 consecuti,
2728 2599 2820 2664 ita
2865 2597 3060 2683 quod,
3120 2597 3177 2664 si

323 2703 560 2789 aliquid
616 2704 692 2770 de
747 2704 902 2792 ipsis
947 2712 1196 2773 centum
1242 2705 1472 2772 marcis
1515 2705 1878 2772 dimiseritis
1925 2705 2024 2771 vel
2070 2705 2467 2772 restitueritis
2525 2710 2636 2772 aut
2678 2704 2975 2772 dederitis
3020 2704 3171 2789 illis,

321 2831 362 2878 a
407 2811 632 2897 quibus
678 2831 783 2878 eas
828 2815 1212 2900 receperitis,
1257 2813 1614 2880 huiusmodi
1655 2809 2021 2879 dimissum²
2053 2813 2151 2880 vel
2202 2813 2561 2880 restitutum
2592 2833 2705 2879 seu
2734 2812 2951 2878 datum
2980 2811 3175 2880 nichil

324 2919 404 2984 ad
459 2918 899 2986 liberacionem
958 2941 1172 2987 eorum
1238 2920 1442 3006 prosit
1493 2940 1609 2986 nec
1664 2926 1963 3004 quantum
2026 2920 2104 2986 ad
2161 2919 2317 2985 illud
2373 2919 2721 2987 habeantur
2782 2919 3174 3005 aliquatenus

325 3025 612 3094 absoluti.
671 3026 838 3093 Nulli
872 3048 1020 3112 ergo
1049 3028 1375 3094 hominum
1405 3027 1594 3094 liceat
1622 3026 1784 3092 hanc
1813 3027 2110 3114 paginam
2140 3031 2355 3093 nostre
2386 3027 2803 3093 concessionis
2835 3027 3178 3110 infringere

323 3133 426 3200 vel
471 3135 528 3200 ei
575 3153 728 3200 ausu
775 3136 1106 3202 temerario
1154 3135 1482 3202 contraire.
1563 3133 1630 3200 Si
1679 3135 1816 3219 quis
1865 3140 2073 3200 autem
2119 3133 2235 3200 hoc
2279 3139 2655 3220 attemptare
2702 3133 3177 3221 presumpserit,

323 3240 814 3324 indignationem
872 3242 1316 3329 omnipotentis
1373 3241 1475 3308 dei
1531 3247 1594 3307 et
1650 3240 1974 3307 beatorum
2020 3239 2193 3307 Petri
2239 3245 2302 3306 et
2345 3239 2525 3306 Pauli
2572 3239 2998 3327 apostolorum
3045 3240 3179 3307 eius

325 3367 394 3414 se
454 3349 700 3414 noverit
765 3349 1178 3415 incursurum.
1267 3349 1500 3416 Datum
1570 3346 1859 3432 Anagnie
1916 3369 1960 3413 x
2017 3346 2319 3414 kalendas
2378 3347 2723 3415 decembris
2778 3347 3178 3435 pontificatus

323 3455 524 3522 nostri
569 3475 732 3521 anno
780 3461 1020 3542 quarto.

537 3587 658 3638 Sine
694 3587 837 3639 dato:
881 3587 1153 3652 „Treviris“
1195 3587 1259 3638 A.
1284 3585 1348 3636 16
1384 3603 1434 3652 p.
1460 3587 1573 3637 114.
1605 3617 1663 3624 —
1706 3587 1827 3637 Cum
1863 3585 2010 3637 dato:
2048 3585 2291 3652 originale
2326 3601 2438 3636 cum
2473 3585 2610 3637 bulla
2645 3585 2697 3636 in
2732 3585 2829 3637 filis
2855 3587 3057 3638 sericeis
3082 3603 3176 3653 ap-

323 3693 484 3742 pensa
531 3676 582 3726 in
632 3677 830 3727 archivo
879 3677 1066 3748 ordinis
1102 3673 1396 3726 Thoumnici
1430 3674 1822 3726 Vindobonensi.
1883 3675 2078 3726 2149
2124 3674 2254 3726 inter
2288 3675 2629 3726 Treverensia.
2689 3674 2763 3725 Cf.
2806 3673 2941 3726 1257
2989 3691 3103 3741 aug.
3128 3675 3179 3728 9.

324 3765 576 3816 Inducunt
597 3782 704 3816 nos.
753 3764 983 3830 speciale
1007 3781 1098 3829 pro
1124 3771 1448 3830 praeceptore
1474 3772 1525 3813 et
1547 3763 1782 3814 fratribus
1804 3763 1855 3814 h.
1883 3781 1922 3814 s.
1941 3763 2015 3814 M.
2032 3763 2125 3813 Th.
2148 3762 2203 3814 in
2225 3763 2499 3814 Luzelbure
2523 3763 2724 3814 Trever.
2750 3762 2878 3814 dioc.
2902 3763 2954 3814 in
2980 3762 3180 3815 archivo

326 3852 514 3905 ordinis
547 3843 840 3905 Theutonici
865 3851 1243 3903 vindobonensi
1279 3869 1389 3902 cum
1424 3851 1561 3902 bulla
1595 3852 1647 3902 in
1681 3851 1780 3903 filis
1816 3850 2019 3903 sericeis
2053 3851 2215 3902 rubris
2251 3859 2305 3902 et
2337 3851 2487 3903 luteis
2522 3868 2764 3918 appensa.
2947 3851 2993 3902 1.
3028 3869 3181 3902 usura

324 3943 389 3994 B.
428 3941 574 3994 deest
606 3943 670 3994 A.
699 3942 781 3994 16.
922 3940 974 3993 2.
1009 3941 1268 3992 remissum
1303 3940 1367 3992 A,
1389 3939 1470 3992 16.

330 4156 507 4228 598.
549 4159 726 4226 1258
767 4157 980 4222 novbr.
1007 4158 1096 4222 29
1125 4158 1476 4242 Anaqniae.
1547 4154 1912 4221 Alexander
1941 4154 2053 4220 IV
2070 4156 2293 4241 repetit
2332 4179 2397 4219 n.
2431 4155 2563 4221 544
2609 4155 2685 4220 de
2714 4154 2889 4220 1257
2917 4157 3087 4220 iunii
3113 4156 3174 4221 1.

552 4297 910 4364 Alexander
955 4301 1070 4364 etc.
1295 4295 1451 4362 Cum
1499 4296 1741 4363 dilectis
1784 4295 1933 4362 filiis
1980 4301 2095 4362 etc.
2165 4293 2400 4363 Datum
2447 4294 2738 4380 Anagnie
2783 4295 2853 4361 iii
2897 4295 3022 4361 kal.
3073 4295 3179 4364 de-

327 4407 596 4476 cembris
645 4403 1042 4492 pontificatus
1089 4401 1288 4472 nostri
1333 4423 1494 4470 anno
1543 4407 1784 4489 quarto.

334 4656 511 4727 599.
552 4657 728 4724 1258
757 4656 960 4721 decbr.
987 4655 1069 4722 11
1105 4655 1460 4740 Anaqniae.
1515 4651 1876 4718 Alexander
1904 4651 2015 4717 IV
2036 4655 2257 4738 repetit
2292 4675 2357 4716 n.
2382 4653 2515 4718 571
2550 4653 2628 4716 de
2656 4652 2835 4718 1257
2864 4652 3089 4738 septbr.
3114 4653 3177 4718 7.

549 4796 910 4863 Alexander
955 4803 1071 4862 etc.
1295 4794 1455 4860 Cum
1501 4793 1714 4861 dilecti
1759 4798 1875 4860 etc.
1944 4793 2183 4860 Datum
2227 4791 2517 4876 Anagnie
2560 4793 2633 4858 iii
2662 4792 2803 4858 idus
2834 4792 3181 4860 decembris

327 4904 728 4994 pontificatus
771 4903 974 4970 nostri
1017 4921 1182 4969 anno
1227 4907 1469 4987 quarto.

1482 5082 1493 5087 -
1501 5079 2067 5088 -——-———.·-—.-———-———

2641 5119 2761 5176 26*
