3892 5609
729 304 881 375 304
1491 308 1500 319 '
1703 313 2131 363 PONTIFICUM
2174 313 2623 394 solimorum

723 479 933 540 vestre
977 494 1092 560 per
1139 472 1482 560 apostolica
1527 473 1764 560 scripta
1809 475 2184 541 mandamus
2233 480 2421 559 atque
2466 474 2871 560 precipimuS,
2898 474 3219 563 ⁴quatinus
3266 472 3475 539 dictos
3520 474 3618 537 vi-

723 581 948 667 carios,
996 587 1068 646 ut
1110 582 1178 646 in
1225 579 1502 646 ecclesiis
1551 582 1891 646 eorundem
1938 582 2208 647 fratrum
2254 580 2523 646 vicarios
2571 580 2727 645 alios
2772 582 3105 647 instituere
3151 580 3422 646 minime
3466 598 3621 665 pre·

721 694 1008 769 sumant,
1063 688 1261 753 immo
1321 686 1764 772 personaliter,
1833 694 1904 753 ut
1958 695 2284 771 tenentur,
2344 683 2735 753 deserviant²
2795 689 2863 753 in
2924 687 3194 770 eisdem,
3252 687 3621 753 municione

722 794 1036 881 premissa
1083 814 1198 880 per
1241 794 1525 879 ipsorum
1575 792 2013 861 beneficiorum
2050 794 2537 861 subtractionem
2588 793 3010 881 appellatione
3050 799 3301 861 remota.
3346 792 3617 876 cogatis.

724 898 962 967 Datum
1007 898 1308 970 Laterani
1355 900 1470 966 xiii
1517 900 1644 967 kal.
1687 901 1992 968 februarii
2042 900 2441 987 pontificatus
2489 901 2692 967 nostri
2737 922 2900 967 anuo
2946 924 3006 968 v.

933 1040 1057 1091 Sine
1093 1041 1240 1092 dato:
1277 1040 1320 1101 Ι,
1345 1040 1475 1092 69v.
1511 1058 1562 1091 n.
1587 1040 1684 1101 26;
1721 1042 1787 1104 11,
1815 1042 1944 1093 97v.
1982 1042 2149 1105 n.27;
2186 1041 2341 1095 A.20
2374 1042 2513 1093 n.27
2550 1043 2731 1093 Latine
2766 1052 2819 1093 et
2854 1042 3155 1094 Germanice
3200 1058 3317 1092 cum
3352 1050 3505 1093 nota:
3552 1041 3615 1091 In

721 1129 895 1194 Bysen
919 1137 1044 1191 etc.;
1081 1129 1144 1179 R.
1169 1129 1271 1179 154
1305 1130 1438 1180 inter
1459 1130 1741 1181 Iuncensia.
1798 1132 1861 1182 A.
1888 1131 1951 1181 16
1988 1150 2039 1199 p.
2060 1133 2131 1183 94
2172 1133 2418 1198 „Iuncis“.
2473 1132 2536 1183 D.
2562 1132 2649 1185 26.
2678 1162 2741 1169 —
2782 1132 2905 1183 Cum
2930 1132 3075 1183 dato:
3110 1130 3357 1181 Laterani
3392 1131 3483 1181 xiii
3504 1128 3613 1180 kal.

721 1218 962 1269 februarii
997 1236 1046 1284 p.
1073 1236 1126 1279 n.
1151 1237 1198 1269 a.
1222 1220 1274 1269 5.
1337 1218 1427 1281 IV,
1458 1219 1556 1269 185
1571 1237 1618 1269 v.
1653 1236 1704 1269 n.
1731 1219 1811 1270 13.
1878 1219 2138 1285 originale
2187 1222 2437 1287 quondam
2474 1220 2720 1272 Iuncense
2767 1238 2879 1271 cum
2926 1218 3063 1271 bulla
3111 1220 3161 1269 in
3212 1219 3311 1269 filis
3354 1218 3521 1269 rubris
3558 1230 3615 1267 et

721 1305 872 1360 luteis
907 1306 1230 1373 appendente
1267 1324 1400 1357 nunc
1425 1305 1758 1358 Vindobonae
1795 1308 1846 1358 in
1883 1308 2085 1360 archivo
2122 1309 2311 1361 ordinis
2348 1309 2645 1361 Theutonici
2682 1318 2983 1361 asservatur.
3184 1308 3230 1358 l.
3268 1306 3533 1373 superflua
3572 1306 3613 1355 1.

723 1394 775 1447 2.
809 1412 978 1461 ymmo
1018 1424 1080 1434 —
1121 1395 1408 1447 deserviant
1443 1394 1590 1446 deest
1622 1396 1648 1447 1
1684 1395 1973 1447 deserviant
2007 1398 2073 1449 11.

729 1660 906 1733 339.
947 1664 1122 1730 1221
1167 1667 1458 1729 ianuarii
1497 1664 1589 1731 20
1635 1666 1959 1731 Laterani.
2030 1667 2357 1733 Honorius
2407 1668 2531 1732 III
2563 1680 2728 1733 vetat
2770 1668 3049 1732 homines
3091 1666 3345 1731 ordinis
3398 1663 3609 1729 Theu-

947 1774 1144 1836 tonici
1177 1774 1556 1857 pecuniaria
1599 1794 1807 1858 poena
1849 1777 2093 1859 puniri.

807 1979 812 1988 ,
902 1910 1220 1978 Honorius
1280 1914 1612 1999 episcopus
1671 1934 1889 1979 servus
1962 1935 2287 1981 servorum
2344 1916 2445 1981 dei
2502 1912 2964 1980 venerabilibus
3020 1913 3329 1979 fratribus
3402 1912 3609 1977 archi-

725 2020 1036 2106 episcopis
1069 2023 1134 2084 et
1178 2020 1490 2105 episeopis
1524 2026 1589 2085 et
1619 2020 1862 2086 dilectis
1893 2020 2040 2086 filiis
2072 2020 2423 2104 abbatibus,
2456 2020 2791 2107 prioribus,
2825 2020 3099 2105 decauiS,
3143 2018 3609 2085 archidiaconis

725 2132 789 2193 et
835 2126 976 2191 aliis
1023 2125 1430 2193 ecclesiarum
1479 2126 1763 2212 prelatis,
1813 2126 1894 2192 ad
1941 2148 2095 2212 quos
2141 2128 2353 2194 littere
2390 2128 2511 2194 iste
2553 2128 2973 2215 pervenerint,
3022 2126 3290 2193 salutem
3338 2130 3406 2191 et
3452 2146 3607 2211 apo-

721 2233 1011 2299 stolicam
1058 2231 1579 2298 benedictionem.
1804 2232 2039 2300 Dilecti
2086 2232 2218 2317 filii,
2264 2235 2494 2301 fratres
2527 2236 2749 2301 domus
2789 2234 3121 2320 hospitalis
3152 2238 3373 2299 sancte
3408 2232 3605 2298 Mar-ie

723 2340 1250 2407 Theotonicorum
1281 2339 1785 2424 Ierosolimitani,
1817 2338 2221 2407 transmissa¹
2265 2342 2447 2407 nobis
2476 2342 2909 2408 insinuacione
2938 2346 3396 2424 monstrarunt,
3436 2339 3607 2424 quod

727 2446 1151 2514 archidiaconi
1195 2450 1260 2511 et
1304 2446 1528 2513 decani
1571 2446 1638 2512 in
1684 2448 1912 2513 vestris
1958 2448 2244 2533 partibus
2276 2449 2601 2515 constituti
2645 2455 2777 2514 tam
2822 2470 2940 2535 per
2983 2468 3050 2513 se
3097 2468 3287 2532 quarn
3318 2468 3437 2533 per
3467 2444 3607 2512 offi-

723 2554 913 2619 ciales
960 2572 1107 2619 sues
1150 2552 1438 2619 homines
1485 2553 1910 2639 predictorum
1956 2554 2224 2621 fratrum
2255 2576 2369 2641 pro
2403 2555 2760 2622 excessibus
2791 2556 2923 2621 suis
2954 2556 3035 2621 ad
3067 2555 3371 2621 iudicium
3408 2552 3605 2619 eccle-

723 2661 1047 2726 siasticum
1080 2659 1473 2746 pertrahunt,
1507 2665 1578 2725 ut
1608 2679 1824 2726 eorum
1856 2662 2071 2746 pocius
2102 2663 2431 2748 pecuniam
2464 2662 2711 2745 tollant,
2760 2682 2944 2746 quam
2976 2668 3050 2727 ut
3079 2660 3337 2744 dignam
3368 2661 3463 2726 eis
3494 2680 3606 2745 pe-

722 2767 1064 2833 nitenciam
1108 2787 1223 2853 pro
1260 2767 1535 2851 peccatis
1565 2766 1914 2850 iniungant,
1962 2768 2139 2833 cum²
2169 2768 2495 2853 indignum
2530 2770 2633 2851 sit,
2666 2765 2769 2834 ut⁸
2800 2769 3067 2853 predicti
3096 2768 3347 2849 fratres,
3380 2767 3491 2851 qui
3524 2766 3607 2830 ad

723 2873 1152 2939 defensionem
1198 2873 1522 2939 orientalis
1563 2874 1822 2940 ecclesie
1853 2874 1991 2959 pias
2025 2870 2138 2940 ab⁴
2168 2874 2344 2939 aliis⁶
2374 2872 2829 2941 helemosinas⁶
2862 2880 3151 2958 querunt,
3197 2873 3604 2959 dispendium

725 2978 978 3063 aliquod
1009 2979 1108 3044 vel
1153 3000 1492 3061 gravamen
1534 2980 1601 3045 in
1632 2979 1841 3063 rebuS,
1889 3000 2009 3065 que
2041 2982 2119 3045 ad
2152 3002 2257 3047 eos
2288 2984 2625 3067 pertinent,
2672 2983 3031 3067 paciantur3
3078 2982 3345 3064 ideoque
3373 2980 3604 3045 frater—

723 3086 910 3151 nitati
941 3093 1148 3152 vestre
1194 3106 1309 3171 per
1354 3086 1700 3172 apostolica
1744 3088 1983 3173 scripta
2026 3088 2399 3153 mandamus
2447 3094 2635 3173 atque
2677 3088 3080 3175 precipimuS,
3128 3089 3426 3173 quatinus
3456 3085 3605 3173 press

723 3193 924 3259 dictos
971 3192 1441 3261 archidiaconos
1487 3199 1552 3258 et
1595 3193 1864 3261 decanos
1911 3214 2023 3259 seu
2067 3190 2413 3280 quoslibet⁷
2470 3190 2806 3261 officiales⁸
2862 3191 3117 3261 eorum⁹
3174 3194 3603 3280 appellatione

725 3304 792 3366 et
845 3300 1250 3366 excusatione
1297 3300 1686 3365 cessantibus
1741 3320 1856 3385 per
1911 3320 2240 3366 censuram
2302 3300 2789 3367 ecclesiasticam
2846 3302 3295 3387 compescatiS,
3352 3322 3435 3365 ne
3488 3300 3602 3365 ho-

722 3406 926 3472 mines
986 3404 1410 3491 predictorum
1469 3406 1737 3472 fratrum
1792 3428 1906 3491 pro
1956 3408 2313 3473 excessibus
2360 3410 2489 3474 suis
2535 3429 2700 3495 pena
2744 3409 3111 3494 pecuniaria
3155 3407 3445 3493 puniant,
3490 3406 3601 3472 sed

725 3511 854 3578 alia
909 3512 1000 3578 eis
1055 3514 1357 3599 imposita
1413 3508 1826 3599 penitencia¹⁰
1871 3514 2037 3580 bona
2092 3536 2307 3581 eorum
2366 3516 2447 3581 ad
2504 3536 2653 3581 usus
2719 3514 3145 3600 predictorum
3200 3515 3475 3579 fratrum
3532 3516 3599 3579 in

722 3639 880 3705 pace
943 3640 1018 3685 ac
1084 3621 1294 3704 quiete
1362 3616 1748 3687 dimittantu.
1829 3620 2069 3686 Datum
2122 3620 2424 3688 Laterani
2478 3622 2593 3687 xiii
2650 3620 2775 3686 kal.
2832 3621 3135 3688 februarii
3191 3620 3599 3706 pontificatus

723 3726 928 3793 nostri
973 3746 1135 3793 anno
1184 3727 1422 3811 quinto.

937 3858 1060 3910 Sine
1096 3860 1241 3911 dato:
1289 3860 1340 3922 1,
1366 3858 1436 3911 68
1447 3878 1464 3920 ς
1498 3860 1578 3921 ΙΙ,
1603 3857 1672 3911 97
1709 3876 1758 3911 n.
1780 3860 1878 3921 24;
1924 3860 2077 3911 A.20
2111 3878 2162 3911 n.
2182 3860 2253 3910 24
2297 3861 2477 3911 Latine
2524 3868 2576 3910 et
2612 3860 2913 3912 Germanice
2954 3876 3067 3911 cum
3100 3868 3249 3911 nota:
3290 3858 3599 3926 „Gregorius

721 3947 838 3999 huic
857 3947 1018 4000 simile
1038 3949 1090 3999 in
1107 3947 1353 4015 Mar-purg
1371 3950 1496 3999 ete.“
1519 3949 1583 4000 D.
1597 3948 1683 3999 23.
1699 3978 1760 3987 —
1787 3949 1909 4000 Cum
1927 3949 2075 4000 dato:
2105 3949 2344 4000 Laterani
2368 3949 2454 3999 xiii
2474 3948 2577 3999 kal.
2592 3948 2718 4000 febr.
2738 3967 2789 4016 p.
2806 3968 2851 4001 a.
2864 3950 2914 4000 5.
2950 3949 3014 3999 R.
3030 3949 3099 3999 68
3116 3950 3247 3999 inter
3263 3946 3595 4014 Mer-geuthe-

723 4036 919 4088 men-ia
953 4054 1004 4087 n.
1031 4038 1110 4088 10.
1166 4036 1424 4103 originale
1461 4053 1574 4088 cum
1609 4036 1748 4088 bulla
1781 4038 1834 4088 in
1870 4036 1968 4088 filis
2006 4037 2207 4088 sericeis
2244 4038 2584 4104 appendente,
2623 4036 2757 4103 quod
2794 4038 3045 4102 quondam
3080 4038 3176 4089 fuit
3208 4036 3596 4103 Mergenthemi,

721 4142 856 4175 nunc
903 4133 1190 4177 asservatur
1227 4124 1559 4177 vindobonae
1603 4126 1654 4176 in
1704 4124 1892 4177 ordinis
1927 4126 2226 4177 'I'heutonici
2272 4126 2490 4178 archivo.
2709 4127 2753 4176 1.
2800 4144 2891 4177 sua
2925 4126 2966 4177 1.
3181 4112 3251 4177 2.‘
3270 4126 3397 4176 Oum
3428 4126 3596 4189 itaque

723 4212 787 4263 A.
813 4212 899 4264 20.
1043 4214 1093 4265 3.
1131 4212 1266 4279 quod
1299 4213 1342 4264 1.
1483 4214 1534 4265 4.
1573 4214 1718 4265 deest
1751 4214 1793 4265 Ι.
1936 4217 1988 4265 5.
2024 4216 2097 4266 sic
2132 4214 2199 4265 H.
2344 4214 2393 4266 6.
2430 4214 2495 4265 ab
2533 4214 2606 4265 eis
2644 4214 2707 4265 A.
2732 4212 2817 4265 20.
2865 4223 3049 4281 petunt
3070 4215 3111 4266 L
3254 4212 3307 4267 7.
3344 4230 3593 4281 quoscun-

723 4318 823 4367 que
857 4301 922 4355 A.
939 4302 1024 4353 20.
1181 4302 1232 4354 8.
1269 4318 1362 4369 pro
1399 4302 1640 4355 officiales
1678 4318 1850 4354 eorum
1883 4303 1910 4354 1
1943 4303 2101 4355 habet
2138 4302 2279 4355 alios.
2420 4304 2472 4355 9.
2508 4303 2657 4355 deest
2690 4303 2731 4356 Ι.
2879 4304 2960 4355 10.
2996 4319 3133 4369 pena
3164 4303 3207 4355 L
3356 4303 3440 4354 11.
3474 4319 3591 4369 pen-

721 4389 925 4441 mittant
959 4392 1023 4443 A.
1049 4388 1136 4441 20.

727 4591 903 4663 340.
947 4598 1118 4665 1221
1169 4600 1458 4663 ianuarii
1487 4597 1576 4663 20
1623 4597 1946 4663 Laterani.
2016 4599 2345 4665 Honorius
2376 4599 2502 4663 III
2535 4610 2699 4665 vetat
2744 4600 2987 4665 ordinas
3026 4597 3397 4665 Theutonici
3437 4621 3591 4685 apo-

943 4717 1139 4770 statas
1184 4706 1274 4770 ad
1320 4705 1518 4771 aliam
1561 4706 1927 4791 reliyionem
1972 4709 2349 4772 transituros
2394 4708 2613 4792 recipi.

947 4844 1266 4913 Honorius
1312 4845 1646 4932 episcopus
1701 4864 1918 4912 servus
1976 4866 2299 4913 servorum
2360 4846 2460 4912 dei
2516 4845 2979 4913 venerabilibus
3034 4846 3338 4913 fratribus
3394 4846 3591 4913 archi-

722 4952 1036 5038 episcopis
1097 4957 1160 5018 et
1204 4953 1549 5039 episcopis,
1607 4959 1674 5019 et
1731 4953 1979 5021 dilectis
2034 4952 2180 5020 filiis
2238 4952 2603 5037 abbatibus,
2662 4954 3001 5040 prioribus,
3060 4954 3337 5039 decanis,
3396 4954 3591 5021 archi-
