3892 5609
678 317 713 385 1
730 315 843 386 32=
1951 327 2266 376 nonnus

670 484 879 552 choles
934 504 1052 571 par
1094 484 1159 550 la
1203 505 1389 568 grace
1442 485 1523 551 de
1566 484 1688 552 deu
1734 505 2037 571 avesques
2085 487 2163 552 de
2207 484 2536 552 Gouronne
2581 484 2606 550 i
2653 485 2712 550 ai
2767 484 2890 550 mis
2947 483 3010 548 lo
3062 485 3236 551 mien
3294 483 3423 552 seel
3479 483 3539 550 el

668 610 795 657 non
841 592 919 658 de
963 591 1439 676 tesmoignagne
1484 595 1670 658 ceste.

882 705 925 768 1,
961 705 1031 759 58
1066 722 1117 757 n.
1148 705 1265 756 112.
1464 706 1511 756 1.
1536 705 1601 756 V.
1628 704 1689 756 cl.
1715 703 1863 770 Hopf
1889 704 2039 758 docet
2073 722 2104 756 e
2139 713 2294 772 gente
2331 704 2677 771 carpiniorum
2714 704 2779 756 de
2802 703 3033 756 Vostitsa
3067 703 3334 755 oriundam
3369 703 3541 754 finisse.

668 793 721 844 2.
756 793 887 860 Jaqe
922 791 983 845 B.
1196 794 1248 846 3.
1284 811 1317 844 a
1350 792 1463 846 lour
1496 793 1603 844 foi?
1816 793 1869 845 4.
1906 810 1966 846 co
2001 793 2063 845 Β.

678 998 713 1066 1
730 997 851 1068 31.
896 999 1079 1066 1237
1107 1003 1286 1066 iunio
1332 1024 1439 1087 ap.
1468 1000 1927 1098 Andrevillanq.
2006 995 2334 1083 Goffridua
2375 1002 2562 1086 prior
2592 1012 2648 1064 et
2672 998 2921 1084 fratres
2965 998 3298 1084 hospitalis
3343 1020 3394 1062 ε.
3429 996 3542 1062 Ια-

895 1106 1037 1172 cobi
1078 1107 1155 1172 de
1182 1107 1561 1173 Annio-ovilla
1596 1103 1974 1192 Greqorium
2016 1127 2259 1192 papam
2282 1105 2392 1170 IX
2427 1118 2676 1192 royant,
2723 1118 2793 1170 ut
2833 1106 3008 1190 ipsos
3055 1127 3196 1170 cum
3239 1104 3548 1190 hospitali

892 1235 1004 1279 suo
1052 1215 1269 1279 ordini
1310 1236 1359 1279 s.
1394 1215 1649 1279 Mariae
1688 1213 2212 1278 Theutonicomm
2255 1215 2458 1279 uniat.

898 1333 1310 1402 Sanctissimo
1358 1340 1423 1403 et
1464 1336 1807 1403 universali
1852 1336 1920 1402 in
1950 1333 2200 1402 Christo
2245 1335 2414 1421 patri
2446 1353 2519 1400 ac
2548 1333 2802 1401 domino
2833 1332 3136 1417 Gregorio
3181 1332 3285 1399 dei
3328 1333 3547 1416 gracia

674 1447 1070 1508 sacrosancte
1114 1441 1393 1510 Romane
1438 1442 1699 1510 ecclesie
1757 1461 2002 1509 summo
2055 1439 2336 1528 pontifici
2383 1439 2698 1507 Goffridus
2743 1441 2918 1526 prior
2961 1439 3291 1526 hospitalis
3339 1438 3546 1506 sancti

672 1547 881 1614 Iacobi
912 1548 989 1613 de
1019 1547 1392 1615 Andrevilla
1434 1569 1563 1615 una
1592 1569 1735 1615 cum
1766 1547 2042 1635 capitulo
2089 1553 2153 1614 et
2195 1548 2608 1614 universitate
2650 1547 2916 1612 fratrum
2949 1551 3014 1612 et
3043 1566 3326 1613 sororum
3377 1547 3544 1612 eius-

672 1654 816 1721 dem
860 1653 1193 1740 hospitalis
1248 1655 1481 1740 pedum
1528 1655 1742 1722 oscula
1789 1655 2131 1722 beatorum.
2216 1654 2513 1748 Qualiter
2542 1653 2832 1719 dominus
2878 1649 3196 1719 Goffridus
3241 1654 3542 1740 princeps

671 1759 931 1846 Achaye
987 1760 1148 1827 bone
1200 1762 1503 1828 memorie
1547 1762 1804 1828 domum
1847 1760 2181 1847 hospitalis
2227 1761 2428 1827 sancti
2471 1759 2680 1826 Iacobi
2727 1759 2804 1825 de
2849 1758 3222 1827 Andrevilla
3275 1779 3393 1846 pro
3441 1779 3543 1825 sa-

673 1867 805 1934 lute
851 1867 1060 1934 anime
1106 1887 1217 1934 sue
1264 1867 1345 1933 ad
1389 1888 1741 1955 pauperum
1773 1872 2203 1935 sustentamen
2233 1867 2613 1947 fundaverit,
2661 1870 2936 1932 vestram
2969 1867 3370 1934 sanctitatem
3407 1886 3543 1933 cre-

672 1973 879 2040 dimus
924 1973 1085 2040 bene
1132 1974 1309 2041 scire.
1376 1974 1636 2042 Etcum
1665 1995 1802 2057 noS,
1851 1975 1958 2058 qui
1991 1994 2205 2040 sumus
2235 1974 2463 2040 fratres
2511 1974 2662 2039 dicti
2705 1972 3038 2059 hospitalis
3082 1973 3234 2040 licet
3273 1974 3540 2058 indigni,

672 2099 798 2146 non
846 2081 1043 2146 simus
1088 2079 1467 2148 sufficientes
1514 2081 1595 2147 ad
1626 2080 2100 2149 distributiones
2131 2081 2282 2146 dicti
2317 2079 2648 2166 hospitalis
2695 2077 3176 2146 elemosinarum
3222 2101 3338 2166 pro
3387 2100 3544 2166 pau-

670 2206 897 2272 perum
943 2189 1400 2282 sustentatione
1446 2194 1511 2254 et
1541 2187 1759 2271 regula
1788 2188 1990 2254 nostri
2019 2186 2259 2254 ordinis
2293 2186 2702 2270 observanda,
2749 2186 3042 2271 quoniam
3089 2185 3332 2252 nullam
3375 2187 3544 2252 inter

673 2313 789 2360 nos
848 2313 1184 2379 possumus
1228 2295 1510 2360 invenire
1554 2313 1889 2381 personam
1936 2295 2018 2361 ad
2059 2294 2178 2361 hoc
2221 2293 2532 2380 ydoneam
2577 2298 2642 2360 et
2682 2293 3010 2376 timemuS,
3067 2294 3232 2360 sicut
3277 2293 3546 2379 apertis-

676 2399 835 2465 sime
864 2396 1120 2466 cotidie¹
1152 2400 1456 2484 videmuS,
1502 2421 1583 2466 ne
1614 2402 1779 2467 bona
1809 2401 1962 2468 dicti
1989 2400 2321 2487 hospitalis
2366 2421 2482 2486 pro
2513 2400 2760 2467 defectu
2791 2400 3228 2483 gubernatoris
3269 2399 3546 2486 pessime

676 2510 1173 2592 pertractentur,
1219 2508 1443 2592 immo,
1491 2506 1659 2592 quod
1702 2507 1980 2573 deterius
2027 2513 2154 2592 est,
2209 2507 2291 2573 ad
2335 2507 2637 2574 nichilum
2683 2506 3082 2590 redigantur,
3139 2506 3222 2572 ad
3267 2511 3545 2572 vestram

681 2604 1101 2692 sanctitatem,
1158 2611 1321 2679 sicut
1365 2612 1663 2680 debemus
1709 2618 1773 2680 et
1818 2618 2126 2698 tenemur,
2181 2615 2561 2680 recurrimus
2607 2612 3010 2697 confidenter,
3057 2613 3356 2698 quoniam
3401 2618 3549 2700 post

680 2719 867 2785 deum
911 2718 1155 2784 nullum
1200 2719 1433 2785 scimus
1478 2721 1709 2786 habere
1759 2725 2001 2787 certum
2058 2721 2370 2804 refugium
2425 2720 2552 2785 nisi
2598 2724 2880 2786 vestrum
2893 2769 2912 2804 ,
2967 2725 3177 2787 vestre
3223 2719 3548 2786 sanctitati

680 2845 822 2891 cum
869 2825 1275 2892 lacrimarum
1321 2824 1619 2893 effusione
1666 2827 1988 2894 humiliter
2033 2826 2508 2913 supplicantes,·
2535 2826 2830 2910 quatinus
2876 2845 3114 2912 preces,
3167 2847 3325 2912 quas
3367 2826 3550 2893 vobis

679 2931 1022 3014 fundimus,
1066 2931 1415 3016 dignemini
1458 2932 1775 3000 exaudire.
1846 2933 1933 2999 Et
1978 2935 2276 3018 quoniam
2307 2932 2648 3000 secundum
2679 2931 3155 3019 dispositionem
3193 2933 3548 3000 fundatoris

678 3035 1181 3126 hospitalitatem
1224 3043 1513 3106 tenemur
1556 3040 1778 3118 modis,
1808 3040 2098 3106 omnibus
2145 3040 2478 3107 observare
2524 3045 2606 3122 et,
2656 3043 2729 3105 nt
2769 3039 2898 3106 iam
2933 3040 3231 3125 diximus,
3276 3059 3398 3127 pro
3441 3039 3549 3106 de-

680 3145 851 3211 fectu
892 3145 1168 3230 pastoris
1212 3144 1496 3228 reg-ulam
1532 3146 2113 3214 et'elemosinarum
2145 3145 2420 3212 officium
2450 3165 2724 3229 congrue
2769 3165 2898 3211 non
2942 3165 3277 3231 possumus
3321 3145 3550 3230 guber-

681 3270 856 3334 nare,
901 3251 1174 3337 petimus
1219 3251 1543 3319 humiliter
1588 3259 1653 3319 et
1696 3252 1936 3337 devote,
1987 3247 2314 3337 quatinus’
2358 3273 2474 3318 nos
2520 3252 2726 3318 ordini
2771 3258 2987 3318 sancte
3033 3251 3234 3319 Marie
3277 3252 3554 3319 Theoto-

681 3359 964 3424 nicorum
1023 3363 1235 3424 vestra
1289 3358 1585 3442 dignetur
1640 3361 1942 3426 sanctitas
2012 3360 2381 3426 submittere
2453 3363 2641 3443 atque
2697 3359 3080 3426 unanimiter
3138 3359 3413 3444 sociare,
3481 3365 3560 3426 ut

685 3483 898 3530 eorum
944 3463 1215 3546 vestig-ia
1257 3471 1589 3550 sequentes
1646 3471 1711 3532 et
1758 3465 2045 3549 regulam
2091 3486 2307 3533 eorum
2354 3465 2756 3532 observantes
2801 3485 2947 3549 nos,
3004 3465 3114 3549 qui
3158 3465 3414 3532 deviare
3457 3467 3556 3531 vi-

684 3569 939 3654 demur,
995 3571 1164 3636 viam
1210 3572 1496 3637 veritatis
1541 3573 1838 3657 consequi
1882 3572 2225 3639 valeamus.
2305 3572 2468 3638 Nam
2481 3622 2500 3656 ,
2558 3573 2634 3662 si·
2674 3591 2888 3638 eorum
2945 3571 3152 3637 ordini
3195 3572 3556 3639 suberimus

564 3695 574 3702 ·
682 3683 985 3763 tanquam
1032 3697 1249 3743 eorum
1294 3677 1403 3744 alii
1446 3677 1677 3744 fratres
1716 3681 1919 3745 tocius
1952 3680 2210 3764 ordinis,
2259 3685 2429 3746 terra
2459 3678 2696 3744 domini
2742 3677 3046 3764 principis
3090 3685 3352 3763 propter
3395 3680 3556 3745 resi-

685 3783 970 3850 denciam
1004 3788 1412 3868 armatorum,
1460 3785 1663 3869 quiin
1694 3785 1915 3852 eodem
1943 3786 2082 3853 loco
2126 3785 2606 3872 permanebunt,
2654 3785 2930 3851 securior
2975 3785 3406 3870 permanebit3
3453 3806 3556 3852 se-

686 3889 889 3957 cundo
947 3889 1017 3956 in
1071 3890 1291 3957 eadem
1350 3890 1536 3956 domo
1598 3911 1909 3978 pauperes
1967 3891 2465 3959 misericordiam
2519 3890 3008 3956 miserisorditer
3063 3897 3556 3975 consequentum

686 3996 882 4063 tercio
928 4015 1063 4081 nos,
1113 3997 1222 4080 qui
1266 3995 1508 4062 nullum
1556 4003 1738 4064 extra
1780 3997 2152 4066 Romaniam
2197 3997 2510 4080 refugium
2555 3997 2786 4064 habere
2831 3996 3138 4079 videmur,
3185 3997 3353 4080 quod
3396 3996 3558 4064 deus

688 4107 951 4186 avertat,
1000 4103 1055 4166 si
1100 4107 1272 4169 terra
1317 4103 1663 4170 dominium
1712 4104 2030 4171 amitteret
2061 4103 2452 4186 Latinorum,
2501 4103 2579 4171 ab
2615 4104 2717 4175 ‚eis
2763 4122 2877 4168 nos
2921 4102 3152 4169 fratres
3197 4108 3262 4169 et
3305 4123 3556 4171 sorores

684 4229 1015 4295 possemus
1044 4215 1318 4292 congrue
1348 4210 1685 4276 sustentari
1698 4206 1741 4276 ⁸.
1809 4210 1881 4277 In
1916 4211 2094 4278 cuius
2133 4211 2230 4276 rei
2273 4210 2700 4277 testimonium
2747 4208 3148 4296 presentibus
3191 4208 3422 4276 litteris
3469 4210 3556 4276 si·

686 4314 841 4398 gilla
884 4320 1101 4381 nostra
1147 4315 1573 4402 apposuimus.
1640 4317 1728 4383 Et
1769 4337 1885 4384 nos
1913 4316 2290 4385 Benedictus
2321 4315 2838 4401 Cephaloniensis
2875 4322 2940 4383 et
2967 4315 3373 4382 Iiacinctinus
3418 4315 3555 4403 epi-

688 4440 915 4506 scopus
961 4426 1024 4487 et
1063 4420 1371 4489 Iohannes
1402 4422 1753 4490 Andrensis
1798 4423 2130 4510 episcopus
2175 4430 2241 4491 et
2269 4420 2587 4489 Gerardus
2633 4421 2906 4490 decanus
2938 4420 3272 4488 Thebanus
3318 4421 3398 4488 ad
3442 4442 3558 4508 pe-

684 4527 983 4594 ticionem
1025 4528 1258 4615 prioris
1314 4534 1377 4595 et
1422 4529 1684 4616 capituli
1728 4531 1929 4597 sancti
1974 4530 2182 4597 iacobi
2231 4530 2310 4596 de
2353 4528 2728 4620 Andrevilla
2781 4527 2990 4614 sigilla
3032 4533 3252 4595 nostra
3297 4547 3556 4614 presen-

688 4633 856 4700 tibus
900 4633 1131 4701 litteris
1178 4637 1605 4721 apposuimus.
1676 4636 1912 4703 Datum
1961 4636 2131 4723 apud
2161 4634 2596 4705 Andrevillam
2640 4655 2857 4703 mense
2900 4635 3062 4702 iunii
3106 4655 3272 4702 anno
3315 4634 3557 4701 domini

687 4750 780 4806 m⁰
808 4749 905 4808 cc⁰
934 4751 1094 4807 xxx⁰
1123 4742 1257 4808 vii⁰.

898 4862 941 4924 Ι,
964 4863 1036 4915 53
1070 4881 1122 4916 11.
1145 4860 1251 4916 10⁰
1282 4879 1513 4918 mancum
1534 4865 1586 4918 in
1610 4865 1738 4928 finez
1776 4883 1889 4920 cum
1914 4865 2240 4934 chronologia
2263 4867 2331 4918 55
2347 4881 2393 4918 v.
2419 4883 2469 4919 11.
2494 4865 2611 4919 106.
2761 4866 2806 4918 1.
2843 4881 2886 4917 c.
2911 4882 2958 4917 a.
2985 4865 3055 4918 53
3065 4881 3113 4917 v.
3257 4863 3310 4916 2.
3345 4873 3404 4917 ut
3425 4864 3496 4916 55
3507 4881 3554 4916 v.

688 4950 741 5002 3.
776 4959 979 5004 caetera
1014 4951 1199 5004 desunt
1234 4952 1303 5004 53
1316 4969 1362 5004 v.
