3892 5609
1361 331 1752 380 rmvmmm
1797 331 2184 380 canamus
3040 320 3191 392 439

341 491 672 578 hospitalis
719 511 792 558 ao
835 511 950 577 pro
997 491 1456 558 sustentacione
1499 492 1764 558 fratrum
1814 491 1967 558 dieti
2010 491 2341 578 hospitalis
2390 491 2456 557 in
2502 490 2737 558 eisdem
2772 490 3059 558 domibus
3090 492 3197 558 de-

339 599 626 682 gencium
672 619 788 686 pro
832 599 1170 683 largicione
1216 598 1606 687 donaverunt
1651 619 1723 664 ac
1765 599 1961 666 eciam
1994 603 2435 666 concesserunt
2464 604 2528 664 et
2557 599 2813 685 insuper
2841 599 3199 666 huiusmodi

341 711 407 772 et
457 706 742 772 nonnulli
797 705 906 772 alii
962 706 1190 772 fratres
1247 705 1313 770 in
1367 705 1526 791 ipsis
1585 725 1658 771 ac
1714 706 1908 772 eciam
1969 707 2033 771 in
2094 705 2467 791 quibusdam
2526 705 2665 771 aliis
2713 705 2999 772 domibus
3046 706 3197 773 dicti

339 812 672 899 hospitalis
717 817 1174 880 commorantes
1218 811 1552 879 nonnullas
1598 813 1753 879 alias
1800 812 2091 879 ecclesias
2139 811 2561 900 parrochiales
2594 832 2667 878 ac
2695 813 2794 878 ius
2826 819 3195 898 patronatus

341 941 562 987 earum
615 919 755 986 aliis
813 920 1028 1004 iustis,
1085 926 1158 985 ut
1214 918 1518 1001 creditur,
1575 919 1776 985 titulis
1823 921 2319 1006 acquisiverunt,
2379 939 2643 1004 quarum
2690 917 2935 1004 aliquas
2980 941 3053 987 ac
3096 921 3197 987 ius

341 1031 712 1114 patronatus
758 1026 1115 1094 huiusmodi
1161 1031 1224 1092 et
1269 1026 1669 1111 presentandi
1714 1031 1989 1094 rectores
2028 1027 2107 1094 ad
2137 1027 2281 1094 illas
2310 1026 2664 1093 habuerunt
2692 1031 2757 1092 et
2782 1027 3199 1112 possederunt

341 1133 600 1220 pacifice
646 1140 710 1201 et
754 1135 962 1219 quiete
1007 1153 1046 1200 a
1089 1138 1265 1200 tanto
1311 1139 1434 1200 tem
1443 1153 1613 1220 pore,
1661 1135 1834 1199 cuius
1881 1136 2182 1201 contrarii
2228 1134 2529 1201 memoria
2574 1153 2700 1199 non
2736 1133 2969 1217 existit,
3019 1140 3083 1201 et
3117 1155 3195 1200 ex

338 1241 698 1308 huiusmodi
743 1241 1017 1310 ecclesiis
1062 1239 1360 1307 nonnulle
1397 1239 1630 1306 dudum
1677 1245 1824 1306 sunt
1867 1246 2073 1309 erecte
2117 1243 2185 1308 in
2232 1242 2448 1309 domos
2495 1240 2933 1313 conventuales
2982 1247 3045 1309 et
3084 1262 3197 1328 per

341 1349 595 1416 modum
643 1353 1058 1414 conventuum
1105 1369 1142 1413 a
1186 1347 1486 1414 fratribus
1532 1347 1759 1433 prefati
1798 1348 2131 1436 hospitalis
2161 1349 2459 1416 hactenus
2489 1347 2851 1431 gubernate,
2900 1348 2979 1414 ad
3012 1368 3195 1433 quas-

341 1455 488 1522 dam
544 1476 691 1522 vero
746 1477 824 1522 ex
866 1456 1056 1541 ipsis,
1115 1475 1256 1521 cum
1301 1462 1562 1538 vacant,
1619 1455 1977 1522 huiusmodi
2018 1457 2248 1522 fratres
2295 1455 2463 1522 soliti
2510 1459 2685 1538 sunt,
2742 1461 2931 1540 prout
2975 1455 3193 1540 solent,

338 1562 618 1644 locorum
664 1561 996 1628 ordinariis
1042 1562 1392 1648 presentari
1437 1580 1510 1628 ac
1555 1582 1666 1648 per
1711 1562 1852 1629 illos
1897 1564 1963 1630 in
2010 1569 2285 1630 rectores
2330 1582 2545 1629 earum
2590 1562 2857 1645 institui,
2899 1562 3197 1629 nonnulle

341 1670 531 1736 etiam
577 1689 656 1736 ex
701 1669 936 1735 eisdem
983 1675 1046 1736 et
1090 1670 1230 1736 aliis
1276 1669 1770 1756 parrochialibus
1818 1670 2095 1737 ecclesiis
2140 1670 2393 1736 fuerunt
2434 1675 2623 1756 prout
2652 1675 2798 1736 sunt
2828 1671 3195 1736 successivis

340 1776 582 1842 vicibus
635 1777 900 1843 diversis
957 1777 1244 1844 domibus
1299 1778 1527 1864 prefati
1586 1777 1914 1864 hospitalis
1972 1799 2087 1864 per
2142 1777 2419 1845 locorum
2475 1777 2837 1843 diocesanos
2884 1797 2963 1842 ex
3009 1777 3195 1843 certis

341 1883 826 1951 racionabilibus
872 1889 937 1949 et
978 1883 1305 1968 legittimis
1351 1884 1558 1950 causis
1601 1884 1974 1951 auctoritate
2020 1884 2339 1950 ordinaria
2382 1885 2577 1967 unite,
2626 1903 2866 1950 annexe
2900 1889 2964 1949 et
2991 1883 3197 1950 incor-

339 1997 562 2077 porate
607 2010 680 2056 ac
723 1992 1080 2060 huiusmodi
1123 1993 1350 2057 fratres
1395 1991 1462 2056 in
1509 1990 1742 2056 eisdem
1789 1991 2077 2058 domibus
2112 2012 2227 2078 pro
2260 1998 2542 2078 tempore
2574 1991 2867 2074 degentes
2902 1990 3197 2058 ecclesias

339 2099 512 2185 ipsas
558 2099 770 2182 vigore
813 2099 1136 2183 unionum,
1185 2098 1606 2166 annexionum
1653 2103 1717 2164 et
1747 2099 2328 2184 incorporacionum
2363 2097 2719 2164 huiusmodi
2752 2099 3019 2164 assecuti
3052 2096 3193 2164 illas

341 2226 456 2291 per
502 2205 918 2290 quadraginta
963 2227 1160 2272 annos
1205 2212 1268 2272 et
1311 2205 1478 2273 ultra
1525 2211 1860 2271 tenuerunt
1905 2211 1969 2271 et
2010 2205 2441 2292 possederunt,
2488 2211 2678 2291 prout
2712 2209 2929 2270 tenent
2958 2211 3022 2270 et
3049 2225 3197 2292 pos·

341 2313 550 2380 sident
591 2311 846 2400 pacifice
896 2319 958 2380 et
1002 2315 1228 2398 quiete.
1322 2311 1479 2379 Cum
1526 2319 1768 2397 autem,
1815 2312 1979 2378 sicut
2024 2313 2240 2380 eadem
2286 2313 2514 2397 peticio
2561 2311 3004 2396 subiungebat,
3052 2333 3195 2399 pre-

340 2422 458 2488 fati
513 2421 812 2504 magister
869 2427 933 2487 et
982 2421 1208 2487 fratres
1257 2419 1544 2487 dubitent
1588 2421 1652 2486 in
1700 2420 2177 2504 donacionibus,
2236 2419 2769 2503 concessionibus,
2830 2420 3195 2504 acquisicio-

339 2527 556 2612 nibuS,
615 2527 1060 2611 erectionibus,
1117 2528 1485 2609 unionibuS,
1545 2528 1999 2594 annexionibus
2052 2531 2118 2594 et
2160 2526 2771 2613 incorporacionibus
2817 2527 3193 2611 huiusmodi,

343 2655 498 2720 quas
543 2654 684 2701 cum
731 2655 945 2701 earum
990 2635 1310 2702 tenoribus
1357 2656 1472 2721 pro
1519 2635 1834 2721 expressis
1881 2639 1944 2702 et
1988 2633 2389 2718 singulariter
2432 2631 2805 2720 specificatis
2838 2655 2911 2701 ac
2940 2656 3195 2722 presen-

343 2743 510 2808 tibus
554 2743 808 2809 insertis
854 2763 932 2808 ex
979 2748 1150 2808 certa
1194 2743 1466 2808 sciencia
1494 2742 1708 2808 haberi
1741 2740 2046 2824 volumuS,
2094 2741 2298 2827 quoad
2330 2740 2572 2826 aliquas
2603 2761 2681 2808 ex
2713 2742 2989 2808 ecclesiis
3023 2747 3196 2808 ante-

341 2848 558 2932 dictis,
619 2869 774 2934 quas
821 2850 1070 2936 penitus
1118 2851 1442 2932 ignorant,
1499 2849 1771 2914 locorum
1821 2849 2294 2915 diocesanorum
2342 2853 2405 2916 et
2448 2849 2727 2934 ipsorum
2775 2849 3194 2936 capitulorum

342 2957 779 3024 auctoritatem
835 2963 898 3024 et
951 2977 1322 3023 consensum
1368 2975 1610 3022 necnon
1653 2959 1957 3022 tractatus
2004 2961 2067 3022 et
2111 2954 2267 3021 alias
2312 2954 2807 3043 sollempnitates
2854 2961 2918 3023 et
2959 2958 3195 3024 formas

343 3065 423 3131 ad
475 3063 592 3130 hec
649 3069 990 3150 oportunae
1044 3084 1169 3130 non
1227 3065 1636 3130 intervenisse
1696 3082 1885 3146 seque
1942 3067 2279 3148 propterea
2324 3083 2515 3148 super
2558 3062 2835 3130 ecclesiis
2879 3065 3037 3150 ipsis
3084 3070 3193 3131 aut

339 3175 620 3259 ipsorum
667 3171 979 3256 aliquibus
1023 3190 1206 3256 posse
1251 3171 1659 3256 imposterum
1707 3169 2049 3252 molestari,
2093 3189 2210 3255 pro
2254 3175 2435 3254 parte
2480 3170 2761 3256 ipsorum
2805 3171 3093 3254 magistri
3128 3175 3194 3238 et

339 3280 607 3346 fratrum
654 3279 832 3344 nobis
877 3277 1000 3344 fuit
1040 3276 1360 3343 humiliter
1405 3277 1856 3364 supplicatum,
1903 3281 1976 3341 ut
2018 3275 2343 3362 premissis
2388 3297 2513 3342 non
2560 3277 2951 3344 obstantibus
2998 3278 3189 3344 dona-

341 3385 644 3469 cionibus,
696 3384 1217 3468 concessionibus,
1265 3385 1804 3469 acquisicionibus,
1853 3382 2289 3466 erectionibus,
2334 3382 2689 3467 unionibuS,
2737 3384 3189 3451 annexionibus

343 3499 406 3560 et
447 3492 1064 3580 incorporacionibus
1111 3497 1256 3558 ante
1288 3491 1471 3558 dictis
1515 3491 1706 3558 robur
1739 3489 2079 3577 apostolice
2123 3489 2440 3556 firmitatis
2488 3491 2756 3557 adiicere
2797 3491 2874 3557 de
2910 3493 3192 3576 benigni·

341 3607 470 3667 tate
518 3599 862 3686 apostolica
904 3600 1323 3684 dignaremur.
1392 3597 1523 3664 Nos
1565 3599 1759 3682 igitur
1804 3597 2161 3664 huiusmodi
2207 3597 2773 3685 supplicacionibus
2804 3599 3087 3666 inclinati
3120 3619 3193 3665 ac

342 3708 634 3776 ecclesias
686 3707 860 3793 ipsas
916 3714 979 3773 et
1023 3727 1236 3798 earum
1285 3726 1526 3772 necnon
1571 3705 1898 3772 domorum
1943 3705 2363 3792 predictarum
2381 3754 2400 3788 ,
2459 3704 2683 3790 quibus
2728 3706 2988 3773 ecclesie
3030 3707 3187 3793 ipse,

341 3824 414 3883 ut
456 3815 801 3902 prefertur,
861 3814 1064 3897 unite,
1112 3834 1356 3880 annexe
1400 3820 1464 3879 et
1505 3814 1904 3899 incorporate
1947 3816 2125 3895 sunt,
2174 3831 2353 3878 veros
2398 3811 2642 3878 valores
2690 3833 2925 3880 annuos
2972 3834 3193 3880 secun-

341 3923 488 3989 dum
537 3941 930 3989 communem
976 3921 1456 3987 extimacionem
1502 3920 1893 4008 presentibus
1941 3940 2057 4006 pro
2102 3938 2397 4005 expresso
2429 3919 2659 3986 habere
2688 3920 2965 3986 volentes
2999 3921 3191 3987 dona-

342 4031 571 4112 ciones,
617 4029 1068 4112 concessiones,
1117 4027 1587 4113 acquisiciones,
1635 4029 1997 4111 erectiones,
2042 4027 2325 4110 uniones,
2374 4028 2756 4094 annexiones
2803 4037 2865 4094 et
2903 4029 3191 4115 incorpo-

341 4139 624 4204 raciones
668 4136 984 4223 predictas
1031 4139 1094 4200 et
1139 4154 1502 4221 quecunque
1546 4135 1692 4200 inde
1737 4140 1951 4202 secuta
1996 4139 2137 4200 rata
2180 4140 2243 4200 et
2277 4137 2459 4216 grata
2496 4134 2797 4202 habentes
2837 4135 2950 4201 illa
2979 4141 3191 4202 aucto-

343 4248 529 4311 ritate
585 4241 928 4330 apostolica
973 4262 1052 4307 ex
1098 4247 1269 4308 certa
1313 4242 1584 4308 sciencia
1628 4239 2068 4308 confirmamus
2116 4247 2179 4307 et
2222 4243 2533 4327 presentis
2578 4241 2797 4330 scripti
2841 4243 3192 4329 patrocinio

341 4351 820 4432 communimus,
867 4349 1230 4436 supplentes
1257 4349 1699 4416 nichilominus
1731 4349 2225 4435 sollempnitates
2257 4349 2521 4416 omissas
2554 4356 2617 4417 et
2646 4370 2861 4416 omnes
2892 4350 3190 4434 defectus,

341 4461 398 4526 si
443 4459 549 4544 qui
596 4458 808 4524 forsan
854 4441 1319 4523 intervenerint·
1350 4457 1414 4522 in
1462 4457 1719 4540 eisdem,
1766 4476 1891 4522 non
1925 4454 2314 4522 obstantibus
2344 4465 2471 4522 tam
2504 4457 2704 4524 felicis
2735 4458 3191 4525 recordacionis

341 4566 579 4633 Urbani
626 4585 789 4651 pape
819 4565 981 4630 sexti
1025 4564 1481 4648 predecessoris
1527 4564 1746 4646 nostri,
1795 4563 2019 4647 quibus
2064 4569 2337 4648 cavetur,
2386 4564 2550 4648 quod
2591 4565 2965 4651 quicumque
2992 4567 3193 4651 impe-

341 4677 580 4740 trantes
647 4671 1158 4738 confirmaciones
1226 4673 1524 4738 unionum
1587 4676 1920 4738 teneantur
1981 4671 2332 4756 exprimere
2387 4671 2663 4738 valorem
2720 4679 2851 4739 tarn
2910 4672 3191 4740 beneficii

343 4781 502 4847 uniti
555 4799 742 4864 quam
789 4779 987 4844 eciam
1033 4778 1290 4846 ecclesie
1338 4778 1433 4845 vel
1481 4779 1842 4844 monasterii
1889 4783 1999 4844 aut
2039 4797 2253 4845 mense
2300 4779 2671 4865 episcopalis
2716 4779 2818 4845 vel
2862 4779 3191 4846 abbatialis

343 4909 454 4955 seu
505 4886 764 4953 alterius
809 4885 1111 4968 beneficii,
1159 4885 1260 4952 cui
1304 4886 1660 4952 huiusmodi
1703 4886 1851 4952 unio
1893 4885 2064 4952 facta
2104 4885 2314 4970 fuerit,
2361 4885 2638 4972 alioquin
2683 4887 3193 4954 confirmaciones

342 4996 480 5082 ipse
523 5015 649 5062 non
701 4993 972 5078 valeant,
1019 5013 1206 5078 quam
1253 4991 1394 5059 aliis
1437 4993 1993 5060 constitucionibus
2034 4999 2099 5061 et
2126 4994 2628 5062 ordinacionibus
2659 4995 3015 5084 apostolicis
3046 5015 3191 5066 con-
