3892 5609
1358 379 1746 430 pervasum
1788 379 2177 429 emmau
3032 369 3183 440 467

341 531 670 620 hospitalis
714 535 1004 621 proprios
1047 535 1330 604 homines
1375 537 1455 605 ab
1499 536 1656 625 ipsis
1701 559 1817 626 pro
1845 544 2131 626 tempore
2162 539 2231 604 in
2262 538 2583 623 quibusvis
2612 536 2765 604 locis
2794 540 3189 624 reperiantur

341 640 508 706 infra
561 642 712 708 anni
771 643 1049 728 spacium
1105 651 1392 731 repetere
1448 646 1696 732 possint
1738 665 1814 712 ac
1853 645 2009 712 locis
2055 645 2445 731 presidentes
2492 644 2727 712 eisdem
2771 645 3081 729 fugientes
3128 651 3191 713 et

339 748 642 835 repetitos
686 747 1043 816 huiusmodi
1085 752 1386 836 magistro
1432 757 1496 819 et
1537 753 1836 820 fratribus
1883 752 2146 840 prefatis
2191 752 2361 818 omni
2402 771 2581 818 mora
2608 757 2671 818 et
2698 753 3187 820 contradictione

341 854 657 942 propulsis
711 856 1042 924 restituere
1095 858 1366 926 debeant
1415 879 1490 927 ac
1533 863 1894 944 teneantur,
1954 858 2241 943 quodque
2287 859 2363 926 de
2408 859 2765 926 excessibus
2814 863 2876 926 et
2919 859 3187 941 iniuriis,

341 979 498 1046 quos
543 961 778 1030 subditi
822 968 888 1030 et
929 965 1270 1052 ascripticii
1314 986 1554 1034 necnon
1598 967 1932 1034 servitores
1976 965 2320 1033 familiares
2366 972 2431 1032 et
2473 965 2767 1033 officiales
2800 967 3085 1048 magistri
3118 985 3190 1032 ac

337 1069 608 1136 fratrum
674 1070 1100 1155 predictorum
1167 1092 1282 1160 pro
1337 1079 1620 1160 tempore
1675 1073 2178 1161 perpetraverint
2232 1073 2299 1139 in
2353 1073 2506 1140 locis
2562 1073 2789 1140 discuti
2845 1072 3069 1139 debeat
3121 1074 3188 1138 in

341 1176 568 1262 quibus
619 1177 746 1264 ipsi
801 1197 1092 1246 excessus
1152 1184 1218 1247 et
1269 1180 1499 1248 iniurie
1551 1180 1788 1248 fuerint
1843 1179 2161 1249 commissi
2218 1199 2458 1246 necnon
2502 1179 2813 1268 hospitale
2858 1183 2921 1245 et
2965 1179 3189 1246 fratres

337 1282 698 1351 huiusmodi
741 1288 852 1351 aut
895 1305 1109 1352 eorum
1154 1286 1438 1354 homines
1483 1287 1561 1354 de
1605 1288 1958 1372 structuris,
2012 1286 2469 1355 municionibus
2515 1293 2579 1354 et
2619 1287 2893 1371 fossatiS,
2938 1287 3006 1352 in
3055 1287 3189 1371 qui-

341 1390 558 1458 busvis
601 1390 754 1458 locis
801 1396 866 1459 et
895 1413 972 1460 ex
1004 1393 1496 1480 quibuscumque
1524 1394 1775 1480 graciis,
1818 1394 2187 1481 privilegiis,
2232 1394 2733 1463 concessionibus
2764 1414 2878 1481 pro
2910 1399 3191 1479 tempore

337 1497 641 1566 faciendis
685 1497 923 1567 nullum
972 1500 1243 1568 debeant
1267 1501 1333 1568 in
1366 1501 1496 1568 suis
1523 1500 1787 1586 iuribus,
1832 1500 2249 1586 libertatibus,
2296 1501 2643 1589 privilegiis
2678 1507 2742 1569 et
2770 1501 3191 1569 observanciis

339 1605 686 1692 dampnum
730 1606 830 1673 vel
884 1609 1298 1694 preiudicium
1355 1609 1692 1693 sustinere,
1749 1609 2057 1676 mandans
2112 1629 2227 1676 rex
2282 1608 2419 1695 ipse
2463 1608 2751 1675 omnibus
2809 1613 2873 1675 et
2928 1608 3190 1692 singulis

339 1711 464 1780 sibi
507 1717 572 1780 et
622 1714 890 1800 imperio
934 1716 1202 1786 subditis
1245 1721 1319 1784 ut
1360 1714 1716 1784 huiusmodi
1761 1720 2000 1782 statuta
2044 1721 2109 1784 et
2150 1715 2583 1782 ordinaciones
2628 1721 3077 1784 manuteneant
3120 1735 3193 1782 ac

339 1819 680 1887 defendant
732 1841 850 1888 nec
892 1827 1112 1889 contra
1161 1823 1273 1890 illa
1315 1823 1514 1891 dictos
1559 1823 1927 1906 magistrum
1974 1827 2039 1889 et
2080 1823 2307 1890 fratres
2352 1822 2817 1908 quomodolibet
2861 1821 3193 1890 molestent

341 1925 458 1994 sub
503 1921 956 2012 quinquaginta
999 1929 1394 1998 marcharum
1439 1929 1579 1996 auri
1622 1929 1764 2015 puri
1811 1949 1976 2015 pena
2018 1949 2132 2016 pro
2178 1950 2308 1996 una
2349 1949 2593 1996 camere
2629 1929 2942 2015 imperiali
2974 1935 3037 1996 et
3068 1929 3192 1996 alia

339 2033 780 2102 medietatibus
835 2037 1138 2120 magistro
1185 2042 1248 2105 et
1289 2037 1588 2105 fratribus
1634 2035 1932 2123 predictis
1978 2035 2494 2103 irremissibiliter
2540 2035 2943 2123 applicanda,
3005 2043 3193 2124 prout

337 2141 406 2208 in
451 2141 820 2226 quibusdam
877 2145 1248 2211 auctenticis
1301 2146 1368 2212 in
1413 2143 1658 2228 vulgari
1713 2144 1916 2229 patrie
1971 2142 2139 2210 illius
2194 2144 2525 2230 ydeomate
2578 2143 2846 2230 desuper
2893 2145 3191 2212 confectis

335 2246 568 2315 litteris
623 2248 824 2335 ipsius
881 2251 1048 2334 regis
1101 2251 1306 2335 sigillo
1353 2251 1616 2319 munitis
1663 2269 2051 2335 quarumque
2096 2250 2518 2316 substanciam
2566 2255 2630 2317 et
2676 2249 2961 2318 effectum
3018 2250 3189 2318 nullo

339 2354 554 2422 addito
583 2355 682 2423 vel
727 2355 1026 2442 detracto,
1073 2357 1239 2444 quod
1281 2357 1433 2424 facti
1477 2356 1898 2425 substanciam
1944 2356 2303 2423 huiusmodi
2347 2358 2569 2425 alteret
2599 2357 2698 2425 vel
2741 2358 3036 2425 immutet
3076 2377 3191 2444 per

337 2461 672 2530 nonnullos
725 2463 794 2530 in
847 2463 1079 2532 talibus
1135 2471 1428 2553 expertos
1479 2461 1748 2532 fideliter
1803 2463 1946 2531 elici
2002 2471 2067 2531 et
2117 2465 2447 2532 transferri
2503 2483 2577 2532 ac
2627 2471 2775 2552 post
2828 2464 3190 2549 diligentem

341 2589 556 2637 eorum
599 2571 666 2638 in
712 2571 1088 2640 cancellaria
1130 2570 1474 2659 apostolica
1515 2570 1594 2638 de
1637 2577 1852 2638 nostro
1897 2571 2195 2639 mandato
2226 2572 2621 2640 subsecutam
2652 2572 3187 2640 examinacionem

339 2677 418 2744 de
448 2676 637 2745 verbo
683 2677 764 2744 ad
800 2678 1056 2746 verbum
1102 2677 1496 2766 presentibus
1541 2679 1734 2744 inseri
1777 2677 2041 2745 fecimus
2084 2678 2281 2746 lacius
2328 2680 2769 2765 extensiusque
2811 2679 3192 2766 prospicitur

339 2783 664 2852 contineri.
744 2784 950 2864 Quare
994 2807 1110 2874 pro
1157 2791 1338 2872 parte
1381 2784 1690 2852 dictorum
1735 2786 2024 2870 magistri
2068 2793 2131 2854 et
2173 2786 2437 2854 fratrum
2482 2787 2665 2854 nobis
2709 2787 2830 2854 fuit
2871 2785 3191 2853 humiliter

339 2890 779 2978 supplicatum,
827 2896 899 2959 ut
937 2893 1096 2979 ipsis
1141 2892 1394 2960 statutis
1425 2896 1490 2958 et
1516 2892 2023 2961 ordinacionibus
2056 2912 2171 2979 pro
2202 2893 2451 2960 illorum
2484 2895 2899 2963 subsistencia
2927 2891 3189 2959 firmiori

337 2997 530 3065 robur
575 2998 914 3084 apostolice
969 2999 1468 3068 confirmacionis
1513 2997 1780 3066 adiicere
1825 2999 1902 3066 de
1949 2999 2335 3084 benignitate
2381 3001 2724 3086 apostolica
2766 3001 3185 3084 dignaremur.

338 3103 467 3172 Nos
512 3105 707 3190 igitur
747 3105 980 3173 eisdem
1027 3105 1594 3194 supplicacionibus
1639 3104 1924 3172 inclinati
1970 3111 2205 3173 statuta
2250 3111 2313 3174 et
2356 3107 2788 3174 ordinaciones
2833 3107 3189 3174 huiusmodi

338 3229 414 3278 ac
457 3231 843 3298 quecumque
885 3213 1035 3280 inde
1077 3219 1293 3281 secuta
1335 3218 1476 3280 rata
1518 3212 1818 3279 habentes
1863 3219 1929 3279 et
1970 3218 2153 3296 grata
2197 3213 2307 3281 illa
2337 3215 2706 3280 auctoritate
2738 3214 3082 3302 apostolica
3110 3235 3188 3280 ex

337 3325 510 3387 certa
551 3320 826 3386 sciencia
867 3317 1306 3388 confirmamus
1351 3325 1416 3387 et
1459 3319 1879 3406 approbamus
1925 3321 2357 3406 presentisque
2388 3321 2607 3407 scripti
2640 3320 2986 3407 patrocinio
3018 3341 3188 3388 com-

337 3427 675 3495 munimus.
745 3427 950 3494 Tenor
992 3448 1138 3495 vero
1186 3426 1441 3496 effectus
1485 3426 1834 3494 litterarum
1881 3425 2239 3493 huiusmodi
2282 3427 2429 3494 talis
2475 3433 2599 3494 est:

561 3533 731 3619 „Nos
763 3533 1200 3620 Sigismundus
1245 3540 1360 3602 cet.
1409 3535 1629 3622 (supra
1671 3559 1735 3599 n.
1767 3535 1902 3600 293
1941 3558 2010 3621 p.
2043 3533 2218 3614 260).
2290 3533 2526 3601 Datum
2554 3534 2927 3602 Constancie
2958 3555 3119 3602 anno
3150 3555 3189 3601 a

337 3641 669 3708 nativitate
713 3641 949 3708 domini
994 3642 1326 3710 millesimo
1372 3641 1985 3727 quadringentesimo
2022 3641 2239 3725 quinto
2274 3640 2535 3726 decimo,
2575 3643 2679 3710 die
2706 3643 2997 3729 proxima
3024 3641 3189 3709 Mer·

340 3748 500 3815 curii
555 3752 702 3815 ante
743 3749 972 3816 festum
1019 3751 1219 3818 sancti
1261 3742 1554 3816 Iohannis
1597 3747 1884 3835 Baptiste
1897 3797 1916 3832 ,
1972 3767 2305 3831 regnorum
2346 3754 2703 3816 nostrorum
2751 3749 3025 3834 Ungarie
3070 3755 3185 3817 etc.

339 3855 636 3922 vicesimo
680 3874 845 3922 nono
893 3861 956 3923 et
995 3855 1415 3924 Romanorum
1463 3852 1744 3941 quinto“.

559 3960 733 4028 Nulli
778 3979 926 4046 ergo
971 3963 1222 4030 omnino
1261 3963 1588 4030 hominum
1633 3961 1820 4028 liceat
1864 3960 2027 4027 hanc
2070 3961 2363 4047 paginam
2412 3966 2623 4029 nostre
2666 3961 3185 4047 confirmacionis,

339 4069 818 4156 approbacionis
863 4077 928 4137 et
969 4071 1482 4137 communicionis
1526 4070 1868 4152 infringere
1897 4066 1997 4134 vel
2042 4068 2101 4134 ei
2148 4087 2306 4134 ausu
2349 4069 2681 4134 temerario
2724 4070 3053 4136 contraire.
3118 4067 3187 4135 Si

339 4177 480 4263 quis
536 4180 748 4243 autem
805 4175 924 4243 hoc
977 4181 1352 4264 attemptare
1401 4177 1885 4264 presumpserit,
1941 4174 2440 4257 indignacionem
2488 4177 2933 4261 omnipotentis
2978 4175 3079 4242 dei
3124 4180 3187 4242 et

337 4283 660 4351 beatorum
691 4282 862 4350 Petu-i
907 4289 974 4350 et
998 4283 1178 4350 Pauli
1224 4282 1647 4370 apostolorum
1693 4283 1828 4351 eius
1871 4301 1942 4350 se
1970 4283 2219 4348 noverit
2244 4283 2657 4348 incursurum.
2726 4282 2963 4348 Datum
2992 4281 3187 4349 Rome

337 4409 536 4477 prope
579 4395 828 4457 sanctos
875 4390 1190 4476 apostolos
1221 4391 1332 4457 viii
1358 4390 1502 4458 idus
1531 4389 1886 4459 novembris
1933 4389 2328 4476 pontificatus
2372 4390 2573 4456 nostri
2604 4409 2769 4456 anno
2800 4389 3183 4457 duodecimo.

549 4529 640 4594 IV,
665 4529 771 4583 250
793 4539 847 4583 et
869 4529 991 4583 257.
1041 4531 1418 4584 'l'ranssumtum
1455 4532 1520 4583 de
1560 4531 1696 4584 1434
1728 4529 1836 4582 iulii
1869 4529 1905 4582 9
1942 4530 2007 4583 cf.
2042 4548 2094 4583 n.
2122 4527 2225 4582 ⁷18
2262 4530 2326 4581 de
2366 4529 2496 4583 1431
2536 4529 2663 4582 febr.
2694 4529 2774 4581 18.
