<?xml version="1.0" encoding="UTF-8"?>
<!DOCTYPE html PUBLIC "-//W3C//DTD XHTML 1.0 Transitional//EN"
    "http://www.w3.org/TR/xhtml1/DTD/xhtml1-transitional.dtd">
<html xmlns="http://www.w3.org/1999/xhtml" xml:lang="en" lang="en">
 <head>
  <title>
</title>
<meta http-equiv="Content-Type" content="text/html;charset=utf-8" />
  <meta name='ocr-system' content='tesseract 3.04.00' />
  <meta name='ocr-capabilities' content='ocr_page ocr_carea ocr_par ocr_line ocrx_word'/>
</head>
<body>
  <div class='ocr_page' id='page_1' title='image "./tabulaeordinist00stregoog_0200.png"; bbox 0 0 3892 5609; ppageno 0'>
   <div class='ocr_carea' id='block_1_1' title="bbox 650 260 2478 332">
    <p class='ocr_par' dir='ltr' id='par_1_1' title="bbox 650 260 2478 332">
     <span class='ocr_line' id='line_1_1' title="bbox 650 260 2478 332; baseline -0.008 -1"><span class='ocrx_word' id='word_1_1' title='bbox 650 260 799 332; x_wconf 89' lang='lat'>184</span> <span class='ocrx_word' id='word_1_2' title='bbox 1672 267 2092 316; x_wconf 69' lang='lat' dir='ltr'><strong>ALEMAmnA.</strong></span> <span class='ocrx_word' id='word_1_3' title='bbox 2163 268 2478 318; x_wconf 66' lang='lat' dir='ltr'><strong>nonnum</strong></span> 
     </span>
    </p>
   </div>
   <div class='ocr_carea' id='block_1_2' title="bbox 648 426 3080 4980">
    <p class='ocr_par' dir='ltr' id='par_1_2' title="bbox 648 426 3080 4980">
     <span class='ocr_line' id='line_1_2' title="bbox 1068 426 2779 510; baseline -0.002 -14"><span class='ocrx_word' id='word_1_4' title='bbox 1068 428 1383 496; x_wconf 82' lang='lat' dir='ltr'><strong>Honorius</strong></span> <span class='ocrx_word' id='word_1_5' title='bbox 1432 435 1549 496; x_wconf 88' lang='lat' dir='ltr'><strong>ete.</strong></span> <span class='ocrx_word' id='word_1_6' title='bbox 1622 427 1780 494; x_wconf 88' lang='lat' dir='ltr'>Cum</span> <span class='ocrx_word' id='word_1_7' title='bbox 1826 427 2076 493; x_wconf 76' lang='lat' dir='ltr'><strong>dilectis</strong></span> <span class='ocrx_word' id='word_1_8' title='bbox 2119 426 2222 508; x_wconf 85' lang='lat' dir='ltr'><strong>(de</strong></span> <span class='ocrx_word' id='word_1_9' title='bbox 2277 429 2442 494; x_wconf 83' lang='lat'>1216</span> <span class='ocrx_word' id='word_1_10' title='bbox 2489 429 2620 496; x_wconf 86' lang='lat' dir='ltr'><strong>dee.</strong></span> <span class='ocrx_word' id='word_1_11' title='bbox 2657 428 2779 510; x_wconf 84' lang='lat'><strong>19).</strong></span> 
     </span>
     <span class='ocr_line' id='line_1_3' title="bbox 1615 534 2960 620; baseline -0.001 -20"><span class='ocrx_word' id='word_1_12' title='bbox 1615 534 1803 600; x_wconf 83' lang='lat' dir='ltr'><strong>Iustis</strong></span> <span class='ocrx_word' id='word_1_13' title='bbox 1849 534 2208 620; x_wconf 88' lang='lat' dir='ltr'><strong>peteneium</strong></span> <span class='ocrx_word' id='word_1_14' title='bbox 2254 534 2358 616; x_wconf 88' lang='lat' dir='ltr'><strong>(de</strong></span> <span class='ocrx_word' id='word_1_15' title='bbox 2409 535 2578 600; x_wconf 94' lang='grc'>1218</span> <span class='ocrx_word' id='word_1_16' title='bbox 2625 535 2784 601; x_wconf 86' lang='grc'>1111111</span> <span class='ocrx_word' id='word_1_17' title='bbox 2829 535 2960 616; x_wconf 89' lang='grc'>25).</span> 
     </span>
     <span class='ocr_line' id='line_1_4' title="bbox 1614 641 2713 725; baseline -0.001 -17"><span class='ocrx_word' id='word_1_18' title='bbox 1614 641 1757 708; x_wconf 77' lang='lat' dir='ltr'><strong>Etsi</strong></span> <span class='ocrx_word' id='word_1_19' title='bbox 1802 661 2004 725; x_wconf 90' lang='lat' dir='ltr'><strong>neque</strong></span> <span class='ocrx_word' id='word_1_20' title='bbox 2049 641 2152 721; x_wconf 87' lang='lat' dir='ltr'><strong>(de</strong></span> <span class='ocrx_word' id='word_1_21' title='bbox 2207 642 2376 707; x_wconf 90' lang='grc'>1220</span> <span class='ocrx_word' id='word_1_22' title='bbox 2420 641 2552 708; x_wconf 84' lang='grc'>(166.</span> <span class='ocrx_word' id='word_1_23' title='bbox 2586 641 2713 723; x_wconf 89' lang='grc'>15).</span> 
     </span>
     <span class='ocr_line' id='line_1_5' title="bbox 1286 746 2770 832; baseline -0.002 -18"><span class='ocrx_word' id='word_1_24' title='bbox 1286 797 1319 832; x_wconf 85' lang='grc'>,,</span> <span class='ocrx_word' id='word_1_25' title='bbox 1614 747 1843 814; x_wconf 85' lang='lat' dir='ltr'><strong>Vestra</strong></span> <span class='ocrx_word' id='word_1_26' title='bbox 1886 747 2107 831; x_wconf 86' lang='lat' dir='ltr'><strong>religio</strong></span> <span class='ocrx_word' id='word_1_27' title='bbox 2157 746 2260 829; x_wconf 90' lang='lat' dir='ltr'><strong>(de</strong></span> <span class='ocrx_word' id='word_1_28' title='bbox 2310 749 2474 814; x_wconf 84' lang='lat'>1221</span> <span class='ocrx_word' id='word_1_29' title='bbox 2524 749 2649 814; x_wconf 79' lang='lat' dir='ltr'><strong>ian.</strong></span> <span class='ocrx_word' id='word_1_30' title='bbox 2683 747 2770 828; x_wconf 85' lang='lat'><strong>9).</strong></span> 
     </span>
     <span class='ocr_line' id='line_1_6' title="bbox 1286 848 2776 940; baseline -0.002 -17"><span class='ocrx_word' id='word_1_31' title='bbox 1286 903 1321 940; x_wconf 88' lang='lat'>„</span> <span class='ocrx_word' id='word_1_32' title='bbox 1614 853 1757 922; x_wconf 86' lang='lat' dir='ltr'>Non</span> <span class='ocrx_word' id='word_1_33' title='bbox 1804 854 2040 939; x_wconf 76' lang='lat' dir='ltr'><strong>absque</strong></span> <span class='ocrx_word' id='word_1_34' title='bbox 2086 855 2190 936; x_wconf 88' lang='lat' dir='ltr'><strong>(de</strong></span> <span class='ocrx_word' id='word_1_35' title='bbox 2243 855 2405 920; x_wconf 89' lang='grc'>1221</span> <span class='ocrx_word' id='word_1_36' title='bbox 2455 848 2776 936; x_wconf 73' lang='grc'>1611.16).*</span> 
     </span>
     <span class='ocr_line' id='line_1_7' title="bbox 1614 956 2801 1042; baseline -0.001 -16"><span class='ocrx_word' id='word_1_37' title='bbox 1614 957 1774 1026; x_wconf 86' lang='lat' dir='ltr'>Cum</span> <span class='ocrx_word' id='word_1_38' title='bbox 1818 959 2065 1027; x_wconf 78' lang='lat' dir='ltr'><strong>dilectis</strong></span> <span class='ocrx_word' id='word_1_39' title='bbox 2112 961 2215 1042; x_wconf 90' lang='lat' dir='ltr'><strong>(de</strong></span> <span class='ocrx_word' id='word_1_40' title='bbox 2266 962 2431 1028; x_wconf 84' lang='lat'>1221</span> <span class='ocrx_word' id='word_1_41' title='bbox 2481 956 2801 1042; x_wconf 71' lang='grc'>1611.16).*</span> 
     </span>
     <span class='ocr_line' id='line_1_8' title="bbox 1616 1063 2958 1153; baseline -0.001 -19"><span class='ocrx_word' id='word_1_42' title='bbox 1616 1065 1851 1134; x_wconf 77' lang='lat' dir='ltr'><strong>Milites</strong></span> <span class='ocrx_word' id='word_1_43' title='bbox 1896 1067 2225 1153; x_wconf 81' lang='lat' dir='ltr'><strong>hospitalis</strong></span> <span class='ocrx_word' id='word_1_44' title='bbox 2272 1067 2376 1149; x_wconf 88' lang='lat' dir='ltr'><strong>(de</strong></span> <span class='ocrx_word' id='word_1_45' title='bbox 2425 1068 2590 1133; x_wconf 84' lang='lat'>1221</span> <span class='ocrx_word' id='word_1_46' title='bbox 2639 1063 2958 1149; x_wconf 49' lang='grc'>1611161*</span> 
     </span>
     <span class='ocr_line' id='line_1_9' title="bbox 1616 1172 2906 1259; baseline 0 -21"><span class='ocrx_word' id='word_1_47' title='bbox 1616 1172 1805 1238; x_wconf 82' lang='lat' dir='ltr'><strong>Iustis</strong></span> <span class='ocrx_word' id='word_1_48' title='bbox 1850 1174 2206 1259; x_wconf 76' lang='lat' dir='ltr'>potenciam</span> <span class='ocrx_word' id='word_1_49' title='bbox 2253 1174 2356 1256; x_wconf 88' lang='lat' dir='ltr'><strong>(de</strong></span> <span class='ocrx_word' id='word_1_50' title='bbox 2406 1173 2570 1239; x_wconf 82' lang='lat'>1221</span> <span class='ocrx_word' id='word_1_51' title='bbox 2619 1173 2745 1238; x_wconf 79' lang='lat' dir='ltr'><strong>ian.</strong></span> <span class='ocrx_word' id='word_1_52' title='bbox 2779 1173 2906 1256; x_wconf 87' lang='grc'>16).</span> 
     </span>
     <span class='ocr_line' id='line_1_10' title="bbox 1619 1279 2714 1361; baseline -0.002 -15"><span class='ocrx_word' id='word_1_53' title='bbox 1619 1279 1851 1347; x_wconf 84' lang='lat' dir='ltr'><strong>Dileeti</strong></span> <span class='ocrx_word' id='word_1_54' title='bbox 1896 1279 2014 1346; x_wconf 84' lang='lat' dir='ltr'><strong>filii</strong></span> <span class='ocrx_word' id='word_1_55' title='bbox 2060 1280 2164 1361; x_wconf 88' lang='lat' dir='ltr'><strong>(de</strong></span> <span class='ocrx_word' id='word_1_56' title='bbox 2215 1281 2379 1346; x_wconf 82' lang='lat'>1221</span> <span class='ocrx_word' id='word_1_57' title='bbox 2428 1280 2555 1345; x_wconf 83' lang='lat' dir='ltr'><strong>ian.</strong></span> <span class='ocrx_word' id='word_1_58' title='bbox 2586 1279 2714 1360; x_wconf 88' lang='lat'><strong>16).</strong></span> 
     </span>
     <span class='ocr_line' id='line_1_11' title="bbox 1618 1381 2770 1466; baseline -0.003 -12"><span class='ocrx_word' id='word_1_59' title='bbox 1618 1386 1778 1454; x_wconf 82' lang='lat' dir='ltr'>cum</span> <span class='ocrx_word' id='word_1_60' title='bbox 1824 1385 2038 1453; x_wconf 82' lang='lat' dir='ltr'><strong>dilecti</strong></span> <span class='ocrx_word' id='word_1_61' title='bbox 2081 1387 2186 1466; x_wconf 88' lang='lat' dir='ltr'><strong>(de</strong></span> <span class='ocrx_word' id='word_1_62' title='bbox 2239 1387 2399 1452; x_wconf 92' lang='grc'>1221</span> <span class='ocrx_word' id='word_1_63' title='bbox 2451 1381 2770 1466; x_wconf 76' lang='grc'>16.11.16).*</span> 
     </span>
     <span class='ocr_line' id='line_1_12' title="bbox 1618 1491 2818 1574; baseline -0.001 -16"><span class='ocrx_word' id='word_1_64' title='bbox 1618 1493 1863 1571; x_wconf 81' lang='lat' dir='ltr'><strong>Quanto</strong></span> <span class='ocrx_word' id='word_1_65' title='bbox 1909 1492 2124 1559; x_wconf 77' lang='lat' dir='ltr'><strong>dilecti</strong></span> <span class='ocrx_word' id='word_1_66' title='bbox 2169 1492 2486 1574; x_wconf 79' lang='grc'>((16-1221</span> <span class='ocrx_word' id='word_1_67' title='bbox 2535 1492 2662 1558; x_wconf 79' lang='lat' dir='ltr'><strong>ian.</strong></span> <span class='ocrx_word' id='word_1_68' title='bbox 2695 1491 2818 1574; x_wconf 87' lang='lat'>18).</span> 
     </span>
     <span class='ocr_line' id='line_1_13' title="bbox 1617 1594 2929 1686; baseline -0.001 -21"><span class='ocrx_word' id='word_1_69' title='bbox 1617 1599 1780 1677; x_wconf 81' lang='lat' dir='ltr'><strong>Quia</strong></span> <span class='ocrx_word' id='word_1_70' title='bbox 1822 1599 2194 1686; x_wconf 86' lang='lat' dir='ltr'><strong>plerumque</strong></span> <span class='ocrx_word' id='word_1_71' title='bbox 2241 1598 2346 1680; x_wconf 88' lang='lat' dir='ltr'><strong>(de</strong></span> <span class='ocrx_word' id='word_1_72' title='bbox 2394 1598 2554 1664; x_wconf 91' lang='grc'>1221</span> <span class='ocrx_word' id='word_1_73' title='bbox 2607 1598 2734 1664; x_wconf 79' lang='lat' dir='ltr'><strong>ian.</strong></span> <span class='ocrx_word' id='word_1_74' title='bbox 2767 1594 2929 1681; x_wconf 88' lang='grc'>18).*</span> 
     </span>
     <span class='ocr_line' id='line_1_14' title="bbox 1616 1703 2716 1786; baseline -0.004 -14"><span class='ocrx_word' id='word_1_75' title='bbox 1616 1705 1849 1773; x_wconf 86' lang='lat' dir='ltr'><strong>Dileeti</strong></span> <span class='ocrx_word' id='word_1_76' title='bbox 1894 1703 2010 1770; x_wconf 87' lang='lat' dir='ltr'><strong>filii</strong></span> <span class='ocrx_word' id='word_1_77' title='bbox 2054 1705 2160 1784; x_wconf 90' lang='lat' dir='ltr'><strong>(de</strong></span> <span class='ocrx_word' id='word_1_78' title='bbox 2211 1705 2374 1770; x_wconf 92' lang='grc'>1221</span> <span class='ocrx_word' id='word_1_79' title='bbox 2425 1705 2549 1769; x_wconf 85' lang='lat' dir='ltr'><strong>ian.</strong></span> <span class='ocrx_word' id='word_1_80' title='bbox 2583 1704 2716 1786; x_wconf 90' lang='grc'>20).</span> 
     </span>
     <span class='ocr_line' id='line_1_15' title="bbox 1618 1809 2719 1892; baseline -0.005 -13"><span class='ocrx_word' id='word_1_81' title='bbox 1618 1811 1852 1879; x_wconf 83' lang='grc'>1)11661;1</span> <span class='ocrx_word' id='word_1_82' title='bbox 1895 1809 2011 1876; x_wconf 92' lang='lat' dir='ltr'><strong>filii</strong></span> <span class='ocrx_word' id='word_1_83' title='bbox 2058 1810 2162 1892; x_wconf 89' lang='lat' dir='ltr'><strong>(de</strong></span> <span class='ocrx_word' id='word_1_84' title='bbox 2210 1811 2374 1876; x_wconf 89' lang='grc'>1221</span> <span class='ocrx_word' id='word_1_85' title='bbox 2425 1810 2552 1876; x_wconf 81' lang='lat' dir='ltr'><strong>ian.</strong></span> <span class='ocrx_word' id='word_1_86' title='bbox 2586 1810 2719 1892; x_wconf 85' lang='lat'><strong>20).</strong></span> 
     </span>
     <span class='ocr_line' id='line_1_16' title="bbox 1612 1915 2862 1998; baseline -0.002 -15"><span class='ocrx_word' id='word_1_87' title='bbox 1612 1917 1887 1984; x_wconf 82' lang='lat' dir='ltr'><strong>Militum</strong></span> <span class='ocrx_word' id='word_1_88' title='bbox 1933 1917 2156 1983; x_wconf 86' lang='lat' dir='ltr'><strong>domus</strong></span> <span class='ocrx_word' id='word_1_89' title='bbox 2202 1915 2305 1998; x_wconf 84' lang='lat' dir='ltr'><strong>(de</strong></span> <span class='ocrx_word' id='word_1_90' title='bbox 2359 1916 2520 1981; x_wconf 83' lang='lat'>1221</span> <span class='ocrx_word' id='word_1_91' title='bbox 2570 1917 2696 1982; x_wconf 79' lang='lat' dir='ltr'><strong>ian.</strong></span> <span class='ocrx_word' id='word_1_92' title='bbox 2731 1916 2862 1998; x_wconf 84' lang='lat'><strong>20).</strong></span> 
     </span>
     <span class='ocr_line' id='line_1_17' title="bbox 1618 2021 2906 2104; baseline -0.003 -14"><span class='ocrx_word' id='word_1_93' title='bbox 1618 2023 1917 2091; x_wconf 90' lang='lat' dir='ltr'><strong>Pervenit</strong></span> <span class='ocrx_word' id='word_1_94' title='bbox 1961 2023 2042 2090; x_wconf 84' lang='lat' dir='ltr'>ad</span> <span class='ocrx_word' id='word_1_95' title='bbox 2086 2043 2201 2088; x_wconf 89' lang='grc'>1166</span> <span class='ocrx_word' id='word_1_96' title='bbox 2249 2022 2352 2104; x_wconf 92' lang='grc'>((16</span> <span class='ocrx_word' id='word_1_97' title='bbox 2402 2023 2565 2088; x_wconf 94' lang='grc'>1221</span> <span class='ocrx_word' id='word_1_98' title='bbox 2617 2023 2742 2088; x_wconf 81' lang='lat' dir='ltr'><strong>ian.</strong></span> <span class='ocrx_word' id='word_1_99' title='bbox 2775 2021 2906 2104; x_wconf 90' lang='grc'>21).</span> 
     </span>
     <span class='ocr_line' id='line_1_18' title="bbox 1617 2127 2905 2216; baseline -0.003 -18"><span class='ocrx_word' id='word_1_100' title='bbox 1617 2130 1816 2197; x_wconf 86' lang='lat' dir='ltr'><strong>Deeet</strong></span> <span class='ocrx_word' id='word_1_101' title='bbox 1857 2127 2195 2216; x_wconf 80' lang='lat' dir='ltr'><strong>pastoralis</strong></span> <span class='ocrx_word' id='word_1_102' title='bbox 2243 2127 2347 2209; x_wconf 90' lang='lat' dir='ltr'><strong>(de</strong></span> <span class='ocrx_word' id='word_1_103' title='bbox 2399 2129 2562 2194; x_wconf 90' lang='grc'>1221</span> <span class='ocrx_word' id='word_1_104' title='bbox 2613 2129 2739 2194; x_wconf 81' lang='lat' dir='ltr'><strong>ian.</strong></span> <span class='ocrx_word' id='word_1_105' title='bbox 2775 2128 2905 2211; x_wconf 92' lang='grc'>21).</span> 
     </span>
     <span class='ocr_line' id='line_1_19' title="bbox 1616 2231 2998 2320; baseline -0.002 -18"><span class='ocrx_word' id='word_1_106' title='bbox 1616 2236 2033 2304; x_wconf 87' lang='lat' dir='ltr'><strong>Attendentes</strong></span> <span class='ocrx_word' id='word_1_107' title='bbox 2081 2254 2270 2320; x_wconf 81' lang='lat' dir='ltr'><strong>quam</strong></span> <span class='ocrx_word' id='word_1_108' title='bbox 2316 2233 2420 2316; x_wconf 88' lang='lat' dir='ltr'><strong>(de</strong></span> <span class='ocrx_word' id='word_1_109' title='bbox 2470 2235 2634 2301; x_wconf 92' lang='grc'>1221</span> <span class='ocrx_word' id='word_1_110' title='bbox 2683 2234 2840 2302; x_wconf 86' lang='lat' dir='ltr'><strong>febr.</strong></span> <span class='ocrx_word' id='word_1_111' title='bbox 2873 2231 2998 2318; x_wconf 86' lang='grc'>5).*</span> 
     </span>
     <span class='ocr_line' id='line_1_20' title="bbox 1618 2340 2958 2421; baseline -0.001 -12"><span class='ocrx_word' id='word_1_112' title='bbox 1618 2342 1817 2420; x_wconf 82' lang='lat' dir='ltr'><strong>Quam</strong></span> <span class='ocrx_word' id='word_1_113' title='bbox 1864 2341 2266 2409; x_wconf 82' lang='lat' dir='ltr'><strong>laudabiliter</strong></span> <span class='ocrx_word' id='word_1_114' title='bbox 2313 2340 2416 2421; x_wconf 89' lang='lat' dir='ltr'><strong>(de</strong></span> <span class='ocrx_word' id='word_1_115' title='bbox 2467 2340 2632 2406; x_wconf 92' lang='grc'>1221</span> <span class='ocrx_word' id='word_1_116' title='bbox 2681 2341 2836 2408; x_wconf 82' lang='lat' dir='ltr'><strong>febr.</strong></span> <span class='ocrx_word' id='word_1_117' title='bbox 2869 2341 2958 2421; x_wconf 92' lang='grc'>5).</span> 
     </span>
     <span class='ocr_line' id='line_1_21' title="bbox 1615 2445 2968 2530; baseline -0.001 -14"><span class='ocrx_word' id='word_1_118' title='bbox 1615 2449 1759 2516; x_wconf 81' lang='lat' dir='ltr'><strong>Etsi</strong></span> <span class='ocrx_word' id='word_1_119' title='bbox 1803 2449 2240 2514; x_wconf 86' lang='lat' dir='ltr'><strong>universorum</strong></span> <span class='ocrx_word' id='word_1_120' title='bbox 2286 2447 2390 2528; x_wconf 87' lang='lat' dir='ltr'><strong>(de</strong></span> <span class='ocrx_word' id='word_1_121' title='bbox 2442 2447 2604 2512; x_wconf 92' lang='grc'>1221</span> <span class='ocrx_word' id='word_1_122' title='bbox 2656 2447 2811 2514; x_wconf 86' lang='lat' dir='ltr'><strong>febr.</strong></span> <span class='ocrx_word' id='word_1_123' title='bbox 2843 2445 2968 2530; x_wconf 93' lang='grc'>5).*</span> 
     </span>
     <span class='ocr_line' id='line_1_22' title="bbox 1620 2551 2926 2638; baseline -0.002 -16"><span class='ocrx_word' id='word_1_124' title='bbox 1620 2554 1795 2622; x_wconf 81' lang='lat' dir='ltr'><strong>Sicut</strong></span> <span class='ocrx_word' id='word_1_125' title='bbox 1840 2553 2204 2638; x_wconf 80' lang='lat' dir='ltr'><strong>evangeliea</strong></span> <span class='ocrx_word' id='word_1_126' title='bbox 2246 2553 2349 2634; x_wconf 89' lang='grc'>((16</span> <span class='ocrx_word' id='word_1_127' title='bbox 2401 2553 2565 2619; x_wconf 92' lang='grc'>1221</span> <span class='ocrx_word' id='word_1_128' title='bbox 2613 2553 2768 2620; x_wconf 89' lang='lat' dir='ltr'><strong>febr.</strong></span> <span class='ocrx_word' id='word_1_129' title='bbox 2802 2551 2926 2634; x_wconf 92' lang='grc'>5).*</span> 
     </span>
     <span class='ocr_line' id='line_1_23' title="bbox 1618 2660 3046 2745; baseline -0.001 -17"><span class='ocrx_word' id='word_1_130' title='bbox 1618 2660 2128 2745; x_wconf 78' lang='lat' dir='ltr'><strong>Significantibus</strong></span> <span class='ocrx_word' id='word_1_131' title='bbox 2172 2660 2352 2727; x_wconf 82' lang='lat' dir='ltr'><strong>vobis</strong></span> <span class='ocrx_word' id='word_1_132' title='bbox 2399 2660 2503 2741; x_wconf 89' lang='lat' dir='ltr'><strong>(de</strong></span> <span class='ocrx_word' id='word_1_133' title='bbox 2555 2661 2718 2726; x_wconf 91' lang='grc'>1221</span> <span class='ocrx_word' id='word_1_134' title='bbox 2769 2661 2924 2732; x_wconf 78' lang='lat' dir='ltr'><strong>febr.</strong></span> <span class='ocrx_word' id='word_1_135' title='bbox 2959 2661 3046 2742; x_wconf 89' lang='grc'>8).</span> 
     </span>
     <span class='ocr_line' id='line_1_24' title="bbox 1619 2766 2729 2848; baseline -0.002 -14"><span class='ocrx_word' id='word_1_136' title='bbox 1619 2767 1777 2834; x_wconf 88' lang='lat' dir='ltr'>Cum</span> <span class='ocrx_word' id='word_1_137' title='bbox 1824 2767 2037 2834; x_wconf 86' lang='lat' dir='ltr'><strong>dileeti</strong></span> <span class='ocrx_word' id='word_1_138' title='bbox 2083 2767 2188 2848; x_wconf 90' lang='lat' dir='ltr'><strong>(de</strong></span> <span class='ocrx_word' id='word_1_139' title='bbox 2239 2767 2402 2834; x_wconf 91' lang='grc'>1221</span> <span class='ocrx_word' id='word_1_140' title='bbox 2452 2766 2608 2833; x_wconf 83' lang='lat' dir='ltr'><strong>febr.</strong></span> <span class='ocrx_word' id='word_1_141' title='bbox 2643 2767 2729 2847; x_wconf 86' lang='lat'><strong>8).</strong></span> 
     </span>
     <span class='ocr_line' id='line_1_25' title="bbox 1616 2869 2881 2954; baseline -0.002 -13"><span class='ocrx_word' id='word_1_142' title='bbox 1616 2873 1813 2951; x_wconf 81' lang='lat' dir='ltr'><strong>Quam</strong></span> <span class='ocrx_word' id='word_1_143' title='bbox 1864 2873 2153 2940; x_wconf 80' lang='lat' dir='ltr'><strong>amabilis</strong></span> <span class='ocrx_word' id='word_1_144' title='bbox 2201 2872 2304 2954; x_wconf 85' lang='lat' dir='ltr'><strong>(de</strong></span> <span class='ocrx_word' id='word_1_145' title='bbox 2353 2873 2519 2939; x_wconf 82' lang='lat'>1221</span> <span class='ocrx_word' id='word_1_146' title='bbox 2569 2873 2724 2939; x_wconf 90' lang='lat' dir='ltr'><strong>febr.</strong></span> <span class='ocrx_word' id='word_1_147' title='bbox 2759 2869 2881 2954; x_wconf 83' lang='grc'>9).*</span> 
     </span>
     <span class='ocr_line' id='line_1_26' title="bbox 1617 2976 3041 3068; baseline -0.001 -22"><span class='ocrx_word' id='word_1_148' title='bbox 1617 2980 1885 3058; x_wconf 81' lang='lat' dir='ltr'><strong>Querela</strong></span> <span class='ocrx_word' id='word_1_149' title='bbox 1929 2980 2300 3046; x_wconf 79' lang='lat' dir='ltr'><strong>dilectorum</strong></span> <span class='ocrx_word' id='word_1_150' title='bbox 2347 2981 2452 3062; x_wconf 90' lang='lat' dir='ltr'><strong>(de</strong></span> <span class='ocrx_word' id='word_1_151' title='bbox 2502 2979 2668 3045; x_wconf 90' lang='grc'>1223</span> <span class='ocrx_word' id='word_1_152' title='bbox 2715 2978 2841 3046; x_wconf 83' lang='lat' dir='ltr'><strong>ian.</strong></span> <span class='ocrx_word' id='word_1_153' title='bbox 2880 2976 3041 3068; x_wconf 87' lang='grc'>16).*</span> 
     </span>
     <span class='ocr_line' id='line_1_27' title="bbox 1286 3085 2857 3169; baseline 0 -17"><span class='ocrx_word' id='word_1_154' title='bbox 1286 3135 1321 3169; x_wconf 87' lang='lat'>,‚</span> <span class='ocrx_word' id='word_1_155' title='bbox 1616 3086 1908 3154; x_wconf 80' lang='lat' dir='ltr'><strong>Graviter</strong></span> <span class='ocrx_word' id='word_1_156' title='bbox 1953 3086 2164 3153; x_wconf 79' lang='lat' dir='ltr'><strong>oeulos</strong></span> <span class='ocrx_word' id='word_1_157' title='bbox 2213 3085 2317 3165; x_wconf 88' lang='grc'>((16</span> <span class='ocrx_word' id='word_1_158' title='bbox 2369 3087 2536 3151; x_wconf 85' lang='grc'>1223</span> <span class='ocrx_word' id='word_1_159' title='bbox 2581 3085 2736 3153; x_wconf 87' lang='lat' dir='ltr'><strong>febr.</strong></span> <span class='ocrx_word' id='word_1_160' title='bbox 2777 3086 2857 3167; x_wconf 90' lang='lat'><strong>1).</strong></span> 
     </span>
     <span class='ocr_line' id='line_1_28' title="bbox 649 3185 2250 3279; baseline 0.003 -27"><span class='ocrx_word' id='word_1_161' title='bbox 649 3185 961 3254; x_wconf 76' lang='lat' dir='ltr'><strong>Secuntur</strong></span> <span class='ocrx_word' id='word_1_162' title='bbox 1004 3187 1213 3256; x_wconf 82' lang='lat' dir='ltr'><strong>littere</strong></span> <span class='ocrx_word' id='word_1_163' title='bbox 1256 3191 1496 3258; x_wconf 88' lang='lat' dir='ltr'><strong>domini</strong></span> <span class='ocrx_word' id='word_1_164' title='bbox 1542 3191 1827 3276; x_wconf 81' lang='lat' dir='ltr'><strong>Gregorii</strong></span> <span class='ocrx_word' id='word_1_165' title='bbox 1872 3213 2038 3279; x_wconf 85' lang='lat' dir='ltr'><strong>pape</strong></span> <span class='ocrx_word' id='word_1_166' title='bbox 2082 3193 2250 3258; x_wconf 89' lang='lat' dir='ltr'><strong>noni.</strong></span> 
     </span>
     <span class='ocr_line' id='line_1_29' title="bbox 1071 3293 2769 3380; baseline 0 -18"><span class='ocrx_word' id='word_1_167' title='bbox 1071 3293 1409 3380; x_wconf 77' lang='lat' dir='ltr'><strong>Gregorius</strong></span> <span class='ocrx_word' id='word_1_168' title='bbox 1456 3305 1569 3366; x_wconf 86' lang='lat' dir='ltr'><strong>ete.</strong></span> <span class='ocrx_word' id='word_1_169' title='bbox 1649 3299 1884 3366; x_wconf 85' lang='lat' dir='ltr'><strong>Dileeti</strong></span> <span class='ocrx_word' id='word_1_170' title='bbox 1926 3298 2042 3364; x_wconf 84' lang='lat' dir='ltr'><strong>filii</strong></span> <span class='ocrx_word' id='word_1_171' title='bbox 2087 3299 2191 3374; x_wconf 91' lang='grc'>((16</span> <span class='ocrx_word' id='word_1_172' title='bbox 2242 3299 2412 3365; x_wconf 89' lang='grc'>1228</span> <span class='ocrx_word' id='word_1_173' title='bbox 2456 3298 2614 3365; x_wconf 85' lang='lat' dir='ltr'><strong>febr.</strong></span> <span class='ocrx_word' id='word_1_174' title='bbox 2647 3295 2769 3380; x_wconf 89' lang='grc'>3).*</span> 
     </span>
     <span class='ocr_line' id='line_1_30' title="bbox 1645 3400 2953 3490; baseline -0.002 -19"><span class='ocrx_word' id='word_1_175' title='bbox 1645 3405 1939 3472; x_wconf 89' lang='lat' dir='ltr'><strong>Pervenit</strong></span> <span class='ocrx_word' id='word_1_176' title='bbox 1986 3404 2066 3471; x_wconf 81' lang='lat' dir='ltr'>ad</span> <span class='ocrx_word' id='word_1_177' title='bbox 2110 3425 2224 3472; x_wconf 85' lang='grc'>1166</span> <span class='ocrx_word' id='word_1_178' title='bbox 2273 3405 2377 3490; x_wconf 82' lang='grc'>((16</span> <span class='ocrx_word' id='word_1_179' title='bbox 2429 3406 2596 3472; x_wconf 90' lang='grc'>1228</span> <span class='ocrx_word' id='word_1_180' title='bbox 2642 3404 2796 3472; x_wconf 90' lang='lat' dir='ltr'><strong>febr.</strong></span> <span class='ocrx_word' id='word_1_181' title='bbox 2833 3400 2953 3486; x_wconf 88' lang='grc'>3).*</span> 
     </span>
     <span class='ocr_line' id='line_1_31' title="bbox 1648 3511 2790 3595; baseline -0.002 -17"><span class='ocrx_word' id='word_1_182' title='bbox 1648 3511 1717 3578; x_wconf 90' lang='lat' dir='ltr'><strong>Si</strong></span> <span class='ocrx_word' id='word_1_183' title='bbox 1763 3511 2097 3595; x_wconf 86' lang='lat' dir='ltr'><strong>diligenter</strong></span> <span class='ocrx_word' id='word_1_184' title='bbox 2142 3512 2245 3592; x_wconf 88' lang='lat' dir='ltr'><strong>(de</strong></span> <span class='ocrx_word' id='word_1_185' title='bbox 2298 3513 2466 3576; x_wconf 92' lang='grc'>1228</span> <span class='ocrx_word' id='word_1_186' title='bbox 2511 3511 2667 3578; x_wconf 82' lang='lat' dir='ltr'><strong>febr.</strong></span> <span class='ocrx_word' id='word_1_187' title='bbox 2699 3511 2790 3593; x_wconf 90' lang='lat'>4).</span> 
     </span>
     <span class='ocr_line' id='line_1_32' title="bbox 1645 3613 2767 3702; baseline -0.001 -16"><span class='ocrx_word' id='word_1_188' title='bbox 1645 3617 1877 3686; x_wconf 90' lang='lat' dir='ltr'><strong>Dileeti</strong></span> <span class='ocrx_word' id='word_1_189' title='bbox 1920 3618 2035 3684; x_wconf 88' lang='lat' dir='ltr'><strong>filii</strong></span> <span class='ocrx_word' id='word_1_190' title='bbox 2080 3618 2184 3699; x_wconf 87' lang='lat' dir='ltr'><strong>(de</strong></span> <span class='ocrx_word' id='word_1_191' title='bbox 2236 3619 2402 3682; x_wconf 92' lang='grc'>1228</span> <span class='ocrx_word' id='word_1_192' title='bbox 2456 3618 2611 3685; x_wconf 82' lang='lat' dir='ltr'><strong>febr.</strong></span> <span class='ocrx_word' id='word_1_193' title='bbox 2647 3613 2767 3702; x_wconf 85' lang='grc'>6).*</span> 
     </span>
     <span class='ocr_line' id='line_1_33' title="bbox 1644 3724 2761 3810; baseline 0.001 -20"><span class='ocrx_word' id='word_1_194' title='bbox 1644 3724 1788 3790; x_wconf 85' lang='lat' dir='ltr'><strong>Etsi</strong></span> <span class='ocrx_word' id='word_1_195' title='bbox 1830 3744 2035 3810; x_wconf 89' lang='lat' dir='ltr'><strong>neque</strong></span> <span class='ocrx_word' id='word_1_196' title='bbox 2079 3725 2182 3805; x_wconf 88' lang='lat' dir='ltr'><strong>(de</strong></span> <span class='ocrx_word' id='word_1_197' title='bbox 2233 3725 2398 3789; x_wconf 93' lang='grc'>1227</span> <span class='ocrx_word' id='word_1_198' title='bbox 2447 3724 2588 3791; x_wconf 88' lang='grc'>111111</span> <span class='ocrx_word' id='word_1_199' title='bbox 2631 3727 2761 3808; x_wconf 89' lang='grc'>28).</span> 
     </span>
     <span class='ocr_line' id='line_1_34' title="bbox 1646 3830 2884 3914; baseline 0 -18"><span class='ocrx_word' id='word_1_200' title='bbox 1646 3830 1994 3914; x_wconf 84' lang='lat' dir='ltr'><strong>Religiosos</strong></span> <span class='ocrx_word' id='word_1_201' title='bbox 2039 3831 2208 3897; x_wconf 83' lang='lat' dir='ltr'><strong>viros</strong></span> <span class='ocrx_word' id='word_1_202' title='bbox 2254 3830 2356 3912; x_wconf 89' lang='lat' dir='ltr'><strong>(de</strong></span> <span class='ocrx_word' id='word_1_203' title='bbox 2407 3832 2571 3897; x_wconf 94' lang='grc'>1227</span> <span class='ocrx_word' id='word_1_204' title='bbox 2623 3851 2762 3914; x_wconf 78' lang='lat' dir='ltr'><strong>aug.</strong></span> <span class='ocrx_word' id='word_1_205' title='bbox 2796 3832 2884 3912; x_wconf 85' lang='lat'><strong>5).</strong></span> 
     </span>
     <span class='ocr_line' id='line_1_35' title="bbox 1650 3935 2917 4020; baseline -0.002 -16"><span class='ocrx_word' id='word_1_206' title='bbox 1650 3935 1941 4004; x_wconf 82' lang='lat' dir='ltr'><strong>Graviter</strong></span> <span class='ocrx_word' id='word_1_207' title='bbox 1987 3936 2196 4003; x_wconf 89' lang='grc'>6611166</span> <span class='ocrx_word' id='word_1_208' title='bbox 2244 3937 2348 4019; x_wconf 87' lang='grc'>((16</span> <span class='ocrx_word' id='word_1_209' title='bbox 2398 3939 2563 4004; x_wconf 88' lang='grc'>1227</span> <span class='ocrx_word' id='word_1_210' title='bbox 2613 3957 2754 4020; x_wconf 80' lang='lat' dir='ltr'><strong>aug.</strong></span> <span class='ocrx_word' id='word_1_211' title='bbox 2792 3938 2917 4019; x_wconf 88' lang='lat'><strong>13).</strong></span> 
     </span>
     <span class='ocr_line' id='line_1_36' title="bbox 1646 4039 2923 4130; baseline -0.002 -20"><span class='ocrx_word' id='word_1_212' title='bbox 1646 4043 1799 4110; x_wconf 81' lang='lat' dir='ltr'><strong>Paci</strong></span> <span class='ocrx_word' id='word_1_213' title='bbox 1844 4047 1907 4110; x_wconf 91' lang='lat' dir='ltr'>et</span> <span class='ocrx_word' id='word_1_214' title='bbox 1953 4044 2149 4128; x_wconf 89' lang='lat' dir='ltr'><strong>quieti</strong></span> <span class='ocrx_word' id='word_1_215' title='bbox 2196 4043 2300 4123; x_wconf 90' lang='lat' dir='ltr'><strong>(de</strong></span> <span class='ocrx_word' id='word_1_216' title='bbox 2351 4045 2506 4110; x_wconf 88' lang='grc'>1231</span> <span class='ocrx_word' id='word_1_217' title='bbox 2563 4047 2724 4130; x_wconf 79' lang='lat' dir='ltr'><strong>sept.</strong></span> <span class='ocrx_word' id='word_1_218' title='bbox 2763 4039 2923 4124; x_wconf 89' lang='grc'>15).*</span> 
     </span>
     <span class='ocr_line' id='line_1_37' title="bbox 1646 4148 3080 4232; baseline -0.001 -16"><span class='ocrx_word' id='word_1_219' title='bbox 1646 4149 2032 4216; x_wconf 86' lang='lat' dir='ltr'><strong>Dileetorum</strong></span> <span class='ocrx_word' id='word_1_220' title='bbox 2083 4148 2355 4216; x_wconf 87' lang='lat' dir='ltr'><strong>filiorum</strong></span> <span class='ocrx_word' id='word_1_221' title='bbox 2403 4150 2508 4232; x_wconf 89' lang='lat' dir='ltr'><strong>(de</strong></span> <span class='ocrx_word' id='word_1_222' title='bbox 2559 4151 2723 4216; x_wconf 83' lang='lat'>1227</span> <span class='ocrx_word' id='word_1_223' title='bbox 2773 4169 2912 4232; x_wconf 87' lang='lat' dir='ltr'><strong>aug.</strong></span> <span class='ocrx_word' id='word_1_224' title='bbox 2947 4149 3080 4230; x_wconf 86' lang='lat'><strong>31).</strong></span> 
     </span>
     <span class='ocr_line' id='line_1_38' title="bbox 1646 4255 2866 4341; baseline -0.001 -20"><span class='ocrx_word' id='word_1_225' title='bbox 1646 4255 1791 4321; x_wconf 91' lang='lat' dir='ltr'>Non</span> <span class='ocrx_word' id='word_1_226' title='bbox 1836 4255 2072 4341; x_wconf 81' lang='lat' dir='ltr'><strong>absque</strong></span> <span class='ocrx_word' id='word_1_227' title='bbox 2116 4255 2220 4337; x_wconf 89' lang='lat' dir='ltr'><strong>(de</strong></span> <span class='ocrx_word' id='word_1_228' title='bbox 2261 4257 2424 4322; x_wconf 82' lang='lat'>1231</span> <span class='ocrx_word' id='word_1_229' title='bbox 2477 4257 2691 4323; x_wconf 85' lang='lat' dir='ltr'><strong>martii</strong></span> <span class='ocrx_word' id='word_1_230' title='bbox 2735 4255 2866 4337; x_wconf 83' lang='lat'><strong>29).</strong></span> 
     </span>
     <span class='ocr_line' id='line_1_39' title="bbox 1649 4358 2839 4443; baseline 0.002 -16"><span class='ocrx_word' id='word_1_231' title='bbox 1649 4360 1807 4427; x_wconf 88' lang='lat' dir='ltr'>Cum</span> <span class='ocrx_word' id='word_1_232' title='bbox 1854 4361 2098 4428; x_wconf 78' lang='lat' dir='ltr'><strong>dilectis</strong></span> <span class='ocrx_word' id='word_1_233' title='bbox 2145 4362 2250 4443; x_wconf 89' lang='lat' dir='ltr'><strong>(de</strong></span> <span class='ocrx_word' id='word_1_234' title='bbox 2301 4363 2463 4427; x_wconf 90' lang='grc'>1231</span> <span class='ocrx_word' id='word_1_235' title='bbox 2516 4367 2636 4428; x_wconf 87' lang='lat' dir='ltr'><strong>oet.</strong></span> <span class='ocrx_word' id='word_1_236' title='bbox 2674 4358 2839 4443; x_wconf 93' lang='grc'>10).*</span> 
     </span>
     <span class='ocr_line' id='line_1_40' title="bbox 1647 4467 2825 4549; baseline 0.002 -17"><span class='ocrx_word' id='word_1_237' title='bbox 1647 4467 1855 4545; x_wconf 86' lang='lat' dir='ltr'><strong>Quieti</strong></span> <span class='ocrx_word' id='word_1_238' title='bbox 1900 4473 2107 4535; x_wconf 84' lang='lat' dir='ltr'><strong>vestre</strong></span> <span class='ocrx_word' id='word_1_239' title='bbox 2150 4468 2254 4548; x_wconf 88' lang='lat' dir='ltr'><strong>(de</strong></span> <span class='ocrx_word' id='word_1_240' title='bbox 2306 4469 2474 4534; x_wconf 88' lang='grc'>1235</span> <span class='ocrx_word' id='word_1_241' title='bbox 2518 4489 2661 4536; x_wconf 89' lang='lat' dir='ltr'><strong>nov.</strong></span> <span class='ocrx_word' id='word_1_242' title='bbox 2695 4469 2825 4549; x_wconf 82' lang='lat'><strong>28).</strong></span> 
     </span>
     <span class='ocr_line' id='line_1_41' title="bbox 1650 4573 3080 4656; baseline -0.001 -16"><span class='ocrx_word' id='word_1_243' title='bbox 1650 4573 1986 4656; x_wconf 81' lang='lat' dir='ltr'><strong>Signorum</strong></span> <span class='ocrx_word' id='word_1_244' title='bbox 2031 4575 2355 4642; x_wconf 86' lang='lat' dir='ltr'><strong>evideneia</strong></span> <span class='ocrx_word' id='word_1_245' title='bbox 2397 4574 2500 4654; x_wconf 86' lang='lat' dir='ltr'><strong>(de</strong></span> <span class='ocrx_word' id='word_1_246' title='bbox 2552 4576 2714 4652; x_wconf 84' lang='grc'>1237</span> <span class='ocrx_word' id='word_1_247' title='bbox 2765 4575 2912 4640; x_wconf 78' lang='lat' dir='ltr'><strong>mai.</strong></span> <span class='ocrx_word' id='word_1_248' title='bbox 2948 4573 3080 4652; x_wconf 93' lang='grc'>22).</span> 
     </span>
     <span class='ocr_line' id='line_1_42' title="bbox 648 4677 2430 4767; baseline 0.001 -23"><span class='ocrx_word' id='word_1_249' title='bbox 648 4677 1010 4764; x_wconf 88' lang='lat' dir='ltr'><strong>Sequuntur</strong></span> <span class='ocrx_word' id='word_1_250' title='bbox 1052 4677 1266 4746; x_wconf 90' lang='lat' dir='ltr'><strong>littere</strong></span> <span class='ocrx_word' id='word_1_251' title='bbox 1310 4679 1545 4748; x_wconf 82' lang='lat' dir='ltr'><strong>demini</strong></span> <span class='ocrx_word' id='word_1_252' title='bbox 1592 4681 1944 4748; x_wconf 85' lang='lat' dir='ltr'><strong>Innoceneii</strong></span> <span class='ocrx_word' id='word_1_253' title='bbox 1990 4700 2156 4767; x_wconf 82' lang='lat' dir='ltr'><strong>pape</strong></span> <span class='ocrx_word' id='word_1_254' title='bbox 2202 4681 2430 4766; x_wconf 77' lang='lat' dir='ltr'><strong>quarti.</strong></span> 
     </span>
     <span class='ocr_line' id='line_1_43' title="bbox 1070 4785 2892 4874; baseline 0.001 -22"><span class='ocrx_word' id='word_1_255' title='bbox 1070 4785 1479 4853; x_wconf 81' lang='lat' dir='ltr'><strong>Inneeeneius</strong></span> <span class='ocrx_word' id='word_1_256' title='bbox 1525 4795 1637 4855; x_wconf 86' lang='lat' dir='ltr'><strong>ete.</strong></span> <span class='ocrx_word' id='word_1_257' title='bbox 1710 4787 1869 4854; x_wconf 88' lang='lat' dir='ltr'>Cum</span> <span class='ocrx_word' id='word_1_258' title='bbox 1915 4787 2130 4854; x_wconf 84' lang='lat' dir='ltr'><strong>dilecti</strong></span> <span class='ocrx_word' id='word_1_259' title='bbox 2176 4787 2279 4869; x_wconf 91' lang='lat' dir='ltr'><strong>(de</strong></span> <span class='ocrx_word' id='word_1_260' title='bbox 2329 4788 2498 4852; x_wconf 89' lang='grc'>1246</span> <span class='ocrx_word' id='word_1_261' title='bbox 2545 4787 2726 4874; x_wconf 78' lang='lat' dir='ltr'><strong>april.</strong></span> <span class='ocrx_word' id='word_1_262' title='bbox 2761 4788 2892 4871; x_wconf 86' lang='lat'><strong>21).</strong></span> 
     </span>
     <span class='ocr_line' id='line_1_44' title="bbox 1712 4891 2895 4980; baseline 0 -20"><span class='ocrx_word' id='word_1_263' title='bbox 1712 4893 1871 4960; x_wconf 86' lang='lat' dir='ltr'>Cum</span> <span class='ocrx_word' id='word_1_264' title='bbox 1916 4893 2162 4961; x_wconf 83' lang='lat' dir='ltr'><strong>dilectis</strong></span> <span class='ocrx_word' id='word_1_265' title='bbox 2209 4894 2312 4974; x_wconf 87' lang='lat' dir='ltr'><strong>(de</strong></span> <span class='ocrx_word' id='word_1_266' title='bbox 2365 4895 2533 4960; x_wconf 84' lang='lat'>1245</span> <span class='ocrx_word' id='word_1_267' title='bbox 2579 4899 2737 4980; x_wconf 82' lang='lat' dir='ltr'><strong>sept.</strong></span> <span class='ocrx_word' id='word_1_268' title='bbox 2771 4891 2895 4977; x_wconf 90' lang='grc'>5).*</span> 
     </span>
    </p>
   </div>
   <div class='ocr_carea' id='block_1_3' title="bbox 3824 3395 3826 5496">
    <p class='ocr_par' dir='ltr' id='par_1_3' title="bbox 3824 3395 3826 5496">
     <span class='ocr_line' id='line_1_45' title="bbox 3824 3395 3826 5496; baseline 0 0"><span class='ocrx_word' id='word_1_269' title='bbox 3824 3395 3826 5496; x_wconf 95' lang='lat' dir='ltr'> </span> 
     </span>
    </p>
   </div>
  </div>
 </body>
</html>
