3892 5609
688 305 730 375 2
743 306 784 376 5
797 304 840 375 2
1413 314 1920 365 mummi-mu
1966 294 2055 365 nr
2099 315 2344 365 nucum
2386 316 2834 367 noumomm

689 475 866 547 286.
907 477 1088 545 1402
1129 500 1271 542 nov.
1297 476 1342 541 3
1387 460 1868 571 Nuremberyj(
1861 478 1954 563 off
1991 480 2112 543 den
2157 478 2441 543 nehesten
2475 478 2694 565 fritaq
2737 479 2903 543 nach,
2932 477 3093 544 aller
3122 478 3393 564 keiliqen
3424 490 3567 565 taqe

915 586 992 649 R.
1025 584 1123 665 3).
1205 586 1556 671 Rupertus,
1608 584 2045 651 Romanorum
2088 607 2233 666 rex,
2297 586 2371 651 ob
2419 588 2677 651 servitia
2720 610 2762 650 a
2808 583 3099 651 Conrado
3146 585 3563 673 Eyloffsteyn,

905 695 1206 777 mayistro
1256 693 1498 757 ordinis
1549 691 1919 759 Theutoniei
1959 716 2077 779 per
2114 694 2563 757 Alemanniam
2608 706 2667 758 et
2709 692 2999 773 Italiam,
3061 696 3224 758 citra
3282 706 3343 757 et
3390 693 3567 757 ultra

861 798 864 801 ’
905 813 1140 864 ‘montes
1177 802 1491 886 praestita
1521 800 1831 882 annullat,
1879 803 1940 867 si
1984 802 2140 887 quid
2182 804 2319 886 ipse
2352 802 2481 864 sive
2509 799 2897 865 Wenceslaus
2932 802 3384 887 praedecessor
3412 820 3563 865 con-

907 920 1008 972 tra
1055 908 1298 971 ordinis
1336 906 1682 994 privileqia
1729 920 1788 973 et
1833 908 2145 973 libertates
2190 909 2496 974 statum-it.
2542 901 2550 911 ’
3458 930 3473 933 -

897 1046 989 1107 IV,
1027 1045 1131 1097 307
1144 1062 1190 1097 ν.
1247 1046 1396 1097 Edid.
1425 1045 1631 1113 (Foder)
1669 1046 1803 1098 Hine.
1828 1046 1952 1113 dipl.
1978 1045 2269 1099 Unterricht
2304 1064 2353 1098 n.
2382 1046 2463 1098 19.
2518 1045 2688 1113 Lunig
2712 1045 2829 1109 Vn,
2868 1044 2950 1099 18.
3012 1046 3087 1099 Cf.
3124 1044 3303 1098 chmel
3338 1044 3565 1112 Regesta

685 1134 900 1202 Ruperti
934 1152 985 1187 n.
1016 1134 1166 1186 1341.

691 1356 868 1428 287.
911 1358 1089 1425 1403
1135 1382 1281 1444 any.
1317 1361 1402 1425 19
1449 1359 1823 1445 Heidelberq
1881 1356 2023 1443 (uff
2074 1360 2195 1423 den
2238 1370 2459 1445 sontaq
2512 1358 2677 1423 nach
2718 1379 2907 1423 unser
2944 1359 3255 1442 frauwen
3302 1371 3409 1443 tay
3466 1358 3565 1423 als

910 1469 1001 1531 sie
1043 1488 1125 1530 zu
1169 1466 1391 1531 hiemel
1424 1466 1586 1551 fure
1632 1467 1713 1531 R.
1747 1465 1844 1547 3).
1924 1466 2264 1551 liutpertus,
2312 1466 2751 1553 Romanorum
2792 1487 2927 1543 rece,
2982 1477 3223 1551 petente
3270 1463 3565 1530 Conrado

913 1574 990 1637 de
1032 1570 1426 1657 quoffstein,
1475 1576 1776 1659 maqistro
1825 1574 2070 1637 ordinis
2110 1570 2172 1635 T
2166 1572 2481 1637 heutonici
2517 1595 2636 1659 per
2682 1571 3132 1638 Alemanniam
3176 1585 3235 1637 et
3278 1571 3563 1652 Italia-m,

913 1680 1239 1761 confirmat
1285 1684 1496 1744 omnia
1542 1682 1759 1744 ordini
1800 1704 1842 1744 a
1878 1679 2465 1765 praedecessoribus
2512 1700 2801 1745 concessa
2842 1680 3185 1765 privileqia
3228 1681 3569 1764 omniaque

913 1787 1112 1863 bona3
1160 1788 1441 1851 coneedit
1482 1789 1762 1872 insuper,
1811 1808 1889 1850 ne
1919 1788 2062 1871 quis
2104 1808 2409 1872 personas
2453 1786 2553 1850 vel
2596 1786 2761 1851 bona
2804 1788 2893 1850 ad
2936 1788 3153 1851 domos
3196 1784 3567 1870 oonfuqien-

915 1896 1069 1958 tium
1097 1895 1166 1957 vi
1191 1892 1286 1956 ibi
1313 1895 1546 1978 capiat,
1594 1906 1666 1959 ut
1712 1893 1894 1958 liceat
1931 1893 2258 1977 fratribus
2304 1893 2489 1957 villas
2534 1916 2683 1958 suas
2723 1892 3010 1975 firmare,
3058 1906 3131 1957 ut
3172 1894 3401 1958 exemti
3440 1894 3571 1958 sint

913 2000 990 2064 ab
1037 1999 1465 2085 hospitalitate
1509 2012 1568 2065 et
1611 2024 1650 2064 a
1681 2001 1938 2065 iudiciis
1986 2002 2199 2064 ouviae
2243 2013 2301 2065 et
2344 1999 2758 2082 terrestribus,
2806 2001 2918 2065 secl
2958 2003 3059 2065 ius
3105 2000 3185 2064 de
3230 2001 3318 2065 ete
3356 2024 3401 2064 a
3428 2022 3565 2063 ma-

849 2134 868 2145 ·
908 2110 1109 2192 qistro
1157 2118 1216 2171 et
1258 2107 1859 2172 commendatoribus
1894 2118 2172 2192 petatur.

903 2236 995 2299 IV,
1032 2234 1137 2287 308
1149 2254 1198 2288 r.
1263 2237 1395 2289 Edd.
1431 2237 1638 2303 (Feder)
1675 2236 1810 2288 Hist.
1836 2236 1958 2303 dipl.
1984 2236 2275 2289 Unterricht
2310 2254 2361 2292 n.
2386 2236 2471 2286 20.
2527 2236 2698 2302 Lfinig
2720 2236 2833 2299 vn,
2876 2236 2958 2288 18.
3020 2236 3095 2288 Of.
3128 2235 3307 2288 Ohmel
3340 2235 3569 2302 Regem-t

691 2322 906 2392 Ruperti
941 2343 991 2377 n.
1022 2325 1172 2377 1532.

695 2546 872 2621 288.
914 2549 1092 2615 1404
1129 2549 1304 2633 febr.
1338 2549 1428 2614 25
1473 2548 1848 2632 Heidelberq
1897 2546 2023 2632 (off
2062 2548 2181 2612 den
2221 2548 2505 2613 nehesten
2534 2560 2789 2633 montaq
2833 2548 2999 2612 nack
3030 2550 3171 2613 clem
3200 2560 3427 2634 sontaq
3469 2548 3566 2613 ale

915 2680 1066 2721 man
1111 2660 1313 2742 sinyet
1353 2658 1424 2719 in
1466 2657 1578 2719 cler
1607 2656 1874 2741 heiliqen
1907 2654 2160 2719 kirchen
2193 2654 2615 2719 Reminiscere
2657 2658 2727 2719 in
2760 2656 2871 2720 cler
2900 2668 3113 2721 vasten
3144 2656 3229 2721 R.
3254 2655 3354 2737 4).
3426 2656 3563 2721 Ru·-

912 2776 1148 2849 pertus,
1199 2762 1636 2827 Romanorum
1680 2784 1812 2843 rex,
1858 2774 2101 2847 petente
2146 2760 2437 2826 Conrado
2485 2764 2562 2827 de
2595 2762 2989 2848 quoffstein,
3037 2765 3343 2848 maqistro
3382 2750 3565 2828 ⁶ordi-

914 2873 1016 2935 nis
1063 2893 1112 2934 ε.
1139 2870 1394 2935 Mariae
1435 2870 1765 2955 hospitalis
1795 2867 2365 2953 Hierosolymitani
2402 2870 2623 2935 domus
2657 2868 3073 2937 Theutonicae
3110 2892 3233 2956 per
3262 2870 3565 2935 Aleman-

917 2980 1095 3042 niam
1141 2990 1196 3042 et
1241 2977 1522 3056 Italiam,
1574 2975 1900 3059 confimat
1940 2976 2348 3061 privileqium

1121 3084 1294 3149 1221
1344 3082 1535 3169 april.
1578 3080 1858 3148 Tarenti.
1930 3081 2254 3147 Foideriei
2280 3081 2367 3147 II
2400 3084 2553 3167 imp.
2603 3080 2835 3169 (supra
2877 3106 2941 3147 n.
2972 3082 3164 3162 257).

3344 3152 3353 3182 l

905 3223 996 3285 IV,
1033 3221 1154 3274 310.
1209 3222 1525 3273 Germanice.
1549 3254 1621 3265 -
1647 3220 1722 3272 Of.
1751 3220 1924 3273 Chmel
1960 3238 2011 3274 n.
2041 3220 2193 3272 1682.
2247 3220 2422 3272 Edidit
2456 3220 2715 3273 Schannat
2751 3222 3044 3289 Sammlung
3078 3222 3206 3273 alter
3243 3222 3567 3276 historiseher

694 3313 963 3365 Schrifften
1000 3312 1041 3373 1,
1069 3310 1138 3362 70
1174 3329 1223 3361 n.
1249 3310 1337 3361 21.

698 3534 874 3606 289.
916 3535 1096 3602 1410
1129 3535 1470 3620 februario
1516 3537 1767 3599 ineunte
1811 3536 2086 3619 Praqae.
2153 3535 2496 3600 Wenceslai
2540 3536 2975 3600 Romanorum
3018 3538 3187 3620 reqis
3232 3536 3567 3602 arbitrium

917 3646 1082 3707 inter
1127 3642 1406 3706 Polonos
1455 3642 1860 3727 ordinemque
1905 3640 2371 3706 Theutonioum.

913 3780 1318 3849 Wenceslaus
1363 3781 1789 3847 Romanorum
1836 3785 1900 3848 et
1941 3782 2243 3849 Bohemie
2285 3802 2399 3848 rex
2447 3786 2562 3849 etc.
2636 3781 2873 3848 Notum
2917 3782 3184 3849 facimus
3230 3787 3375 3867 eto„
3422 3785 3569 3869 quis

695 3888 1134 3955 serenissimus
1191 3887 1486 3974 princeps
1539 3887 1829 3955 dominus
1864 3888 2247 3955 Wladislaus
2294 3910 2405 3955 rex
2453 3889 2711 3955 Polonie
2758 3894 2909 3972 etc.‚
2964 3889 3160 3955 frater
3204 3894 3423 3957 noster
3466 3912 3566 3959 ca-

693 3996 1005 4079 rissimuS,
1053 4014 1168 4080 pro
1215 4014 1283 4060 se
1327 3998 1392 4059 et
1436 3998 1567 4059 toto
1613 4014 1807 4078 regno
1855 4015 2002 4079 suo,
2060 3990 2448 4063 adiutoribus
2494 4002 2557 4063 et
2614 3995 3057 4063 adherentibus
3116 3997 3248 4063 suis
3294 3996 3375 4065 ab
3423 4018 3565 4081 una,

697 4109 761 4168 et
816 4102 1192 4168 venerabilis
1237 4100 1487 4167 Ulricus
1544 4102 1621 4167 de
1665 4101 2044 4186 Iungingen,
2103 4104 2406 4186 magister
2462 4102 2771 4187 generalis
2827 4104 3065 4170 ordinis
3118 4096 3567 4171 cruciferorum

695 4208 774 4275 de
820 4208 1004 4274 domo
1039 4208 1442 4288 Theutonica„
1490 4209 1751 4275 devotus
1795 4215 2010 4275 noster
2050 4209 2333 4293 dilectae,
2380 4230 2495 4295 pro
2542 4230 2609 4275 se
2656 4216 2719 4277 et
2762 4216 2895 4277 toto
2942 4232 3055 4277 suo
3101 4210 3343 4295 ordine,
3390 4212 3565 4278 adiu-

693 4315 936 4382 toribus
985 4321 1048 4381 et
1091 4314 1534 4381 adherentibus
1580 4317 1710 4381 suis
1755 4322 1938 4401 parte
1986 4316 2064 4383 ab
2112 4316 2331 4400 altera,
2383 4317 2470 4400 in,
2518 4317 2595 4383 de
2642 4321 2705 4382 et
2749 4338 2939 4403 super
2983 4318 3275 4384 omnibus
3322 4324 3387 4385 et
3440 4319 3563 4385 sin-

695 4422 858 4507 gulis
903 4420 1141 4507 litibus,
1189 4422 1452 4506 guerriS,
1499 4422 1678 4506 rixis,
1726 4423 2243 4507 dissensionibuS,
2276 4422 2621 4507 disturbiiS,
2651 4424 3020 4491 rancoribus
3052 4430 3117 4491 et
3146 4425 3563 4512 displicenciis

693 4532 861 4595 inter
905 4530 1078 4614 ipsos
1123 4530 1443 4615 utrimque
1495 4529 1768 4596 subortis
1815 4530 1896 4597 ad
1939 4551 2057 4596 nos
2114 4536 2435 4614 tamquam
2492 4532 2775 4618 ipsorum
2822 4552 3042 4598 verum
3096 4536 3163 4598 et
3215 4530 3563 4615 legitimum

695 4636 1000 4703 arbitrum
1053 4636 1127 4702 de
1176 4636 1302 4703 alto
1351 4640 1414 4701 et
1443 4635 1628 4703 basso
1659 4638 2096 4724 potencialiter
2126 4638 2531 4723 devenerunt,
2580 4640 2672 4706 sic
2700 4638 3011 4723 videlicet,
3060 4638 3227 4724 quod
3264 4639 3393 4726 ipsi
3424 4660 3565 4726 pro-

696 4743 1171 4810 nunciacionem
1217 4748 1280 4809 et
1335 4742 1816 4811 arbitracionem
1864 4749 2143 4812 nostram
2192 4744 2469 4829 regalem
2515 4746 2682 4813 inter
2724 4748 2897 4834 ipsos
2952 4748 3270 4832 utrimque
3314 4732 3563 4814 racione

693 4851 1146 4936 premissorum
1194 4849 1550 4917 faciendam
1597 4851 1675 4918 ab
1719 4857 1987 4940 utraque
2032 4858 2214 4940 parte
2259 4857 2475 4921 tenere
2520 4850 2622 4919 ac¹
2666 4856 2963 4939 prosequi
2991 4854 3215 4921 volunt
3246 4859 3311 4923 et
3338 4854 3565 4923 debent

697 4962 763 5023 et
807 4956 1070 5025 eandem
1116 4957 1395 5044 firmam,
1453 4958 1766 5043 integram
1814 4967 1878 5027 et
1927 4959 2359 5028 inviolabilem
2404 4961 2769 5046 observare,
2829 4966 3019 5050 prout
3072 4962 3155 5029 ad
3208 4958 3457 5049 ipsam'
3498 4962 3563 5028 in
