3892 5609
1374 309 1763 379 vamneu
1809 317 2199 367 osmanni
3056 304 3151 376 26
3164 305 3207 375 5

354 498 667 547 exercere.
735 476 1032 545 Preterea
1073 475 1396 545 libertates
1443 483 1506 544 et
1559 475 1989 546 immunitates
2037 480 2235 565 eidem
2284 478 2581 567 hospitali
2625 482 2847 564 vestro·
2886 496 3211 544 concessas

350 606 598 652 necnon
653 584 1064 652 racionabiles
1135 585 1613 652 consuetudines
1670 590 1924 652 actenus
1983 587 2344 665 observatas
2398 592 2570 653 ratas
2626 585 2929 652 habemus
2986 586 3049 653 et
3104 606 3209 652 eas

349 693 581 761 futuris
629 689 1012 779 temporibus
1067 692 1345 759 illibatas
1393 712 1642 759 manere
1689 678 2022 763 sancimus,
2105 694 2499 763 Auctoritate
2552 695 2812 781 insuper
2870 692 3212 781 apostolica

353 801 534 869 vobis
580 801 1005 885 concedimus,
1061 803 1133 866 ut
1177 799 1446 884 eligendi
1489 801 1894 886 magistrum,
1956 802 2062 888 qui
2118 802 2295 869 vobis
2343 808 2406 869 et
2458 801 2673 868 domui
2727 806 2933 868 vestre
2990 801 3209 887 presit,

351 908 640 976 habeatis
693 908 947 994 plenam
1005 912 1408 993 potestatem,
1468 912 1532 975 et
1574 908 1842 975 obeunte
1883 909 2026 994 illo,
2085 912 2194 995 qui
2250 930 2363 997 pro
2410 914 2693 995 tempore
2736 908 2912 974 vobis
2969 913 3033 975 et
3084 908 3211 994 ipsi

353 1014 571 1083 domui
599 1020 806 1081 vestre
836 1000 1093 1103 preerit‚
1135 1012 1346 1081 nullus
1376 1015 1464 1087 ibi
1495 1015 1774 1100 qualibet
1805 1017 2227 1105 subreptionis
2241 1014 2283 1047 ¹⁰
2316 1017 2558 1084 astucia
2586 1036 2697 1083 seu
2726 1015 3033 1083 violencia
3068 1035 3211 1103 pre-

352 1126 648 1209 ponatur,
696 1124 819 1189 nisi
867 1143 1049 1209 quem
1094 1122 1324 1189 fratres
1370 1122 1648 1189 eiusdem
1692 1121 1814 1191 loci
1853 1125 1956 1192 vel
1999 1124 2266 1191 fratrum
2311 1124 2513 1213 maior
2558 1129 2622 1190 et
2666 1123 2876 1189 sanior
2917 1143 3067 1211 pars
3112 1140 3209 1189 se-

356 1229 631 1297 cundum
664 1230 848 1297 deum
895 1224 1284 1317 providerit¹¹
1329 1229 1700 1313 eligendum.
1735 1215 1740 1221 ¹
1770 1231 2183 1299 Decernimus
2214 1251 2383 1315 erge,
2427 1236 2498 1297 ut
2526 1230 2683 1296 nulli
2712 1231 2965 1297 omnino
3010 1229 3211 1297 homi-

353 1356 506 1403 num
553 1337 740 1403 liceat
782 1337 1095 1424 prefatum
1126 1335 1436 1422 hospitale
1467 1340 1702 1421 temere
1748 1339 2117 1425 perturbare
2162 1344 2273 1405 aut
2316 1340 2449 1405 eius
2496 1340 2919 1424 possessiones
2964 1338 3211 1404 auferre

352 1444 457 1511 vel
503 1444 744 1511 ablatas
789 1446 1080 1528 retinere,
1128 1444 1408 1511 minuere
1455 1464 1566 1511 seu
1612 1445 1994 1531 quibuslibet
2037 1445 2471 1513 vexationibus
2514 1446 2802 1530 fatigare,
2860 1450 2958 1513 set
3000 1444 3213 1513 omnia

353 1554 604 1636 integra
647 1556 1095 1618 conserventur
1140 1570 1384 1637 eorum,
1443 1573 1560 1639 pro
1608 1574 1872 1638 quorum
1929 1549 2389 1637 gubernacione
2440 1572 2515 1619 ac
2560 1552 3019 1621 sustentacicne
3064 1571 3211 1619 con·
3258 1590 3269 1607 κ

354 1678 536 1725 cessa
580 1662 758 1742 sunt,
814 1658 1030 1724 usibus
1077 1658 1450 1725 omnimodis
1495 1661 1854 1747 profutura,
1913 1660 2091 1727 salva
2135 1659 2301 1729 sedis
2348 1660 2688 1746 apostolice
2734 1662 3103 1727 auctoritate
3148 1664 3212 1726 et

353 1766 675 1833 diocesani
719 1766 998 1853 episcopi
1045 1766 1344 1832 canonica
1387 1768 1654 1833 iusticia.
1726 1767 1796 1835 Si
1827 1788 1953 1853 qua
1979 1768 2173 1853 igitur
2207 1768 2275 1833 in
2319 1767 2600 1834 futurum
2648 1765 3069 1835 ecclesiastica
3112 1786 3212 1834 se-

353 1874 664 1941 cularisve
709 1892 981 1960 persona
1024 1872 1184 1939 hanc
1211 1879 1441 1941 ,nostre
1486 1874 1949 1942 constitutionis
1995 1874 2290 1961 paginam
2322 1875 2526 1967 sciens
2558 1880 2776 1942 contra
2806 1894 2943 1941 eam
2972 1880 3211 1944 temere

329 1983 571 2049 venire
613 1980 1102 2068 presumpserit,
1150 1982 1420 2048 secundo
1466 1982 1737 2049 terciove
1783 1982 2191 2066 commonita,
2248 1982 2371 2048 nisi
2416 1986 2659 2049 reatum
2706 2002 2888 2049 suum
2936 2000 3213 2067 congrua

351 2089 784 2156 satisfactione
829 2086 1203 2173 correxerit,
1257 2088 1586 2175 potestatis
1631 2088 2011 2175 honorisque
2056 2090 2154 2156 sui
2198 2094 2411 2156 careat
2454 2090 2757 2174 dignitate
2798 2110 3097 2175 reamque
3142 2110 3211 2159 se

352 2196 568 2263 divino
625 2195 855 2263 iudicio
914 2196 1183 2263 existere
1240 2196 1316 2261 de
1370 2200 1732 2283 perpetrata
1786 2197 2121 2281 iniquitate
2172 2202 2534 2281 cog-noscat,
2596 2203 2660 2263 et
2704 2217 2743 2263 a
2786 2196 3208 2263 sacratissimo
3244 2180 3254 2189 ⁰

353 2323 616 2397 corpore
662 2308 726 2370 et
769 2302 1072 2386 sanguine
1117 2304 1218 2370 dei
1265 2308 1328 2368 et
1371 2302 1608 2370 domini
1655 2304 2071 2392 redemptoris
2102 2306 2303 2371 nostri
2332 2304 2517 2371 ihesu
2547 2303 2782 2371 Christi
2828 2303 3035 2371 aliena
3077 2302 3209 2389 fiat,

353 2416 545 2499 atque
589 2412 658 2479 in
705 2411 984 2479 enti-emo
1028 2411 1314 2478 examine
1346 2410 1555 2476 divine
1589 2409 1821 2477 ulcioni
1859 2404 2197 2479 subiaceat.
2269 2411 2525 2479 Cunctis
2572 2417 2781 2479 autem
2826 2412 3029 2478 eidem
3074 2410 3209 2477 loco

355 2540 473 2586 sua
516 2522 658 2587 iura
703 2520 1098 2587 servantibus
1141 2517 1255 2584 fiat
1297 2539 1423 2605 pax
1461 2519 1697 2584 domini
1743 2519 1943 2585 nostri
1976 2518 2155 2586 Ihesu
2187 2519 2439 2603 Christi,
2488 2520 2781 2606 quatinus
2826 2525 2890 2587 et
2933 2520 3034 2587 hic
3078 2518 3211 2584 fru-

353 2634 528 2695 ctum
584 2629 744 2709 bone
797 2627 1068 2694 accionis
1125 2626 1478 2712 percipiant
1545 2632 1610 2693 et
1666 2627 1831 2714 apud
1889 2626 2244 2694 districtum
2303 2626 2575 2695 iudicem
2631 2627 2943 2713 premium
2999 2632 3211 2693 eterne

349 2736 530 2822 'pacis
574 2730 969 2803 inveniant²¹.
1038 2733 1263 2799 Amen.
1312 2728 1588 2799 Amen¹⁸.
1637 2734 1858 2801 Amen.

578 2843 814 2909 Datum
859 2840 1158 2908 Laterani
1201 2860 1315 2925 per
1360 2860 1584 2907 manus
1619 2840 1830 2907 Cencii
1875 2847 2091 2909 sancte
2118 2839 2313 2909 Lucie
2357 2842 2425 2907 in
2456 2840 2697 2909 Orchea
2741 2840 3029 2908 diachoni
3072 2859 3211 2907 car-

354 2950 584 3017 dinalis
631 2950 866 3017 domini
913 2969 1074 3036 pape
1118 2947 1448 3013 camerarii
1494 2947 1584 3013 xii
1613 2948 1739 3014 kal.
1773 2948 2043 3015 ianuarii
2084 2949 2427 3015 indictione
2456 2958 2565 3014 xv·
2599 2948 3055 3016 incarnacionis
3100 2947 3211 3015 do-

355 3059 584 3124 minice
641 3078 804 3123 anno
855 3067 946 3123 m⁰
977 3066 1035 3123 c⁰
1066 3065 1168 3121 xc⁰
1199 3055 1286 3121 vi⁰
1344 3054 1742 3140 pontificatus
1795 3076 1944 3123 vero
2002 3056 2240 3122 domini
2286 3055 2582 3123 Celestini
2639 3076 2805 3143 pape
2851 3051 2990 3123 111¹⁴
3045 3074 3209 3123 anno

353 3170 552 3234 sexto.
2506 3186 2512 3194 ·

568 3316 610 3377 Ι,
636 3315 722 3367 59.
775 3314 871 3365 Ed.
895 3314 947 3365 in
971 3314 1307 3381 Scriptoribus
1344 3328 1508 3364 rerum
1531 3312 1890 3365 Prussicarum.
1936 3313 2139 3379 Lipsiae
2167 3312 2321 3367 1861.
2368 3314 2409 3378 1,
2438 3314 2559 3367 225.
2705 3317 2751 3367 1.
2788 3314 3127 3366 elemanorum
3148 3312 3211 3368 Β.

354 3405 407 3457 2.
446 3403 779 3456 subtituendis
813 3402 876 3455 Β.
1030 3404 1080 3455 3.
1117 3403 1256 3455 iuxta
1289 3402 1350 3454 B.
1503 3403 1554 3455 4.
1591 3403 1711 3454 estis
1748 3402 2019 3469 mancipati
2054 3402 2173 3454 estis
2210 3403 2271 3455 B.
2424 3404 2475 3455 5.
2511 3404 2609 3455 hoc
2642 3403 2703 3455 B.
2852 3403 2903 3456 6.
2940 3403 3130 3483 domos·
3148 3402 3211 3457 Β.

353 3494 406 3547 ’7.
443 3492 504 3545 Β.
683 3493 733 3545 8.
771 3500 1044 3545 correctum
1080 3494 1131 3544 in
1167 3494 1211 3543 B
1247 3510 1342 3559 pro
1378 3493 1574 3545 existat.
1751 3492 1802 3543 9.
1839 3490 2006 3542 nullus
2042 3490 2102 3542 B.
2272 3492 2353 3543 10.
2390 3492 2710 3545 subiectionis
2744 3492 2805 3545 B.
2978 3493 3059 3545 11.
3096 3492 3209 3560 iivi-

241 3608 253 3615 ·
354 3583 488 3635 aeria
511 3582 571 3635 Β.
683 3581 763 3633 12.
799 3582 1019 3633 inveniat
1040 3581 1102 3634 Β.
1216 3582 1551 3634 13.'1*ironice
1575 3580 1634 3633 B.
1746 3581 1826 3632 14.
1862 3565 1968 3631 1110'
1986 3580 2047 3633 Β.
2100 3581 2261 3633 Deest
2296 3598 2379 3647 ap.
2402 3581 2553 3633 πιανέ.
2682 3582 3007 3649 namneum
3041 3580 3213 3641 fleam

351 3666 594 3739 tanquam
631 3670 898 3723 Coelestini
920 3670 995 3722 111
1029 3670 1341 3737 privilegium
1379 3671 1445 3722 de
1474 3671 1603 3722 1191
1642 3670 1770 3721 febr.
1800 3670 1880 3731 12,
1917 3670 2053 3737 quod
2086 3672 2187 3722 iam
2220 3672 2361 3722 novit
2393 3672 2555 3723 Lucas
2592 3671 2758 3722 David
2792 3672 2858 3733 11,
2894 3672 3016 3735 203,
3053 3670 3213 3722 edidit

351 3762 460 3815 Leo
504 3762 558 3813 in
591 3760 815 3811 Historia
845 3760 1098 3811 Prussiae.
1153 3761 1516 3812 Amstelodami
1554 3760 1614 3811 17
1619 3760 1704 3811 26.
1750 3760 1836 3811 sol.
1883 3777 1934 3826 p.
1960 3760 2057 3823 62,
2104 3761 2239 3812 unde
2273 3760 2422 3813 valde
2469 3760 2534 3811 de
2578 3758 2681 3812 fide
2728 3760 2962 3813 dubitans
3009 3760 3213 3829 repetiit

352 3851 420 3903 de
444 3850 564 3901 wal
597 3848 820 3901 Histoire
866 3848 932 3899 de
975 3848 1160 3900 l'ordre
1195 3849 1524 3915 Teutonique.
1577 3848 1721 3901 Paris
1759 3857 1811 3901 et
1844 3848 2053 3901 Rhein'is
2096 3848 2245 3901 1784.
2291 3849 2341 3901 8.
2388 3850 2430 3912 I,
2466 3851 2553 3901 44.
2616 3850 2750 3901 Hinc
2794 3868 2885 3901 nos
2933 3866 3025 3916 pro
3070 3865 3207 3900 com-

347 3940 614 4007 paratione
660 3954 770 3989 cum
813 3938 1031 4004 genuino
1081 3940 1369 4005 repetimus.
1424 3938 1718 3991 Versionem
1757 3940 2105 3990 Germanicam
2148 3940 2409 3991 exhibent:
2455 3939 2495 3991 Ῑ.
2534 3938 2588 3991 C.
2614 3938 2838 3990 Venator
2872 3937 3211 3990 Historischer

349 4026 561 4079 Bericht
595 4044 708 4079 vom
742 4026 1046 4079 Marianisch
1077 4027 1361 4079 Teutschen
1395 4028 1718 4079 Ritterorden
1754 4028 1872 4079 desz
1909 4028 2169 4094 Hospitals
2206 4045 2357 4079 unser
2390 4027 2559 4079 lieben
2595 4026 2793 4079 Rauen
2830 4045 2891 4078 zu
2914 4026 3211 4079 Jerusalem.

347 4117 628 4183 Nnmberg
667 4115 818 4167 1680.
865 4116 917 4167 4.
961 4134 1012 4182 p.
1039 4116 1090 4167 8.
1153 4117 1321 4183 Lunig
1355 4117 1630 4169 Teutsches
1667 4117 2041 4180 Reichsarchiv,
2088 4117 2411 4185 spicilegium
2446 4116 2835 4169 ecclesiasticum
2870 4134 2987 4183 pars
3018 4116 3042 4167 1
3078 4124 3210 4167 cont.

349 4206 473 4273 (vol.
497 4205 641 4271 XVI)
679 4223 729 4272 p.
757 4204 824 4256 78
861 4206 1031 4267 Lxx,
1080 4214 1133 4257 et
1167 4206 1345 4257 Notice
1380 4206 1654 4273 historique
1701 4225 1785 4259 sur
1828 4205 2112 4258 l’ancienne
2160 4207 2354 4273 grande
2397 4205 2763 4259 commanderie
2810 4206 2900 4257 des
2937 4204 3211 4257 chevaliers

351 4296 418 4347 de
453 4293 638 4346 l’ordre
663 4293 973 4361 Teutonique
1011 4296 1115 4346 dite
1154 4296 1242 4347 des
1269 4294 1614 4347 Vieux-Joncs
1651 4294 1777 4346 dans
1814 4295 1864 4345 la.
1899 4295 2139 4361 province
2176 4294 2388 4346 actuelle
2426 4294 2490 4345 de
2518 4294 2806 4361 Limbourg.
2864 4294 3029 4345 Gand.
3058 4293 3211 4345 1849.

349 4384 402 4435 8.
457 4401 508 4451 p.
533 4382 618 4433 41.
649 4412 708 4421 -—
738 4384 1015 4450 Episcopus
1055 4382 1366 4435 coelestinus
1403 4401 1573 4436 servus
1611 4401 1865 4435 servorum
1907 4384 1992 4435 dei
2028 4382 2208 4435 dilecto
2245 4382 2346 4435 filio
2384 4393 2552 4436 nostro
2577 4382 2796 4435 Henrico
2817 4382 3061 4450 anpach,
3095 4400 3207 4435 >ma-

348 4474 510 4540 gistro
547 4471 808 4538 hospitalis
845 4480 1049 4523 sanctae
1085 4472 1278 4523 Mariae
1315 4473 1366 4523 in
1402 4471 1674 4523 Ierusalem
1723 4482 1774 4524 et
1823 4472 2063 4524 consociis
2112 4472 2217 4523 eius
2261 4472 2315 4523 iu
2352 4470 2597 4523 charitate
2632 4472 2716 4525 dei
2760 4482 2812 4524 et
2852 4473 3076 4524 fraterna
3108 4472 3211 4523 fide

347 4561 698 4627 congregatis,
743 4562 1090 4629 praesentibus
1126 4570 1180 4613 et
1213 4562 1392 4613 futuris
1429 4562 1752 4629 apostolicam
1786 4562 2187 4614 benedictionem
2222 4572 2275 4613 et
2307 4560 2551 4613 unitatem
2586 4570 2790 4615 sanctae
2826 4562 3087 4613 Romanae
3122 4577 3209 4612 ec-

349 4651 566 4713 clasiae,
613 4650 752 4701 cuius
800 4668 892 4701 nos
937 4650 1131 4717 indigni
1178 4660 1331 4717 caput
1377 4664 1572 4713 sunaus,
1619 4650 1736 4702 filiis
1771 4650 1955 4703 nostris
2000 4651 2053 4701 in
2088 4651 2289 4702 domino
2324 4650 2652 4714 charissimis,
2701 4652 2786 4717 qui
2820 4668 2953 4703 nunc
2988 4651 3039 4702 in
3076 4658 3213 4703 terra

347 4749 528 4791 sancta
576 4748 750 4791 contra.
797 4739 1018 4791 inimicos
1065 4740 1224 4791 crucis
1263 4740 1446 4791 Christi
1491 4748 1734 4806 pugnant.
1799 4740 1921 4791 cnm
1970 4740 2357 4791 intellexerimus
2371 4777 2387 4801 ,
2435 4739 2647 4806 qualiter
2683 4739 2992 4807 spiritualem
3027 4748 3213 4791 statum

347 4830 489 4881 iuxta
525 4838 752 4879 sanctum
788 4828 1104 4895 evangelium
1139 4829 1442 4895 inceperitis,
1479 4846 1676 4896 nempe,
1715 4838 1770 4879 ut
1794 4846 1963 4881 curam
1986 4846 2249 4896 aegrorum
2284 4828 2514 4880 habeatis
2551 4836 2603 4879 et
2638 4838 2863 4895 tempore
2896 4829 3212 4881 necessitatis

347 4926 527 4969 contra
562 4926 740 4983 gentes
776 4918 1029 4984 pugnetis,
1067 4918 1118 4968 in
1155 4935 1251 4983 quo
1289 4919 1440 4969 etiam
1474 4917 1717 4970 hactenus
1743 4926 2028 4970 constantes
2065 4918 2437 4984 permansistis;
2474 4918 2541 4970 ad
2574 4918 2840 4970 multorum
2876 4936 3051 4986 preces
3087 4936 3209 4971 con-

349 5006 657 5059 firmavimus
691 5022 804 5057 eum
815 5044 833 5071 ‚
881 5024 967 5058 vos
1003 5005 1306 5059 collocantes
1353 5006 1446 5059 sub
1493 5006 1670 5074 regula
1717 5016 1770 5059 et
1812 5007 2030 5059 omnium
2066 5016 2363 5061 statutorum
2398 5008 2561 5061 sancti
2594 5008 2890 5076 Augustini,
2934 5024 3065 5075 quae
3100 5024 3211 5061 cum
