3892 5609
1315 310 1618 359 pausem.
1691 310 1878 369 nova
1921 310 2236 359 mancam
3060 299 3159 370 20
3174 300 3209 369 1

345 466 531 538 210.
571 469 755 537 1337
797 491 941 534 nov.
973 472 1062 538 15
1105 470 1385 535 Monaci.
1455 470 1837 535 Ludowicus
1881 472 2229 559 imperator
2278 468 2657 535 Theoderico
2704 472 2781 535 de
2822 469 3214 557 Aldenburq,

572 578 816 642 ordimini
868 576 1238 643 Theutonici
1283 578 1571 663 qeneralz·
1621 581 1924 663 mayistro
1936 625 1957 658 ‚
2020 591 2077 645 et
2126 581 2261 664 ipsi
2312 579 2528 642 ordini
2568 576 2939 642 Ialtuaniam
2984 592 3221 645 terram
3300 571 3305 577 ’

575 684 788 749 donat.

571 804 944 873 Ludowicus
1003 810 1263 893 quartus
1317 807 1421 874 dei
1477 808 1690 891 gracia
1732 808 2161 874 Romanorum
2204 809 2554 894 imperator
2611 828 2859 894 semper
2916 813 3219 893 augustus

341 912 662 979 universis
707 912 943 980 Christi
988 912 1275 981 fidelibus
1333 916 1730 999 presentibus
1785 920 1848 981 et
1900 917 2173 1001 posteris
2219 916 2499 997 graciam
2545 934 2725 980 suam
2772 920 2837 980 et
2880 934 3065 981 omne
3109 916 3219 981 bo-

343 1040 523 1085 num.
593 1019 1004 1087 Multifariam
1036 1020 1378 1106 multisque
1423 1020 1626 1095 modis
1655 1020 1850 1086 variis
1893 1022 2273 1087 christianus
2317 1022 2609 1107 populuS,
2658 1042 2844 1105 quem
2876 1022 3221 1088 orthodoxe

341 1124 500 1192 fidei
543 1125 766 1209 wlgor¹
811 1127 1157 1212 illuminat,
1216 1128 1606 1193 diversarum
1649 1128 1957 1193 virtutum
2002 1128 2223 1193 iubare
2268 1128 2581 1193 irradians
2636 1132 2699 1193 et
2754 1127 3073 1213 preclarus
3120 1149 3220 1194 sa-

341 1252 530 1297 crum
578 1253 652 1298 ao
685 1234 838 1299 felix
867 1234 1218 1300 Romanum
1264 1235 1598 1319 imperium
1648 1235 1888 1299 cunctis
1933 1234 2155 1299 mundi
2199 1236 2534 1320 presertim
2578 1234 3035 1320 principatibus
3084 1236 3221 1319 qui-

344 1337 627 1421 buslibet
670 1339 954 1406 barbaris
997 1340 1351 1427 prepollere
1395 1339 1754 1406 nationibus
1799 1340 1951 1405 fecit
1994 1341 2061 1404 in
2113 1341 2446 1426 preterito,
2504 1360 2721 1405 verum
2772 1340 2964 1406 etiam
3008 1342 3221 1427 dispo-

343 1449 543 1510 nente
589 1444 864 1512 omnium
917 1448 1170 1513 domino
1229 1447 1459 1514 efficiet
1511 1448 1580 1512 in
1621 1448 1852 1511 futuro.
1932 1445 2177 1532 Nempe
2230 1444 2479 1532 publice
2524 1447 2617 1512 rei
2661 1447 2853 1514 tuicio
2900 1446 2979 1513 de
3022 1448 3221 1534 stirpe

343 1552 606 1634 gemina
649 1552 966 1638 pullulans
1014 1556 1264 1639 vimque
1311 1572 1488 1620 suam
1537 1554 1766 1619 exinde
1809 1554 2099 1619 muniens
2146 1552 2331 1619 celibi
2376 1552 2671 1619 videlicet
2714 1553 2951 1619 milicia
2994 1554 3225 1620 solidat

351 1662 420 1723 et
447 1657 780 1724 confirmat
807 1662 1020 1744 sicque
1053 1661 1401 1726 eminencia
1431 1660 1753 1726 extollitur
1785 1666 1849 1726 et
1881 1679 2341 1745 perversorum,
2387 1660 2723 1745 presertim
2754 1663 2956 1727 crucis
2988 1660 3223 1728 Christi

349 1764 756 1831 inimicorum
810 1764 1186 1851 infidelium,
1243 1768 1498 1833 malicia
1543 1774 1727 1834 extra
1769 1767 1991 1833 mundi
2034 1766 2339 1832 terminos
2397 1766 2785 1851 profugatur.
2864 1768 3224 1854 Eapropter

351 1890 482 1935 non
527 1876 775 1937 tantum
819 1872 883 1937 in
931 1874 1164 1939 nostris
1210 1875 1473 1939 armatis
1509 1873 1816 1940 militibus
1847 1893 1957 1939 seu
1988 1872 2293 1939 bellorum
2327 1872 2609 1956 ducibuS,
2660 1878 2963 1958 quantum
3010 1875 3079 1939 in
3122 1895 3223 1941 re-

347 1977 718 2061 ligiosorum
769 1978 1018 2046 assidue
1063 1979 1178 2046 deo
1225 1980 1633 2046 militantium
1679 1980 1922 2046 devotis
1968 1978 2521 2045 intercessionibus
2576 1985 2644 2044 et
2698 1979 2838 2045 aliis
2895 1981 3019 2066 piis
3075 2001 3223 2067 ope-

349 2083 529 2150 ribus
585 2090 800 2151 nostre
856 2088 993 2172 spei
1050 2086 1387 2152 anchoram
1430 2082 1776 2170 fingentes²
1825 2086 2212 2152 coruscantis
2259 2085 2457 2167 glorie
2502 2092 2717 2152 nostre
2762 2087 2981 2152 solium
3030 2087 3225 2153 subli-

349 2191 520 2257 mius
577 2196 640 2257 et
685 2192 945 2258 solidius
997 2194 1066 2257 in
1112 2190 1404 2278 speculo³
1451 2193 1831 2259 sublevatur.
1912 2192 2293 2275 Religiosam
2352 2192 2565 2277 itaque
2612 2193 2805 2258 vitam
2854 2194 3224 2260 ducentibus

351 2297 758 2365 serenitatem
789 2304 1087 2365 nostram
1130 2301 1421 2366 convenit
1466 2300 1848 2386 prospicere,
1895 2300 2177 2384 ipsorum
2214 2297 2594 2364 utilitatibus
2627 2299 2971 2384 intendere,
3019 2305 3092 2366 ut
3132 2300 3225 2366 fe·
3278 2332 3283 2336 ·

349 2404 492 2471 licis
523 2410 726 2471 status
755 2406 1023 2490 recipiat
1051 2406 1508 2473 incrementum
1557 2412 1621 2473 et
1649 2426 1864 2473 eorum
1895 2405 2227 2471 facultates
2274 2405 2589 2489 augendas
2636 2407 2923 2489 graciosa
2964 2405 3225 2489 largicio

351 2512 662 2597 principis
708 2508 1074 2577 excitatur⁴.
1144 2513 1314 2579 Inter
1344 2521 1583 2580 ceteros
1622 2519 1832 2579 autem
1877 2512 1973 2577 illi
2019 2512 2317 2597 precipue
2362 2516 2644 2577 nostram
2688 2513 2988 2596 graciam,
3033 2513 3223 2579 bene-

349 2618 498 2684 ficia
527 2624 591 2683 et
622 2618 1124 2685 benevolenciam
1173 2625 1630 2705 promerentur,
1678 2620 1904 2704 quibus
1934 2617 2385 2704 hospitalitatis
2432 2618 2715 2703 piissime
2748 2625 2813 2685 et
2843 2619 3222 2685 defensionis

351 2722 698 2812 reipublice
741 2744 985 2791 necnon
1032 2726 1157 2791 alia
1203 2727 1456 2811 pietatis
1488 2748 1679 2813 opera
1710 2726 2153 2809 suffragantur,
2202 2725 2309 2811 qui
2341 2725 2598 2791 abiectis
2643 2725 2831 2790 rebus
2876 2727 3030 2809 suis,
3076 2746 3223 2812 pro·

352 2832 515 2918 priis
561 2828 988 2898 voluntatibus
1049 2833 1356 2900 abdicatis
1411 2839 1746 2919 spretoque
1803 2854 2059 2899 suorum
2107 2851 2439 2926 corporum
2488 2832 2770 2898 cruciatu
2816 2833 3222 2899 ascendentes

351 2938 729 3005 in·adverso
779 2958 892 3024 pro
922 2938 1204 3006 Romano
1252 2941 1518 3026 imperio
1567 2946 1630 3007 et
1659 2940 1846 3006 domo
1877 2934 2249 3007 Ierusalem⁵
2298 2959 2367 3005 se
2412 2946 2663 3004 murum
2708 2959 2835 3004 non
2880 2940 3225 3006 formidant

353 3066 671 3131 exponere
715 3050 782 3111 et
823 3048 892 3113 in
937 3048 1194 3132 proprio
1233 3047 1554 3130 sangwine
1599 3066 1716 3132 pro
1747 3045 1869 3111 fide
1909 3045 2218 3112 catholica
2262 3049 2327 3111 et
2366 3045 2649 3131 paternis
2693 3044 2936 3129 legibus
2982 3048 3226 3113 anima-

349 3174 497 3219 rum
542 3172 796 3219 suarum
844 3153 1041 3242 pallia
1083 3153 1444 3235 rubricare3
1489 3152 1680 3219 veluti
1726 3152 2117 3220 venerabiles
2163 3154 2230 3216 in
2275 3151 2527 3217 Christo
2572 3152 2769 3217 frater
2803 3152 3224 3219 Theodericus

353 3258 436 3326 de
479 3258 866 3343 Aldenburg,
913 3261 1215 3344 magister
1258 3260 1591 3344 generalis,
1645 3261 1940 3346 princeps
1987 3263 2201 3324 noster
2248 3263 2311 3323 et
2350 3256 2620 3323 Romani
2665 3258 2917 3343 imperii
2960 3260 3224 3325 karissi-

352 3386 519 3451 mus,
566 3367 880 3451 ceterique
923 3368 1153 3432 fratres
1200 3367 1439 3431 ordinis
1485 3367 1816 3452 hospitalis
1861 3366 2045 3433 beate
2074 3364 2273 3431 Marie
2320 3364 2541 3430 domus
2572 3364 3099 3431 Theutonicorum
3130 3366 3225 3432 Ie-

351 3473 808 3555 rosolimitani‚
867 3492 1132 3557 quorum
1180 3480 1398 3539 sancta
1449 3473 1670 3555 religio
1728 3473 1806 3539 ab
1853 3472 2289 3559 imperialibus
2336 3467 2743 3537 beneficium⁶
2790 3473 3062 3558 sumpsit
3105 3474 3226 3539 ini-

353 3580 518 3647 tium
577 3598 650 3646 ac
704 3579 1053 3665 imperialis
1111 3584 1284 3645 ortus
1341 3578 1634 3663 floridus,
1690 3580 2144 3666 imperatorum
2204 3577 2491 3664 plantula
2549 3582 2613 3643 et
2664 3578 2911 3644 factura
2965 3600 3003 3644 a
3052 3579 3225 3646 nullo

353 3688 648 3775 principe
675 3691 945 3769 tautum,
981 3691 1284 3770 quantum
1319 3686 1398 3753 ab
1427 3686 1916 3771 imperatoribus
1947 3686 2013 3751 in
2043 3686 2229 3752 rebus
2262 3684 2717 3770 temporalibus
2746 3685 3223 3752 incrementum.

357 3792 526 3861 Sane
559 3794 706 3878 quia
734 3793 1122 3860 venerabiles
1154 3794 1456 3876 magister
1487 3799 1552 3859 et
1581 3793 1808 3859 fratres
1855 3792 2151 3878 prelibati
2200 3800 2263 3859 et
2304 3798 2475 3858 totus
2519 3790 2801 3857 illibatus
2848 3792 2999 3857 ordo
3044 3796 3229 3875 grata

355 3906 425 3968 et
463 3901 780 3967 laboriosa
824 3900 904 3964 ad
949 3900 1148 3965 divini
1193 3901 1466 3965 nominis
1511 3900 1758 3965 laudem
1809 3905 1872 3965 et
1903 3900 2171 3983 gloriam
2202 3904 2267 3965 et
2296 3897 2670 3964 catholicam
2696 3896 2885 3964 fidem
2919 3897 3227 3983 amplian-

355 4009 502 4073 dam
553 4007 838 4090 servicia,
885 4008 952 4070 in
985 4006 1208 4091 quibus
1243 4006 1498 4089 agendis
1532 4006 1919 4073 incessanter
1966 4011 2029 4071 et
2074 4011 2371 4071 strennue
2418 4024 2484 4070 se
2530 4005 2885 4089 inmiscent‚
2933 4025 2999 4070 se
3044 4004 3228 4070 nobis

355 4114 540 4182 valde
585 4114 900 4197 graciosos
948 4119 1012 4178 et
1056 4110 1372 4207 placidos⁷
1407 4119 1866 4199 representem,
1913 4132 2041 4178 non
2087 4113 2379 4178 inmerito
2412 4111 2493 4176 ad
2522 4116 2653 4176 tam
2684 4112 2777 4198 pii
2806 4111 3051 4194 negocii
3082 4111 3228 4177 sub-

356 4222 590 4289 sidium
636 4221 897 4287 fervidis
945 4220 1272 4287 desideriis
1321 4218 1687 4285 anhelamus
1744 4222 1917 4305 ipsos
1973 4220 2054 4285 ad
2098 4216 2421 4284 benivolos
2468 4219 2835 4304 applausive
2880 4219 3229 4286 dulcedinis

357 4329 764 4395 admittentes
811 4327 1160 4413 amplexus,
1229 4328 1390 4393 Nam
1439 4328 1798 4392 novissimis
1846 4327 1987 4393 istis
2028 4324 2419 4410 temporibus
2465 4325 2729 4391 illustris
2776 4327 3069 4412 princeps
3114 4346 3229 4411 pa-

355 4434 578 4501 truelis
623 4440 837 4501 noster
883 4434 1169 4517 dilectus,
1219 4434 1570 4517 HeinricuS,
1619 4433 1746 4498 dux
1788 4431 2096 4514 Bawarie,
2146 4431 2429 4515 egregias
2476 4432 2862 4498 edificiorum
2906 4432 3228 4498 iuncturas
3318 4440 3339 4504 ξ

355 4544 425 4609 in
469 4542 814 4607 infidelium
846 4540 1278 4627 Lytwinorum
1325 4540 1683 4623 regionibus
1729 4540 2181 4626 primogenitas
2212 4537 2736 4605 indissolubiliter
2764 4540 3230 4625 imperpetuum

357 4650 442 4715 ad
486 4650 680 4715 totius
727 4648 1071 4715 orthodoxe
1115 4646 1264 4713 fidei
1319 4648 1675 4713 machinam
1721 4646 2250 4733 supportandam,
2311 4652 2623 4711 annuente
2682 4645 2988 4712 altissimo
3035 4646 3231 4711 veluti

356 4755 792 4823 columnarum
839 4756 1200 4841 prestancia
1243 4774 1709 4839 permansuras,
1758 4758 1977 4839 utpote
2018 4758 2294 4819 castrum
2342 4753 2612 4837 capitale
2659 4753 2858 4818 tocius
2903 4756 3070 4818 terre
3103 4750 3231 4838 Ly-

355 4863 590 4929 thowie
647 4862 912 4948 provide
968 4861 1322 4928 construxit
1365 4866 1742 4947 cooperante
1794 4862 1876 4927 ad
1920 4860 2039 4926 hoc
2083 4857 2537 4926 venerabilium
2582 4858 2895 4942 generalis
2941 4860 3232 4942 magistri
3296 4917 3302 4924 ,

357 4977 426 5037 et
469 4988 727 5035 suorum
772 4970 1042 5037 fratrum
1073 4968 1334 5034 consilio
1366 4974 1432 5034 et
1459 4966 1718 5051 auxilio,
1765 4968 1846 5034 ob
1881 4967 2163 5034 eiusdem
2208 4966 2515 5053 patruelis
2560 4966 2760 5033 nostri
2805 4966 3229 5033 interventum

797 5082 844 5099 Q
