3892 5609
1358 361 1752 411 anvmnem
1779 361 2186 411 *summu
3044 352 3195 423 269

338 536 440 585 que
475 527 557 570 est
587 518 640 570 in
677 534 874 571 camera
907 518 1164 573 literarum
1197 536 1356 587 penes
1391 520 1692 582 fenestr‘am3
1728 509 1950 573 attamen
1986 521 2041 573 in
2065 520 2195 575 datis
2233 530 2287 573 et
2319 519 2428 573 loco
2454 520 2587 573 datis
2614 520 2669 587 (¹.)
2709 530 2762 572 et
2796 519 2849 572 in
2884 520 3032 571 annis
3068 538 3197 587 pon·
3292 526 3299 537 '

337 606 490 661 tificis
539 608 855 671 discordant,
901 627 1054 676 quum
1098 609 1288 661 laniata
1335 610 1455 661 data
1501 619 1580 663 est
1615 609 1864 663 Arinione
1909 628 2045 663 anno
2088 610 2407 677 pontificatus
2450 609 2597 671 xviii,
2644 609 2740 661 hec
2785 618 2951 661 autem
2987 608 3203 663 Viterbii

339 712 476 747 anno
512 696 633 749 xii“.
673 726 734 736 —-
771 698 850 748 Ex
885 696 1084 751 Alberti
1118 698 1500 751 lerosolimitani
1535 700 1848 766 patriarchae
1885 700 2049 768 (1204
2064 700 2289 767 —1214)
2336 707 2641 751 transsumto
2684 716 2795 749 cum
2832 698 2970 750 bulla
3006 699 3113 749 eius
3148 700 3201 749 in

339 784 438 836 filis
477 785 679 837 sericeis
713 788 978 854 purpureis
1015 787 1353 854 appendente,
1392 805 1453 839 ex
1475 788 1604 839 facie
1628 790 1782 841 verba
1806 788 2165 841 ALBERTVS
2201 786 2829 840 IEROSOLnssTANVs
2864 786 3197 839 PATRIAR-

341 873 484 927 OHA
519 892 584 926 ex
617 875 778 927 altera
813 886 958 943 parte
992 877 1338 929 liberationem
1373 886 1572 943 patrum
1607 894 1669 929 ex
1704 878 1858 931 limbo
1893 884 2309 945 repraesentante
2346 876 2825 944 (HANAOTACIC‘)
2838 915 2854 940 ,
2901 894 2947 928 a.
2977 877 3111 929 1805
3150 878 3203 927 in

337 964 544 1037 archim
569 965 756 1017 ordinis
778 964 1258 1033 Mergenthemensi,
1281 984 1414 1019 nune
1429 966 1826 1029 Vindobonensss
1855 976 2113 1021 asservato
2139 968 2221 1020 ed.
2247 968 2311 1019 de
2330 964 2449 1019 wal
2469 966 2789 1019 Recherches
2814 984 2899 1017 sur
2920 964 3202 1017 l’ancienne

340 1054 666 1107 constitution
712 1054 778 1105 de
820 1053 1008 1107 l'ordre
1043 1056 1371 1123 Teutonique.
1423 1056 1472 1109 A
1505 1056 1876 1123 Mergentheim
1917 1056 2070 1108 1807.
2123 1056 2165 1119 1,
2202 1056 2306 1109 369
2318 1074 2335 1119 ς
2384 1056 2449 1107 cf.
2484 1055 2657 1107 Dudik
2690 1055 2797 1107 Des
2832 1055 2999 1107 hohen
3034 1054 3199 1105 Deut-

339 1142 500 1194 schen
521 1142 871 1196 Ritterordens
895 1144 1348 1211 Munnsammlung.
1393 1145 1543 1197 Wien
1573 1145 1723 1197 1858.
1771 1146 1822 1197 4.
1868 1163 1920 1212 p.
1939 1146 2013 1195 44
2048 1154 2152 1198 not.
2170 1146 2222 1197 4.
2246 1176 2308 1185 —
2334 1145 2531 1197 Eximia
2564 1144 2865 1209 liberalitate
2902 1143 3201 1197 celsissimus

337 1231 579 1298 princeps
607 1232 900 1295 Guilelmus,
935 1233 1172 1285 Austriae
1200 1234 1456 1296 archidux,
1493 1233 1681 1285 ordinis
1705 1234 2001 1287 Theutonici
2035 1234 2285 1301 generalis
2310 1233 2565 1301 magister,
2593 1234 2763 1295 nobis,
2798 1241 2856 1284 ut
2890 1250 2951 1285 eo
2986 1241 3202 1295 utamur,

337 1318 616 1372 transmitti
649 1320 808 1373 iussit.
861 1322 1087 1374 imitatur
1111 1332 1505 1390 transsumptum
1530 1322 1784 1388 originalis
1811 1323 2045 1385 formam3
2083 1340 2234 1390 super
2258 1322 2365 1374 dati
2397 1322 2582 1373 lineam
2617 1322 2804 1388 scripta
2827 1330 2905 1373 est
2928 1321 3028 1374 alis
3050 1338 3201 1373 manu

337 1408 503 1461 linem
547 1410 686 1476 „Ego
723 1410 960 1463 Albertus
997 1413 1232 1479 indignus
1269 1410 1704 1478 Ierosolimitan(e)
1741 1410 1953 1463 ecclesie
1990 1412 2273 1479 patriarcha
2308 1412 2425 1463 huic
2461 1409 2708 1478 exemplo,
2751 1411 2886 1477 quod
2922 1422 2983 1461 ex
3019 1419 3199 1462 auten-

339 1498 444 1549 tico
479 1499 718 1565 scriptum
754 1508 847 1563 est,
885 1501 936 1552 in
967 1518 1064 1568 quo
1099 1518 1194 1553 nec
1230 1501 1342 1569 plus
1377 1519 1473 1553 nec
1507 1501 1668 1553 minus
1705 1517 1854 1568 quam
1889 1502 1940 1553 in
1978 1502 2089 1568 ipso
2124 1501 2376 1553 autentico
2412 1500 2709 1561 continetur,
2746 1499 2813 1551 ad
2848 1501 3087 1552 maiorem
3109 1516 3201 1551 ve-

339 1586 506 1639 ritatis
541 1588 774 1639 noticiam
810 1588 996 1641 bullam
1031 1587 1194 1643 meam
1232 1590 1420 1659 apponi
1455 1590 1603 1642 feci“.
1643 1620 1705 1629 -
1743 1590 1802 1641 In
1839 1590 2085 1657 superiori
2128 1599 2274 1658 parte
2320 1599 2461 1643 carta
2506 1588 2814 1657 aliquantum
2848 1590 3055 1642 humore
3088 1606 3199 1641 ma-

341 1676 528 1727 culata.
581 1676 638 1727 In
665 1678 814 1730 dorso
838 1678 1038 1745 scripsit
1059 1688 1258 1731 vetusta
1281 1697 1483 1731 manus:
1527 1679 1944 1745 „Innocencius“;
1980 1697 2157 1731 manus
2192 1698 2234 1731 s.
2259 1696 2323 1730 xv
2348 1679 2575 1731 exeuntis
2604 1687 2880 1731 extractum
2916 1686 2968 1729 et
3000 1696 3051 1729 n.
3071 1678 3201 1741 XX3

341 1764 498 1817 etiam
520 1766 710 1832 posteri
735 1765 850 1818 alia.
865 1796 926 1805 -
949 1768 1008 1819 In
1033 1767 1380 1835 designatione
1403 1768 1716 1820 Livoniensis
1741 1768 1929 1821 archivi
1954 1768 2141 1821 ordinis
2160 1767 2470 1829 Theutonici,
2498 1768 2750 1834 quondam
2773 1784 2866 1834 per
2889 1767 3203 1819 Gothardum

343 1854 412 1905 de
447 1854 676 1906 Ketteler
711 1854 994 1920 Mitoviam,
1039 1856 1160 1908 inde
1201 1857 1330 1908 1621
1371 1857 1622 1909 Holmiam
1659 1856 1842 1921 delati,
1895 1856 2299 1924 „Forteckningh
2344 1855 2484 1923 uppss
2520 1856 2619 1908 dhe
2656 1856 2875 1908 skriflter
2912 1856 3007 1908 och
3042 1854 3198 1908 docu-

337 1952 538 1996 menter
571 1962 681 1996 som
717 1944 910 1997 bleffwe
943 1954 1099 2012 tagne
1134 1946 1243 1997 uthi
1278 1946 1450 1998 Mitow
1486 1942 1578 1997 aibr
1609 1946 1736 1998 1621
1749 1950 1772 1975 ‘⁴
1815 1947 1954 2014 apud
1990 1947 2045 1998 C.
2070 1946 2305 1997 Schirren
2330 1942 2672 1997 Verseiohnils
2706 1944 3063 1996 liviandisoher
3092 1945 3199 1996 Ge-

341 2032 826 2096 schichts-Quellen
862 2033 915 2085 in
939 2034 1155 2086 schwed.
1175 2036 1422 2087 Archiven
1449 2036 1553 2088 und
1578 2036 1946 2088 Bibliotheken.
1994 2035 2191 2101 Dorpat
2217 2033 2580 2096 1861-1868,
2616 2052 2667 2101 p.
2694 2030 2792 2086 12⁷
2818 2034 3024 2085 citatur:
3065 2031 3203 2085 1209

339 2122 404 2175 P.
428 2122 750 2175 Innocentius
772 2122 848 2173 111
881 2124 1062 2189 recipit
1095 2124 1148 2174 in
1184 2124 1546 2191 protectionem
1581 2125 1808 2177 ordinem
1831 2124 2193 2177 Theutonicum
2230 2131 2283 2174 et
2317 2123 2423 2175 eius
2460 2124 2607 2175 bona.
2638 2154 2698 2162 —
2727 2123 2851 2175 Sine
2885 2123 3004 2175 dato
3040 2122 3105 2175 A.
3132 2122 3203 2174 20

339 2228 396 2266 n.
421 2212 535 2264 cvl
567 2212 749 2264 Latine
784 2220 837 2263 et
871 2212 1170 2265 Germanice
1212 2230 1325 2265 cum
1359 2222 1504 2265 nota:
1557 2215 1645 2279 „In
1681 2214 2015 2266 ultramarinis
2056 2212 2335 2281 partibus“.
2552 2214 2596 2263 1.
2642 2210 2960 2263 instituendis
2996 2212 3203 2278 Hennig

341 2302 413 2354 ad
455 2302 604 2353 1215.
761 2302 812 2352 2.
847 2302 900 2353 in
936 2312 1232 2368 perpetuam
1267 2304 1556 2355 memoriam
1578 2303 1660 2355 W.
1814 2303 1864 2354 3.
1903 2301 2049 2353 deest
2082 2302 2150 2353 H.
2292 2302 2345 2353 4.
2382 2301 2793 2353 Allemannorum
2828 2301 3199 2353 Ierusalemita-

340 2409 466 2443 num
499 2390 567 2453 Η,
602 2390 1107 2443 Ierosolimitanorum
1131 2391 1214 2443 W.
1371 2392 1422 2444 5.
1461 2391 1786 2459 exprimenda
1822 2390 2075 2443 vocabulis
2111 2390 2179 2442 H.
2342 2390 2391 2442 6.
2427 2389 2581 2441 Besal
2614 2390 2683 2441 H.
2842 2386 2893 2442 7.
2932 2390 3097 2457 Cypro
3132 2390 3201 2441 H.

341 2478 397 2533 8.
433 2479 764 2532 Combedefor
798 2480 1001 2531 Transs.
1021 2479 1256 2543 Vindob„
1297 2480 1625 2533 Gambedefor
1659 2482 1728 2546 H,
1767 2479 2149 2533 Cambedeford’
2174 2480 2239 2531 A.
2399 2480 2451 2531 9.
2488 2478 2634 2531 deest
2667 2477 2736 2531 Η.
2910 2478 2991 2531 De
3027 2495 3200 2530 exem-

340 2568 476 2637 plari
508 2568 608 2622 alio
641 2568 706 2622 cf.
737 2568 872 2621 1215
907 2570 1034 2623 febr.
1063 2568 1145 2621 18.

347 2736 527 2809 299.
568 2742 747 2809 1210
792 2758 934 2828 any.
969 2742 1065 2807 27
1093 2743 1418 2809 Laterani.
1491 2743 1888 2809 Innocentius
1913 2742 2037 2807 III
2070 2751 2237 2808 vetat
2272 2739 2521 2826 fratres
2566 2740 2896 2827 hospitalis
2933 2738 3199 2807 Thente-

565 2852 854 2954 nicorum
897 2850 1274 2917 Axonam-ie
1320 2851 1468 2917 alba
1501 2851 1715 2937 pallia
1760 2850 2021 2935 deferre.

567 2972 966 3040 Innocentius
1009 2979 1125 3041 etc.
1163 2974 1464 3058 magistro
1511 2978 1575 3041 et
1615 2974 1917 3042 fratribus
1962 2971 2292 3059 hospitalis
2325 2971 2845 3039 Theutonicorum
2878 2970 3203 3038 Acconen-

343 3080 434 3148 sis
449 3078 466 3109 ¹
512 3084 628 3147 etc.
712 3079 906 3147 Suam
956 3080 1138 3147 nobis
1193 3080 1404 3149 dilecti
1449 3080 1564 3148 filii
1607 3081 1836 3147 fratres
1881 3079 2107 3147 militie
2153 3078 2401 3166 Templi
2460 3079 2915 3166 querimoniam
2962 3077 3203 3146 obtule-

341 3194 513 3272 runt,
562 3188 748 3274 quod,
795 3206 938 3255 cum
983 3188 1049 3253 in
1095 3188 1438 3274 primordio
1483 3188 1898 3255 institutionis
1933 3187 2170 3255 ordinis
2216 3188 2315 3254 sui
2360 3187 2451 3255 eis
2494 3187 2689 3254 fuerit
2734 3184 2811 3253 ab
2859 3186 3206 3272 apostolica

343 3296 496 3363 sede
539 3314 900 3362 concessum
913 3344 932 3377 ,
987 3300 1060 3361 ut
1109 3296 1178 3361 in
1231 3294 1554 3379 religionis
1609 3296 1856 3380 sig-num
1912 3295 2145 3363 milites
2203 3294 2427 3361 militie
2473 3293 2718 3381 Templi
2754 3284 2933 3361 xalbis
2990 3293 3201 3380 palliis

341 3406 671 3470 uterentur
701 3400 782 3468 ad
813 3400 1228 3468 differentiam
1263 3402 1560 3485 aliorum3
1608 3423 1740 3488 vos,
1785 3403 1851 3469 in
1883 3403 2310 3487 confusionem
2342 3401 2580 3468 ordinis
2612 3400 2955 3488 supradicti
3001 3420 3203 3488 nuper

345 3509 495 3577 alba
545 3508 740 3596 pallia
795 3514 1050 3596 portare
1103 3509 1377 3596 cepistis.
1454 3509 1752 3577 Nolentes
1808 3510 2037 3596 igitur,
2092 3514 2165 3575 ut
2220 3530 2301 3577 ex
2354 3507 2473 3575 hoc
2529 3509 2695 3575 inter
2748 3528 2857 3574 vos
2914 3513 2977 3575 et
3030 3508 3203 3594 ipsos

343 3616 744 3685 emulationis
811 3636 920 3683 seu
987 3617 1298 3684 discordie
1362 3618 1627 3684 materis
1693 3618 2061 3702 suscitetur,
2138 3616 2524 3703 presentium
2586 3616 2762 3684 vobis
2829 3617 3201 3683 auctoritate

341 3724 748 3811 precipiendo
792 3724 1194 3809 mandamu8‚
1251 3725 1544 3810 quatinus
1587 3731 1796 3793 vestro
1841 3723 2119 3791 contenti
2172 3723 2391 3791 habitu
2446 3723 2787 3790 existentes
2842 3721 3201 3790 huiusmodi

345 3830 494 3899 alba
536 3832 758 3918 pallia,
818 3852 967 3917 que,
1024 3833 1188 3899 sicut
1229 3834 1608 3919 premissum
1655 3836 1780 3916 est,
1838 3833 1905 3899 in
1950 3833 2201 3917 signum
2243 3830 2563 3915 religionis
2609 3850 2906 3898 concessa
2946 3832 3204 3897 fuerunt

343 3937 722 4026 Templariis
778 3940 1137 4023 antedictis,
1195 3939 1551 4007 nullatenus
1609 3938 1924 4007 deferatis.
2006 3938 2307 4024 Alioquin
2356 3938 2698 4006 venerabili
2750 3936 2935 4004 fratri
2984 3942 3203 4005 nostro

341 4046 702 4133 patriarche
759 4046 1302 4134 lerosolymitan0‚
1363 4046 1702 4134 apostolice
1761 4047 1928 4114 sedis
1984 4046 2224 4130 legato,
2283 4046 2517 4112 nostris
2574 4045 2794 4111 damus
2848 4045 3079 4112 litteris
3131 4046 3200 4112 in

342 4154 682 4239 mandatis,
729 4161 802 4221 ut
843 4156 1146 4239 inquisita
1187 4153 1433 4242 plenius
1480 4162 1544 4221 et
1572 4156 1820 4239 cognita
1851 4154 2115 4222 veritate
2160 4154 2227 4220 id
2260 4152 2679 4242 appellatione
2723 4157 2967 4221 remota
3012 4173 3201 4239 super

341 4260 466 4329 hoc
508 4267 764 4346 statuat,
814 4263 978 4349 quod
1023 4262 1313 4347 religioni
1358 4262 1598 4349 pariter
1643 4267 1707 4329 et
1749 4261 1938 4329 saluti
1978 4260 2211 4329 viderit
2256 4259 2570 4348 expedire.
2638 4258 2876 4329 Datum
2905 4258 3203 4391 Laterani

343 4370 410 4435 vi
455 4369 582 4436 kal.
629 4369 1003 4457 septembris
1047 4368 1446 4456 pontificatus
1490 4370 1692 4436 nostri
1737 4389 1902 4437 anno
1945 4369 2396 4437 tertiodecimo.

559 4484 603 4535 Ε
638 4484 850 4551 registro
883 4484 1163 4537 Innocentii
1191 4485 1265 4536 111
1299 4484 1386 4537 lib.
1411 4484 1536 4537 XIII
1571 4501 1654 4551 ep.
1686 4484 1784 4535 125
1821 4484 1902 4536 ed.
1932 4483 2123 4535 Baluze
2155 4482 2225 4547 ΙΙ,
2260 4482 2645 4535 471.1.
2682 4481 2965 4535 Acconensi
2998 4482 3109 4534 Bal.

349 4688 530 4762 300.
569 4692 746 4761 1210
801 4715 946 4780 any.
979 4692 1070 4757 27
1115 4692 1438 4759 Laterani.
1519 4692 1920 4759 Innocentius
1956 4692 2081 4757 III
2122 4692 2411 4758 rescribit
2451 4690 3025 4777 Hierosolymitano
3078 4712 3201 4777 pa-

570 4801 880 4867 marchae
923 4802 1002 4865 de
1047 4802 1258 4865 eadem
1301 4822 1388 4865 re.

568 4923 965 4993 Innocentius
1021 4928 1138 4991 etc.
1187 4922 1702 5010 lerosolymitano
1755 4921 2143 5011 patriarche,
2206 4920 2545 5011 apostolice
2598 4920 2767 4987 sedis
2818 4920 3026 5004 legato
3084 4924 3200 4987 etc.

346 5030 542 5100 Suam
612 5032 798 5100 nobis
873 5031 1087 5099 dilecti
1161 5028 1278 5097 filii
1356 5031 1584 5098 fratres
1662 5031 1888 5099 militie
1963 5030 2209 5117 Templi
2287 5029 2743 5115 querimoniam
2821 5028 3201 5114 obtulerunt,
