3892 5609
1397 280 1813 349 vamnsm’
1835 300 2228 349 sensnum
3098 290 3141 363 2
3152 292 3193 363 9
3207 292 3248 364 5

378 480 528 543 gere
595 460 696 527 vel
755 460 814 527 ei
884 478 1043 526 ausu
1096 460 1432 526 temerario
1492 461 1824 527 contraire.
1907 460 1977 527 Si
2028 462 2177 545 quis
2234 465 2442 527 autem
2504 462 2621 529 hoc
2678 466 3057 549 attemptare
3112 482 3255 549 pre-

379 568 742 653 sumpserit,
789 567 1285 650 indignationem
1333 567 1779 653 omnipotentis
1825 566 1928 633 dei
1974 571 2037 633 et
2080 568 2404 634 beatorum
2449 567 2624 635 Petri
2669 574 2734 635 et
2776 568 2957 635 Pauli
3002 576 3255 655 aposto·

375 673 747 743 lorum.eius
777 694 846 741 se
873 675 1122 742 noverit
1157 676 1574 739 incursurum.
1635 673 1873 755 Datum
1905 670 2207 741 Laterani
2241 694 2326 740 xv
2360 673 2485 741 kal.
2519 676 2821 743 februarii
2853 675 3255 763 pontificatus

375 784 580 847 nostri
629 800 792 847 anno
837 801 896 846 v.
2910 781 2917 789 ’

594 920 714 973 Sine
752 921 896 972 dato:
945 920 986 981 1,
1024 918 1092 970 68
1141 920 1366 985 („Lat.“)
1415 929 1468 971 et
1502 920 1544 980 Ι,
1582 918 1741 980 75v.;
1791 920 1859 981 ΙΙ,
1900 920 1996 971 101
2036 927 2088 971 n.
2114 920 2183 971 39
2197 938 2212 981 ;
2260 920 2324 972 A.
2349 920 2422 972 20
2457 939 2507 972 n.
2535 920 2604 973 37
2640 922 2821 973 Latine
2869 930 2921 974 et
2956 895 3256 974 Germanice

378 1027 494 1061 cum
528 1017 674 1061 nota:
716 1010 805 1074 „In
829 1008 1200 1074 Mergintheim,
1239 1016 1292 1059 et
1315 1008 1625 1059 Allexander
1655 1009 1773 1060 huic
1809 1008 1973 1059 simile
2008 1008 2060 1059 in
2088 1008 2323 1061 Buken“.
2353 1040 2413 1049 ——
2444 1011 2569 1061 eum
2604 1010 2750 1062 dato:
2789 1011 3029 1063 Laterani
3063 1028 3126 1061 xv
3149 1010 3253 1061 lul.

379 1098 508 1149 febr.
545 1115 597 1165 p.
624 1116 670 1149 a.
695 1098 748 1149 5.
801 1097 866 1149 R.
893 1097 960 1148 65
999 1115 1028 1149 e
1070 1098 1216 1149 domo
1251 1097 1716 1163 Mergenthemensi
1753 1096 1953 1148 n.2.—-
1982 1098 2045 1147 A.
2078 1096 2141 1147 16
2176 1115 2227 1163 p.
2252 1098 2323 1149 39
2364 1098 2618 1163 „Batuli“.
2682 1140 2689 1145 .
2767 1102 2813 1151 1.
2851 1100 2997 1151 deest
3030 1100 3055 1149 1
3092 1117 3142 1166 p.
3168 1098 3256 1160 68,

377 1186 446 1237 A.
477 1185 559 1237 16.
738 1186 787 1239 2.
826 1186 869 1237 si
906 1188 969 1237 A.
1001 1185 1082 1237 16.
1261 1186 1312 1237 3.
1350 1186 1571 1252 ipsorum
1607 1185 1649 1247 I,
1689 1185 1756 1235 75
1771 1202 1819 1236 r.
2000 1186 2050 1237 4.
2090 1185 2236 1237 deest
2270 1186 2311 1247 Ι,
2338 1185 2423 1237 68.
2460 1186 2525 1239 11.
2563 1186 2629 1239 A.
2649 1186 2735 1239 20.

387 1486 564 1557 327.
609 1488 780 1554 1221
815 1491 1104 1553 ianuarii
1131 1477 1220 1553 18
1247 1488 1573 1553 Laterani.
1633 1488 1961 1553 Honorius
1986 1488 2111 1553 III
2128 1490 2298 1554 iubet
2332 1489 2653 1575 praelatos
2685 1490 2763 1553 ab
2798 1491 3019 1555 ordine
3048 1489 3255 1557 Theu-

605 1599 808 1661 tonico
856 1596 944 1659 ad
987 1595 1273 1660 ecclesiae
1319 1618 1468 1660 suas
1509 1608 1936 1681 praesentatos
1982 1598 2276 1677 vicarios,
2327 1597 2662 1663 dummodo
2694 1596 3066 1681 sufficientes
3111 1600 3255 1663 red-

607 1705 773 1767 ditus
815 1725 938 1789 pro
984 1706 1425 1768 sustentatione
1471 1714 1526 1767 et
1571 1705 1854 1788 episcopi
1895 1705 2151 1768 iusticia
2196 1707 2613 1788 aeeiynentur,
2661 1705 2957 1789 recipere.

602 1842 920 1910 Honorius
979 1843 1310 1929 episcopus
1369 1863 1588 1909 servus
1641 1862 1967 1908 servorum
2014 1844 2115 1909 dei
2174 1842 2633 1910 venerabilibus
2689 1843 2993 1911 fiatribns
3057 1845 3258 1911 archi-

381 1951 696 2037 episcopis
727 1955 791 2015 et
823 1950 1132 2035 episcopis
1165 1955 1228 2016 et
1259 1949 1502 2025 dilectis
1533 1948 1680 2015 filiis
1712 1948 2066 2034 abbatibus,
2098 1948 2435 2035 prioribus,
2470 1949 2949 2041 archidiaconis,
2982 1951 3262 2035 decanis,

379 2063 447 2125 et
491 2056 632 2123 aliis
679 2056 1086 2124 ecclesiarum
1131 2056 1412 2142 prelatiS,
1461 2056 1543 2122 ad
1588 2076 1743 2141 quos
1789 2055 2000 2123 littere
2046 2057 2165 2123 iste
2208 2058 2632 2142 pervenerint,
2682 2056 2949 2124 salutem
2998 2064 3062 2124 et
3104 2078 3258 2143 apo-

377 2164 666 2232 stolicam
713 2163 1234 2230 benedictionem.
1463 2161 1708 2239 Quanto
1752 2162 1966 2229 dilecti
2006 2162 2141 2247 filii,
2192 2213 2207 2229 .
2235 2212 2252 2227 .
2301 2164 2606 2246 magister
2652 2166 2715 2229 et
2759 2163 2987 2229 fratres
3035 2163 3257 2231 domus

377 2270 712 2357 hospitalis
737 2276 952 2336 sancte
975 2269 1173 2336 Marie
1194 2270 1718 2337 Theotonicorum
1743 2268 2249 2353 Ierosolimitani,
2271 2271 2546 2356 propriis
2572 2270 2888 2336 derelictis
2911 2271 3257 2338 ferventius

378 2400 497 2466 pro
543 2378 1024 2444 christianitatis
1071 2377 1398 2445 commodo
1444 2377 1676 2459 iugiter
1719 2376 2049 2443 elaborant
2091 2396 2207 2442 nec
2254 2396 2485 2461 ponere
2520 2394 2635 2462 pro
2665 2375 2969 2443 fratribus
3014 2379 3257 2445 animas

377 2485 812 2570 reformidant,
843 2489 1022 2550 tanto
1052 2483 1210 2570 ipsis
1239 2484 1308 2550 in
1338 2484 1467 2551 suis
1500 2484 1980 2550 manutenendis
2020 2484 2281 2551 iustitiis
2310 2483 2679 2566 diligencius
2713 2484 2933 2551 adesse
2959 2504 3076 2551 nos
3107 2504 3254 2551 con-

380 2592 574 2673 venit,
599 2596 906 2658 eteorum
938 2590 1554 2682 incommoditatibus
1584 2596 1852 2676 paterna
1881 2589 2304 2657 sollicitudine
2334 2590 2686 2678 providere,
2710 2610 2811 2675 ne,
2838 2592 2892 2657 si
2926 2591 3251 2676 fuerimus,

382 2700 546 2784 quod
593 2698 778 2781 absit,
837 2700 905 2764 in
965 2718 1184 2765 eorum
1238 2697 1706 2765 manutenenda
1749 2698 1993 2763 iustitia
2036 2698 2443 2781 negligentes,
2507 2718 2545 2763 a
2600 2697 3087 2765 sarracenorum
3133 2699 3255 2765 im-

379 2806 828 2893 pungnatione,
878 2805 986 2891 qui
1031 2804 1442 2871 christianum
1491 2823 1722 2871 nomen
1766 2802 2095 2870 insufflant
2131 2812 2195 2870 et
2223 2804 2501 2871 fidelium
2536 2803 2854 2872 effundere
2886 2806 3254 2888 sanguinem

287 2954 300 2967 ·
383 2912 766 2995 moliuntur,
825 2912 1128 2978 desistere
1173 2912 1607 2998 conpellantur
1653 2914 1716 2975 et
1769 2910 2040 2995 amplius
2085 2911 2384 2977 adversus
2444 2912 2820 2978 christianos
2888 2932 3106 2978 eorum
3157 2914 3255 2979 in-

378 3020 650 3087 solentia
692 3020 1103 3085 convalescat.
1177 3018 1336 3085 Cum
1382 3024 1592 3084 autem
1646 3018 2104 3102 prenominatis
2160 3006 2463 3084 fratribus
2510 3018 2587 3084 de
2642 3018 3037 3103 indulgentia
3084 3019 3253 3086 sedis

379 3126 722 3213 apostolice
765 3124 1254 3191 misericorditer
1300 3123 1664 3190 duxerimus
1706 3123 2163 3207 indulgendum
2176 3120 2211 3208 ¹,
2260 3129 2330 3189 ut
2375 3124 2615 3191 fructus
2662 3126 3087 3211 ecclesiarum,
3133 3146 3252 3211 que

385 3233 468 3299 ad
514 3252 732 3299 eorum
778 3232 1179 3298 donationem
1224 3232 1572 3317 pertinent,
1631 3232 1949 3314 assignato
1998 3230 2251 3297 vicariis
2308 3230 2473 3297 unde
2520 3251 2794 3315 congrue
2843 3231 3098 3300 valeant
3150 3252 3254 3299 su·

377 3341 642 3407 stentari
706 3345 770 3406 et
839 3339 1173 3405 diocesano
1231 3338 1526 3423 episcopo
1595 3337 1850 3421 eiusque
1922 3336 2293 3404 officialibus
2350 3337 2429 3403 de
2480 3340 2609 3404 suis
2676 3339 2925 3425 possint
2984 3340 3244 3407 iustitiis

377 3445 792 3532 respondere,
839 3443 1111 3511 debeant
1159 3444 1226 3510 in
1273 3443 1748 3510 subventionem
1791 3450 1961 3511 terre
2004 3444 2505 3510 Ierosolimitane
2549 3451 2945 3529 convertere;
2996 3446 3250 3531 quidam

379 3553 681 3639 episcopi,
730 3551 1150 3617 archidiaconi
1199 3555 1265 3616 et
1308 3550 1549 3634 decani,
1610 3552 1688 3616 ad
1737 3572 1892 3636 quos
1937 3550 2191 3617 illarum
2238 3550 2643 3618 ecclesiarum
2688 3553 3067 3620 investitura
3108 3574 3254 3639 per-

376 3661 560 3743 tinet,
609 3658 888 3741 clericos,
939 3677 1092 3742 quos
1131 3657 1324 3723 iidem
1356 3656 1582 3723 fratres
1629 3658 1886 3725 idoneos
1921 3663 2381 3743 representant,
2428 3658 2707 3745 recipere
2742 3678 2857 3746 pro
2890 3680 3005 3725 sua
3032 3660 3254 3727 volun-

379 3772 512 3833 tate
570 3769 1040 3851 contempnunt,
1087 3764 1212 3829 nisi
1247 3763 1500 3829 easdem
1533 3764 1828 3831 ecclesias
1875 3765 2141 3859 clericis,
2189 3765 2298 3849 qui
2343 3765 2421 3831 de
2468 3784 2685 3831 eorum
2729 3786 2953 3833 mensa
2994 3767 3250 3850 fuerint,

379 3892 492 3939 seu
539 3871 710 3956 aliis,
769 3872 918 3939 licet
963 3871 1170 3937 minus
1230 3872 1506 3937 existant
1551 3871 1792 3955 idonei,
1840 3872 2215 3956 largiantur,
2263 3872 2317 3937 si
2364 3891 2511 3938 vero
2556 3872 2751 3938 iidem
2794 3872 3055 3957 fratres,
3114 3894 3251 3940 eas-

378 3979 522 4046 dem
570 3978 884 4062 ecclesias,
931 3982 1122 4064 prout
1155 3976 1534 4062 desiderant,
1580 3997 1708 4043 non
1739 3980 2084 4063 assignant,
2117 3984 2189 4044 ut
2217 3976 2415 4045 libere
2443 3978 2691 4063 possint
2718 3978 3003 4045 redditus
3034 3999 3251 4047 earum

378 4086 724 4171 percipere,
779 4084 922 4150 illos
977 4104 1094 4171 per
1136 4086 1326 4167 longa
1379 4088 1669 4169 tempora
1720 4085 1963 4151 faciunt
2006 4106 2045 4150 a
2089 4085 2447 4151 divinorum
2508 4083 2927 4152 celebratione
2985 4105 3250 4170 cessare,

379 4198 450 4257 ut
503 4192 598 4257 sic
649 4191 878 4257 fratres
923 4192 1049 4277 ipsi
1107 4191 1462 4257 voluntates
1525 4211 1738 4257 eorum
1798 4192 2025 4276 exequi
2083 4192 2558 4277 compellantur,
2646 4191 2775 4257 Nos
2829 4192 3020 4275 igitur
3076 4198 3253 4261 tante

377 4298 808 4385 predictorum
849 4298 1119 4364 fratrum
1165 4298 1661 4365 incommoditati
1709 4299 2068 4384 prospicere
2114 4300 2469 4385 cupienteS,
2526 4318 2607 4364 ne
2652 4304 2895 4364 tantam
2941 4300 3250 4367 iacturam

377 4405 694 4472 malitiose
732 4410 1038 4488 cogantur
1067 4404 1146 4471 de
1185 4410 1392 4471 cetero
1424 4406 1755 4487 sustinere,
1787 4404 2185 4471 universitati
2219 4404 2464 4473 vestre²
2494 4426 2612 4493 per
2643 4407 2987 4492 apostolica
3018 4408 3253 4492 scripta

377 4510 752 4578 mandamus
799 4518 986 4596 atque
1031 4512 1436 4599 precipimus,
1485 4512 1780 4597 quatinus
1826 4512 2087 4579 clericos
2130 4514 2410 4596 idoneos,
2459 4533 2615 4597 quos
2660 4514 2851 4580 iidem
2896 4513 3125 4579 fratres
3172 4514 3251 4579 ad

379 4618 674 4685 ecclesias
719 4637 864 4684 suas
895 4618 1072 4685 vobis
1117 4618 1416 4685 duxerint
1443 4620 1916 4705 presentandos,
1966 4621 2257 4686 ammodo
2289 4620 2619 4703 benignius
2666 4618 3049 4701 admittatis3
3098 4620 3252 4687 alio-

377 4726 530 4811 quin
575 4726 899 4809 noveritis,
947 4724 1112 4810 quod
1159 4726 1316 4811 ipsis
1364 4727 1736 4792 auctoritate
1783 4725 2131 4813 apostolica
2162 4727 2423 4794 liberam
2458 4727 2835 4793 indulsimus
2864 4726 3250 4810 facultatem,

379 4838 452 4898 ut
491 4832 734 4899 fructus
779 4831 1120 4899 earundem
1166 4830 1589 4917 ecclesiarum,
1637 4832 1835 4900 donec
1861 4832 2167 4919 predicta
2210 4836 2537 4902 occasione
2580 4835 2963 4918 vacaverint,
2994 4835 3057 4900 in
3106 4833 3253 4901 sub-

380 4934 771 5007 ventionem⁸
801 4938 1300 5006 lerosolimitane
1338 4944 1506 5007 terre
1545 4946 1908 5008 convertere
1954 4948 2019 5007 et
2056 4940 2199 5008 illos
2231 4941 2486 5010 valeant
2513 4942 2709 5009 libere
2739 4941 3039 5009 detinere.
3102 4940 3253 5009 Pre-
