3892 5609
754 359 789 426 1
805 356 846 427 7
856 358 899 429 8
1774 363 2195 412 Annmnmn.
2268 320 2582 410 nonnum.

1170 522 1573 592 wenceslaus
1745 523 1915 589 1383
1963 529 2084 590 oct.
2120 522 2198 588 17
2250 520 2638 603 Nurenberg.

1342 681 1377 715 „
1752 629 1923 696 1389
1969 629 2126 696 maii
2157 629 2192 692 7
2244 647 2392 694 zum
2435 625 2799 710 Ellebogen.

1345 787 1379 821 „
1754 736 1925 801 1398
1971 737 2215 801 ianuar.
2249 735 2290 799 9
2335 731 2779 800 Frankenfurt.

1173 843 1489 929 Rupertus
1753 843 1926 908 1402
1972 861 2116 908 nov.
2151 841 2192 907 3
2236 839 2652 923 Nuremberg.

1302 1000 1335 1034 „
1754 949 1925 1014 1403
1973 969 2114 1032 aug.
2154 948 2236 1013 19
2279 945 2676 1031 Heidelberg.

1300 1106 1335 1139 ‚,
1753 1056 1924 1121 1404
1967 1053 2125 1121 febr.
2159 1054 2246 1119 25
2292 1052 2688 1136 Heidelberg.

1751 1160 1925 1228 Intus
1971 1160 2328 1228 Fridericus
2377 1160 2544 1226 1221
2595 1157 2779 1246 april.
2826 1157 3103 1224 Tarenti.

1176 1265 1613 1350 Sigismundus
1753 1268 1926 1333 1414
1971 1287 2116 1334 nov.
2155 1268 2236 1333 19
2279 1266 2522 1334 Bunne.

1754 1373 1927 1440 1415
1969 1375 2130 1442 febr.
2164 1375 2246 1440 27
2295 1373 2620 1440 Gostencz.

1092 1565 1099 1571 ι
1376 1529 1410 1563 „
1760 1479 1933 1546 1415
1977 1481 2137 1548 iunii
2172 1482 2254 1547 19
2301 1480 2616 1547 Costentz.

972 1584 1060 1652 Et
1103 1585 1252 1670 quia
1292 1585 1573 1670 prefatas
1615 1583 1861 1651 litteras
1904 1585 2266 1674 imperiales
2311 1587 2552 1674 pariter
2597 1591 2664 1652 et
2698 1582 2962 1667 regales,
3007 1579 3422 1662 munimenta,
3465 1596 3624 1644 con-

754 1692 1086 1775 cessioneS,
1130 1691 1525 1775 donaciones,
1572 1691 1905 1777 privilegia
1949 1699 2014 1760 et
2055 1693 2302 1760 indulta
2346 1699 2411 1760 et
2453 1710 2672 1760 eorum
2716 1711 2828 1758 seu
2874 1709 3090 1757 earum
3135 1685 3346 1770 sigilla
3387 1687 3458 1752 in
3499 1704 3624 1750 no-

752 1799 1058 1864 tariorum
1102 1797 1497 1884 publicorum
1542 1798 2092 1887 infrascriptorum
2137 1805 2204 1866 et
2242 1799 2662 1886 plurimorum
2705 1803 3066 1865 nostrorum
3109 1793 3390 1860 fidelium
3431 1790 3624 1856 nobis

755 1904 1190 1972 assistencium
1232 1903 1561 1988 nobilium,
1607 1903 1978 1972 militarium
2025 1911 2090 1972 et
2133 1906 2607 1990 armigerorum,
2661 1904 2916 1972 testium
2963 1902 3046 1969 ad
3087 1901 3208 1967 hoc
3248 1901 3622 1966 vocatorum

755 2010 1112 2098 specialiter
1156 2015 1220 2077 et
1262 2015 1623 2095 rogatorum
1666 2013 1997 2098 presencia
2041 2016 2280 2078 attente
2323 2011 2855 2080 consideravimus
2903 2015 2967 2076 et
2991 2008 3268 2076 vidimus
3313 2025 3405 2090 ac,
3453 2003 3627 2070 sicut

752 2117 1163 2205 premittitur,
1208 2117 1381 2204 ipsas
1428 2137 1636 2202 sanas,
1682 2118 1962 2202 integras
2009 2123 2072 2186 et
2115 2119 2349 2202 illesas,
2401 2139 2528 2184 non
2573 2118 2862 2202 abolitas,
2913 2135 3042 2182 non
3087 2113 3346 2180 abrasas
3389 2130 3508 2178 nec
3551 2110 3624 2175 in

755 2224 967 2310 aliqua
1010 2225 1109 2291 sui
1152 2229 1335 2310 parte
1377 2223 1638 2292 viciatas
1684 2223 1785 2291 vel
1836 2231 2162 2312 suspectas
2217 2227 2572 2292 invenimus
2629 2229 2816 2310 atque
2871 2223 2950 2290 de
2993 2221 3184 2289 verbo
3231 2219 3310 2286 ad
3357 2217 3622 2284 verbum

754 2330 943 2398 simul
988 2351 1130 2397 cum
1176 2331 1455 2416 presenti
1498 2335 1896 2418 transumpto
1940 2331 2382 2399 mandavimus
2439 2335 2506 2398 et
2547 2331 2811 2398 fecimus
2853 2329 2981 2413 legi
3025 2336 3092 2396 et
3135 2324 3480 2394 auscultari
3521 2323 3627 2388 di-

753 2435 1043 2521 ligenter,
1089 2441 1153 2502 et
1196 2437 1347 2522 quia
1374 2437 1803 2505 examinatum
1848 2443 1913 2505 et
1955 2439 2281 2505 inventum
2325 2443 2422 2506 est
2463 2457 2725 2525 presens
2765 2439 3234 2522 transumptmn
3267 2431 3624 2519 suprascri-

754 2547 1010 2630 ptarum
1053 2543 1411 2610 litterarum
1456 2543 1857 2627 originalium
1909 2549 2161 2611 tenores
2205 2545 2286 2612 de
2329 2545 2519 2612 verbo
2578 2545 2660 2611 ad
2703 2543 2962 2611 verbum
3011 2541 3246 2626 absque
3290 2538 3624 2605 addicione

756 2670 869 2717 seu
899 2649 1276 2716 detrimento
1308 2649 1665 2717 omnimode
1694 2651 2037 2736 continere,
2081 2671 2198 2718 nos
2229 2651 2310 2718 de
2352 2650 2529 2734 regia
2571 2651 2752 2717 nobis
2796 2651 2864 2715 in
2910 2649 3028 2715 hac
3067 2655 3254 2734 parte
3281 2644 3626 2713 commissa

755 2760 1069 2843 potestate
1124 2756 1404 2842 presenti
1462 2755 1711 2823 decreto
1768 2763 2074 2845 perpetue
2121 2756 2390 2824 valituro
2444 2762 2792 2824 statuentes
2846 2753 3113 2822 firmiter
3161 2753 3500 2820 statuimus
3555 2755 3626 2815 et

755 2862 1152 2931 decernimus
1166 2911 1185 2946 ,
1244 2867 1552 2947 quatenus
1608 2864 1889 2949 presenti
1946 2869 2518 2950 transsumptarum
2562 2863 2890 2930 literarum
2935 2855 3270 2927 volumini¹
3311 2858 3504 2945 plena
3555 2865 3628 2924 et

758 2969 1119 3036 omnimoda
1146 2967 1302 3035 fides
1332 2969 1703 3036 adhibeatur
1734 2974 1797 3036 et
1828 2969 2110 3037 adhiberi
2141 2969 2366 3037 debeat
2393 2971 2462 3036 in
2489 2969 2804 3056 imperiali
2835 2990 2946 3036 seu
2973 2967 3173 3050 regali
3216 2970 3284 3033 et
3311 2965 3454 3032 aliis
3481 2965 3626 3051 qui-

756 3075 1121 3160 buscunque
1164 3074 1357 3142 curiis
1402 3081 1467 3143 et
1508 3075 1757 3143 iudiciis
1802 3081 1867 3143 et
1910 3082 2094 3144 extra
2139 3077 2301 3143 sicut
2341 3075 2573 3144 litteris
2603 3077 2760 3164 ipsis
2792 3073 3200 3159 originalibus
3239 3071 3626 3159 supradictis

760 3188 969 3268 atque,
1014 3187 1088 3248 ut
1132 3180 1395 3249 eandem
1422 3181 1554 3248 vim
1600 3188 1664 3248 et
1707 3183 1990 3268 vigorem
2033 3184 2264 3252 habeat
2305 3188 2372 3250 et
2414 3183 2572 3249 iuris
2619 3181 2906 3250 effectum
2952 3181 3253 3248 sortiatur
3299 3185 3364 3246 et
3407 3177 3626 3246 sortiri

758 3289 987 3356 debeat
1030 3307 1143 3356 ceu
1192 3288 1403 3356 littere
1446 3288 1785 3372 originales
1839 3289 2151 3376 predicte,
2207 3289 2546 3356 tribuimus
2600 3294 2666 3356 et
2714 3289 3115 3376 impertimur
3159 3286 3622 3368 auctoritatem,

756 3397 853 3462 ita
880 3395 1170 3462 videlicet
1208 3400 1299 3480 ut,
1344 3395 1701 3480 ubicunque
1738 3395 2021 3464 locorum
2065 3415 2324 3483 presens
2355 3401 2824 3483 transumptum
2865 3401 2997 3461 tam
3039 3394 3104 3460 in
3135 3392 3386 3460 iudiciis
3433 3411 3624 3478 quam

762 3507 943 3569 extra
971 3503 1199 3586 visum,
1245 3502 1595 3570 exhibitum
1624 3503 1727 3569 vel
1771 3502 2146 3590 productum
2189 3503 2402 3587 fuerit,
2449 3502 2712 3570 eandem
2741 3503 2893 3585 vim,
2938 3500 3127 3568 fidem
3171 3504 3237 3566 et
3277 3499 3473 3566 robur
3515 3497 3626 3563 fir-

758 3608 1022 3692 mitatis,
1068 3608 1461 3676 credulitatis
1508 3628 1581 3675 ac
1626 3609 2024 3695 probacionis
2066 3609 2298 3676 habeat
2343 3615 2408 3676 et
2451 3615 2682 3694 teneat,
2729 3629 2805 3676 ac
2849 3610 2902 3675 si
2946 3609 3086 3694 ipse
3127 3606 3360 3688 littere,
3415 3607 3626 3672 muni-

758 3720 978 3782 menta
1020 3715 1353 3800 originalia
1408 3720 1473 3782 et
1514 3714 1761 3782 indulta
1804 3716 2018 3783 omnia
2060 3720 2172 3783 aut
2213 3737 2294 3783 ex
2337 3717 2496 3802 ipsis
2541 3715 2796 3801 aliquod
2847 3735 2959 3782 seu
3002 3713 3216 3799 aliqua
3259 3717 3519 3780 ostensa
3561 3717 3628 3778 et

760 3821 1043 3890 exhibita
1095 3823 1163 3886 in
1208 3823 1419 3908 specie
1461 3822 1671 3888 forent
1713 3822 1815 3889 vel
1868 3823 2209 3909 producta,
2261 3823 2482 3898 fraude
2527 3827 2594 3888 et
2634 3820 2776 3888 dolo
2823 3821 3080 3888 semotis
3123 3820 3620 3906 quibuscunque.

759 3928 927 3995 Acta
970 3931 1121 3994 sunt
1158 3926 1275 3994 hec
1307 3929 1377 3994 in
1406 3934 1612 3995 castro
1642 3933 1859 3996 nostro
1888 3927 2286 4015 Heydelberg
2329 3927 2726 4015 presentibus
2769 3925 3002 3994 illustri
3045 3927 3334 4014 principe
3369 3926 3624 3993 domino

763 4033 1014 4118 Ottone,
1060 4033 1289 4100 comite
1332 4032 1611 4120 palatino
1643 4033 1821 4118 Reni,
1869 4036 2026 4102 duce
2056 4033 2346 4120 Bavarie,
2393 4054 2692 4120 germano
2737 4039 2974 4118 nostro,
3019 4053 3265 4100 necnon
3307 4033 3626 4101 nobilibus

763 4137 992 4207 Georio
1038 4139 1366 4224 Pineerna,
1412 4139 1667 4208 domino
1710 4141 1778 4207 in
1806 4139 2135 4226 Limpurg,
2182 4139 2502 4224 Heinrico,
2547 4140 2799 4207 domino
2837 4141 2916 4207 de
2943 4139 3199 4208 Plawen
3243 4145 3308 4206 et
3349 4141 3626 4207 strenuis

763 4246 1039 4313 Iohanne
1084 4247 1162 4313 de
1190 4247 1519 4330 Veningen
1532 4297 1552 4332 ,
1598 4247 1901 4332 magistro
1946 4247 2121 4314 curie
2162 4253 2407 4330 nostre;
2453 4246 2728 4314 Iohanne
2775 4245 3162 4314 Stormfeder
3205 4245 3482 4329 seniore3
3525 4245 3627 4312 Io-

762 4354 971 4420 hanne
1015 4353 1093 4420 de
1122 4351 1522 4437 Wingarten;
1571 4353 1857 4420 Conrado
1902 4353 1982 4420 de
2011 4352 2286 4441 Capelle,
2331 4353 2636 4438 magistro
2682 4353 2853 4422 curie
2899 4353 3091 4420 castri
3131 4353 3336 4420 nostri
3373 4352 3628 4420 Heidel-

762 4459 937 4544 berg,
985 4464 1050 4526 et
1078 4459 1380 4527 Michaele
1410 4459 1731 4546 Mospach,
1776 4461 2082 4547 pincerna
2123 4465 2361 4544 nostro,
2407 4461 2672 4528 testibus
2718 4460 2800 4527 ad
2843 4459 3156 4547 premissa
3198 4459 3437 4526 vocatis
3483 4479 3628 4545 spe-

764 4565 1010 4632 cialiter
1054 4571 1118 4631 et
1160 4567 1416 4648 rogatis.
1496 4566 1569 4633 In
1612 4585 1881 4652 quorum
1924 4567 2209 4633 omnium
2249 4565 2438 4634 fidem
2483 4567 2676 4634 robur
2720 4574 2784 4634 et
2825 4566 3254 4634 testimonium
3301 4569 3626 4651 presentes

764 4673 981 4755 magni
1035 4673 1237 4738 nostri
1294 4673 1679 4759 appensione
1730 4672 1925 4757 sigilli
1977 4673 2239 4740 fecimus
2285 4673 2676 4740 communiri.
2755 4672 2994 4740 Datum
3038 4670 3417 4755 Heidelberg
3459 4673 3626 4738 vice-

764 4779 929 4844 sima
972 4779 1181 4864 prima
1224 4777 1326 4845 die
1369 4779 1605 4845 mensis
1649 4779 1864 4851 martii
1918 4798 2084 4847 anno
2141 4779 2380 4846 domini
2425 4779 2758 4846 millesimo
2805 4778 3416 4865 quadrincentesimo
3459 4778 3626 4845 vice·

764 5008 989 5055 norum
1034 4991 1201 5074 regis
1248 4989 1497 5077 semper
1543 4993 1791 5075 augusti
1836 4991 2265 5060 Romanorum
2309 4993 2490 5077 regni
2534 5011 2698 5060 anno
2745 4991 2986 5060 decimo
3033 4997 3274 5059 octavo.
