3892 5609
745 379 902 449 470
1721 387 2145 439 Pou‘rmoun
2186 387 2631 439 Romontm

745 550 814 614 in
857 547 985 615 illis
1031 548 1266 634 absque
1306 547 1674 617 racionabili
1717 567 1908 616 causa
1951 548 2282 618 instituere
2310 549 2737 617 recusaverint
2762 545 2867 616 vel
2894 553 3041 636 post
3066 547 3431 616 huiusmodi
3460 567 3611 636 pre-

747 656 1168 724 sentscionem
1213 675 1330 743 per
1373 675 1655 723 mensem
1697 655 2059 724 distulerint
2090 657 2225 725 sive
2252 655 2647 741 neglexerint
2676 661 2741 724 et
2768 675 2886 743 pro
2915 661 3097 743 parte
3126 653 3405 738 illorum,
3450 675 3613 740 quo-

747 784 886 830 rum
931 763 1238 846 intererit,
1285 762 1554 848 desuper
1595 762 1885 848 requisiti
1927 763 2175 830 fueritis
2218 785 2331 832 vos
2374 769 2770 852 presentatus
2812 782 3113 850 personas
3155 763 3359 830 eciam
3388 763 3613 848 hospi·

747 871 894 938 talis
938 869 1315 954 huiusmodi,
1363 868 1698 937 dummodo
1741 871 1900 938 alias
1945 870 2186 956 ydonee
2230 873 2359 938 sint
2400 873 2469 939 in
2512 872 2671 958 ipsis
2716 869 2993 938 eeclesiis
3038 875 3103 936 et
3130 868 3481 956 beneficiis,
3526 869 3609 936 ad

749 999 870 1064 que
928 982 1284 1065 presentato
1337 976 1574 1042 fuerint
1617 977 1837 1045 eadem
1881 979 2252 1046 auctoritate
2296 979 2643 1067 apostolica
2683 976 3029 1045 instituatis
3074 977 3449 1046 inducentes
3490 997 3611 1063 per

749 1105 860 1154 vos
905 1083 1005 1151 vel
1052 1083 1244 1150 alium
1289 1103 1402 1150 seu
1446 1083 1602 1150 alios
1646 1085 1820 1172 ipsas
1853 1091 2247 1172 presentatus
2276 1106 2578 1173 personas
2608 1085 2711 1154 vel
2736 1090 3175 1172 procuratores
3202 1103 3351 1151 suos
3383 1103 3609 1152 eorum

745 1190 1106 1258 nominibus
1149 1191 1218 1256 in
1251 1189 1638 1278 corporalem
1668 1192 2127 1278 possessionem
2158 1191 2561 1261 ecclesiarum
2592 1196 2657 1260 et
2684 1189 3121 1260 beneficiorum
3150 1191 3609 1279 predictorum,

749 1298 826 1364 ad
875 1319 994 1383 que
1039 1303 1426 1384 presentate‚
1473 1303 1546 1364 ut
1589 1298 1976 1386 premittitur
2021 1299 2365 1386 extiterint,
2410 1301 2767 1385 iuriumque
2810 1303 2877 1366 et
2916 1299 3457 1386 pertinenciarum
3500 1317 3609 1364 eo-

749 1404 1010 1472 rundem
1071 1410 1136 1472 et
1191 1404 1592 1472 defendentes
1647 1405 1936 1474 inductas
1984 1427 2057 1473 ac
2098 1406 2401 1474 facientes
2445 1407 2603 1494 ipsis
2646 1406 2935 1494 personis
2979 1411 3167 1492 prout
3208 1405 3356 1472 illas
3400 1407 3609 1472 conti·

753 1513 918 1596 gerit
961 1512 1040 1580 de
1085 1511 1487 1578 ecclesiarum
1533 1518 1600 1580 et
1643 1511 2083 1582 beneficiorum
2128 1513 2485 1582 huiusmodi
2528 1513 2865 1596 fructibus,
2916 1512 3287 1596 redditibus,
3332 1531 3611 1600 proven-

751 1618 918 1686 tibus
931 1669 950 1703 ,
1007 1619 1250 1687 iuribus
1305 1625 1369 1686 et
1411 1619 1896 1689 obvencionibus
1939 1621 2253 1688 universis
2296 1621 2540 1706 integre
2580 1619 2977 1708 respondem
3032 1639 3159 1687 non
3202 1619 3609 1688 obstantibus

752 1725 1040 1793 omnibus
1096 1727 1472 1812 supradictis
1529 1747 1639 1794 seu
1693 1728 1750 1794 si
1801 1727 2063 1815 prefatis
2108 1728 2443 1795 ordinariis
2486 1727 2587 1794 vel
2632 1727 2952 1814 quibusvis
2996 1726 3139 1794 aliis
3182 1727 3609 1793 communiter

749 1832 848 1899 vel
892 1831 1144 1900 divisim
1191 1852 1231 1899 a
1275 1833 1444 1900 dicta
1489 1834 1572 1900 sit
1615 1835 1764 1902 sede
1807 1833 2119 1902 indultum
2134 1884 2155 1919 ‚
2209 1834 2374 1920 quod
2416 1835 2709 1903 interdici
2754 1832 3051 1921 suspendi
3093 1831 3197 1901 vel
3239 1851 3607 1900 excommu-

749 1940 952 2006 nicari
995 1959 1121 2006 non
1167 1941 1414 2027 possint
1455 1961 1571 2028 per
1613 1941 1856 2008 litteras
1903 1940 2281 2027 apostolicas
2324 1962 2452 2009 non
2496 1941 2797 2009 facientes
2841 1941 3094 2028 plenam
3138 1945 3205 2008 et
3231 1959 3605 2026 expressam

753 2066 826 2113 ac
870 2047 946 2113 de
990 2045 1182 2113 verbo
1229 2048 1308 2114 ad
1354 2047 1614 2114 verbum
1643 2047 1724 2114 de
1753 2047 1996 2114 indulto
2026 2048 2384 2116 huiusmodi
2412 2049 2823 2133 mencionem,
2868 2047 3359 2115 contradictores
3386 2053 3605 2114 aucte-

749 2155 936 2220 ritate
981 2159 1199 2220 nostra
1244 2153 1672 2241 appellacione
1702 2155 2053 2242 postposita
2080 2155 2550 2242 compescendo.
2618 2155 2856 2223 Datum
2882 2154 3081 2222 Rome
3110 2153 3280 2241 apud
3310 2159 3601 2221 sanctum

749 2259 1004 2328 Petrum
1073 2281 1236 2327 anno
1303 2261 1762 2329 incarnacionis
1829 2261 2143 2330 dominice
2209 2261 2545 2330 millesimo
2606 2261 3220 2347 quadringentesimo
3280 2261 3603 2330 tricesimo

747 2368 974 2454 primo,
1021 2367 1262 2435 decimo
1309 2373 1530 2435 octavo
1575 2367 1880 2436 kalendas
1925 2369 2196 2436 ianuarii
2240 2368 2639 2456 pontificatus
2684 2370 2904 2436 nostri·
2930 2388 3094 2436 anno
3141 2369 3368 2456 primo.

955 2507 1045 2571 IV,
1071 2507 1233 2560 255v.
1289 2507 1364 2560 cf.
1401 2525 1556 2576 supra
1589 2509 1656 2560 ad
1691 2525 1741 2561 n.
1767 2507 1872 2561 718
1909 2509 1974 2560 de
2014 2508 2145 2560 1431
2184 2509 2311 2562 febr.
2340 2509 2422 2563 18.

752 2711 924 2784 720.
967 2714 1145 2781 1442
1195 2717 1368 2779 iunii·
1397 2715 1444 2781 9
1497 2714 1832 2782 Hor-entis.
1925 2710 2249 2803 Euqemius
2291 2716 2400 2783 IV
2442 2720 2667 2804 repetit
2732 2717 3259 2800 confirmationem
3320 2719 3599 2782 omnium

968 2821 1210 2886 ordinis
1248 2820 1618 2888 Theutonici
1645 2823 2017 2906 libertatum,
2064 2827 2526 2891 immunitatum
2555 2837 2662 2890 etc.
2695 2826 3011 2890 conmuni
3021 2823 3251 2910 somna
3278 2826 3595 2889 vestatam

967 2962 1287 3046 Eugenius
1345 2967 1460 3030 eto.
1509 2962 1756 3031 dilectis
1805 2963 1955 3032 filiis
1998 2967 2303 3050 magistro
2348 2971 2415 3032 et
2455 2965 2755 3032 fratribus
2800 2963 3129 3052 hospitalis
3174 2963 3357 3032 beate
3400 2963 3601 3030 Maris

746 3069 1272 3138 Theutonicorum
1329 3069 1813 3138 Ierosolimitani
1870 3080 1934 3141 et
1988 3072 2459 3160 preceptoribus
2516 3092 2589 3139 ac
2641 3071 2785 3139 aliis
2838 3071 3140 3140 fratribus
3188 3069 3599 3157 hospitalium

747 3197 989 3246 necnon
1042 3177 1368 3244 domorum
1415 3177 1494 3246 ab
1539 3177 1836 3264 hospitali
1879 3179 2165 3266 predicto
2210 3179 2693 3266 dependentium
2738 3180 2921 3264 eique
2964 3177 3385 3246 subiectorum
3428 3177 3598 3245 salu-

747 3290 875 3351 tem
921 3289 988 3350 et
1031 3284 1440 3370 apostolicam
1485 3284 2001 3352 benedictionem.
2184 3285 2365 3354 Sedis
2410 3286 2751 3374 apostolice
2793 3287 3079 3370 graciosa
3122 3287 3475 3371 benignitas
3508 3322 3595 3333 —

749 3391 1224 3458 communimus.
1294 3391 1529 3458 Datum
1558 3391 1883 3459 Florencie
1919 3412 2081 3459 anno
2112 3394 2563 3462 incarnationis
2594 3393 2903 3461 dominice
2932 3393 3267 3462 millesimo
3297 3393 3597 3479 quadrin-

745 3499 1090 3584 gentesimo
1147 3499 1623 3584 quadragesimo
1669 3500 1941 3568 secundo
1954 3549 1975 3586 ,
2033 3500 2251 3586 quinto
2308 3500 2452 3567 idus
2506 3501 2667 3568 iunii
2719 3499 3119 3589 pontificatus
3174 3501 3375 3568 nostri
3430 3521 3595 3568 anno

745 3606 1131 3674 duodecimo.

958 3719 1215 3786 Originale
1251 3737 1362 3771 cum
1398 3719 1534 3771 bulla
1567 3721 1621 3772 in
1657 3721 1858 3774 archivo
1892 3722 2263 3789 Regimontano
2275 3758 2291 3783 ,
2334 3722 2433 3774 huc
2466 3723 2671 3774 tandem
2706 3723 2943 3774 Cracovia
2976 3732 3075 3774 etc.
3113 3740 3158 3774 a.
3189 3721 3323 3774 1865
3358 3721 3597 3774 delatum.

747 3810 937 3861 Citatur
983 3809 1034 3860 in
1070 3809 1354 3861 Inventsrio
1390 3809 1577 3860 archivi
1614 3810 1955 3862 cracoviensis
1990 3829 2041 3877 p.
2061 3809 2155 3861 85:
2198 3811 2484 3877 „Eugenius
2518 3827 2655 3878 papa
2684 3810 2755 3862 IV
2792 3811 3053 3863 confirmat
3085 3811 3195 3862 iura
3228 3811 3595 3863 cruciferorum.

744 3898 931 3950 Datum
953 3897 1255 3961 Florentiae,
1289 3899 1322 3950 5
1348 3897 1461 3949 idus
1483 3898 1623 3961 iunii,
1654 3917 1786 3951 anno
1815 3898 2002 3952 1442‘2
2054 3899 2433 3951 Transsumtum
2468 3899 2517 3952 d.
2537 3899 2587 3950 d.
2610 3898 2945 3967 Riesenburgi
2976 3900 3111 3952 1445
3134 3899 3308 3953 novbr.
3329 3898 3393 3952 17
3420 3908 3593 3952 aucto-

744 3987 892 4038 ritate
929 3994 982 4037 et
1015 3987 1108 4038 sub
1145 3986 1308 4053 sigillo
1345 3987 1555 4054 Caspari
1590 3987 1812 4054 episcopi
1847 3987 2253 4040 Pomezaniensis
2286 3987 2474 4040 factum
2508 3997 2673 4041 exstat
2706 3988 2907 4040 ibidem.
3440 3994 3445 4012 ¹

753 4245 925 4316 721.
966 4247 1145 4315 1447
1191 4247 1418 4335 aprilis
1460 4247 1552 4312 27
1601 4248 1860 4314 Romae.
1937 4247 2247 4314 Nicolaus
2294 4247 2353 4314 V
2390 4249 2737 4336 privile-qia
2778 4249 3055 4315 Martini
3096 4247 3159 4314 V
3203 4247 3595 4336 aliorumque

969 4355 1323 4440 confimat,
1373 4354 1597 4441 quibus
1645 4357 1800 4421 ordo
1855 4353 2270 4422 Theutoniom
2314 4381 2358 4422 a
2400 4358 2656 4422 decimes
2702 4369 2759 4422 et
2800 4357 3096 4422 subsidiis
3142 4359 3453 4422 eximitur.

971 4497 1267 4564 Nicolaus
1327 4501 1442 4563 etc.
1623 4495 1766 4563 Etsi
1818 4495 2137 4564 Romanus
2199 4497 2484 4584 pontifex
2540 4533 2623 4544 -—
2684 4497 2927 4565 censeri
2983 4496 3209 4564 debere
3262 4498 3589 4564 immunes.

748 4604 980 4672 Datum
1029 4603 1225 4671 Rome
1285 4603 1452 4690 apud
1509 4624 1560 4669 s.
1592 4603 1848 4670 Petrum
1903 4623 2067 4671 anno
2112 4603 2562 4672 incarnationis
2608 4604 2939 4672 millesimo
2982 4603 3593 4689 quadringentesimo

751 4711 1230 4799 quadragesimo
1277 4711 1567 4798 septimo,
1615 4710 1832 4796 quinto
1878 4711 2004 4778 kal.
2037 4711 2191 4778 maii
2234 4711 2633 4798 pontificatus
2676 4711 2877 4778 nostri
2920 4731 3083 4778 anno
3126 4712 3351 4799 primo.

959 4843 1218 4910 originale
1253 4859 1364 4895 cum
1397 4843 1551 4905 bulla,
1589 4843 1839 4915 quondam
1875 4861 1936 4895 ex
1974 4843 2175 4896 archivo
2198 4843 2513 4897 cracoviensi
2537 4844 2848 4915 Varsoyiam,
2882 4843 3001 4896 inde
3034 4843 3325 4897 Beroliuum
3356 4843 3595 4908 deluam,

745 4932 866 4985 inde
902 4935 966 4984 ab
1002 4950 1135 4986 anno
1177 4931 1309 4984 1865
1345 4933 1398 4986 in
1433 4932 1800 5000 Regimontano
1836 4941 2137 4986 asservatur.
