3892 5609
692 363 844 436 438
1661 372 2081 421 Pou‘rmcum
2126 372 2569 420 aomanorum

689 535 908 616 fertur,
954 533 1051 599 ius
1098 531 1380 600 obtinent
1423 537 1812 619 patronatus,
1859 532 2149 600 vacantia
2192 539 2255 598 et
2298 534 2705 620 imposterum
2742 538 3041 599 vacatura
3070 533 3367 598 duxerint
3396 553 3543 618 pre·

692 641 1050 723 sentandaS,
1099 647 1288 726 prout
1333 641 1412 706 ad
1458 661 1562 706 eos
1610 642 2026 706 communiter
2071 639 2169 705 vel
2215 641 2467 707 divisim
2501 641 2894 727 pertinuerit,
2942 641 3247 724 legittimo
3278 640 3545 725 impedi·

693 753 902 814 mento
950 753 1231 814 cessante
1275 768 1432 834 pure
1478 752 1542 813 et
1582 746 1780 813 libere
1828 753 1892 813 et
1937 747 2173 832 absque
2218 748 2429 832 aliqua
2473 749 2797 814 exactione
2826 747 3183 813 huiusmodi
3212 747 3547 814 admittere

693 861 757 921 et
810 855 878 920 in
935 854 1271 920 eorundem
1288 904 1307 938 ,
1368 854 1449 919 ad
1507 874 1625 938 que
1684 855 1774 919 sic
1827 859 2184 940 presentate
2228 855 2492 938 fuerint,
2550 854 2947 921 ecclesiarum
2996 859 3062 920 et
3103 854 3545 921 beneficiorum

693 967 964 1029 rectores
1009 962 1336 1028 instituere
1382 967 1718 1048 procurent
1762 966 1826 1027 et
1870 960 2331 1046 nichilominuS,
2379 963 2433 1028 si
2479 982 2615 1027 cum
2664 962 2877 1028 debita
2920 963 3231 1028 instancia
3258 962 3551 1046 requisiti

693 1069 760 1135 id
803 1069 970 1135 infra
1014 1087 1290 1136 mensem
1340 1088 1376 1133 a
1419 1073 1706 1154 tempore
1750 1069 2185 1153 requisicionis
2232 1069 2588 1136 huiusmodi
2632 1068 2999 1135 racionabili
3044 1089 3237 1135 causa
3264 1077 3550 1134 cessante

691 1177 896 1242 facere
940 1176 1370 1242 recusaverint
1413 1174 1513 1240 vel
1541 1175 1922 1259 distulerint,
1973 1180 2201 1242 extunc
2230 1181 2699 1243 conservatores
2731 1176 2963 1242 eisdem
2994 1176 3297 1259 magistro
3332 1183 3397 1242 et
3423 1177 3549 1240 fra-

691 1281 892 1349 tribus
950 1288 1166 1349 contra
1221 1282 1558 1348 inferentes
1620 1284 1708 1348 eis
1765 1283 1829 1347 in
1875 1282 2055 1349 bonis
2102 1290 2211 1349 aut
2253 1283 2439 1349 rebus
2488 1283 2585 1348 vel
2629 1285 2913 1369 personis
2957 1283 3241 1369 ipsorum
3284 1284 3549 1350 iniurias

692 1389 793 1455 vel
837 1389 1110 1456 iacturas
1157 1411 1195 1456 a
1239 1389 1385 1456 sede
1431 1373 1715 1475 predicta
1759 1390 2042 1476 deputati
2090 1389 2189 1456 vel
2234 1390 2575 1477 deputandi
2622 1395 2731 1455 aut
2764 1410 2925 1455 unus
2956 1411 3169 1456 eorum
3202 1411 3321 1476 per
3352 1411 3419 1456 se
3452 1389 3549 1456 vel

695 1496 852 1562 alios
909 1496 1265 1563 huiusmodi
1319 1498 1410 1563 sic
1465 1501 1856 1582 presentatas
1904 1517 2206 1582 personas
2252 1517 2328 1563 ea
2372 1498 2505 1563 vice
2554 1498 2923 1563 auctoritate
2967 1499 3369 1583 presencium
3412 1497 3549 1564 loco

697 1602 1052 1669 huiusmodi
1104 1604 1596 1685 ordinariorum,
1653 1603 1708 1667 si
1755 1601 1925 1668 aliud
1972 1604 2337 1670 canonicum
2382 1624 2509 1669 non
2556 1603 2852 1687 obsistat,
2910 1603 3251 1670 admittant
3292 1605 3397 1670 vel
3442 1605 3549 1669 ad-

695 1711 908 1776 mittat
962 1729 1036 1776 ac
1089 1711 1426 1777 instituant
1481 1709 1580 1776 vel
1638 1709 1949 1775 instituat.
2043 1709 2279 1787 Quibus
2342 1711 2591 1796 quidem
2638 1713 3175 1778 conservatoribus
3222 1718 3287 1776 et
3334 1732 3549 1776 eorum

695 1815 951 1882 cuilibet
995 1817 1191 1883 eciam
1239 1819 1634 1903 presencium
1677 1821 1893 1882 tenore
1937 1817 2318 1903 precipimus
2366 1824 2431 1884 et
2470 1817 2843 1883 mandamus
2892 1818 3007 1883 sub
3052 1819 3413 1885 huiusmodi
3442 1840 3549 1884 ex-

695 1924 1285 1990 communicacionis
1327 1944 1510 2012 pena,
1559 1943 1768 2007 quam,
1814 1929 1884 1988 ut
1915 1902 2289 2010 premissum
2324 1929 2437 2008 est,
2484 1925 2866 1990 contrarium
2896 1925 3195 1990 facientes
3222 1927 3555 1991 incurrant

693 2031 833 2117 ipso
883 2030 1080 2114 facto,
1129 2036 1198 2095 ut
1245 2031 1324 2096 ad
1367 2031 1847 2114 requisicionem
1893 2033 2181 2114 magistri
2227 2037 2291 2098 et
2332 2033 2595 2098 fratrum
2644 2032 3065 2117 predictorum
3112 2032 3249 2098 loco
3296 2033 3551 2098 ordina-

693 2138 930 2204 riorum
979 2136 1333 2202 huiusmodi
1377 2138 1443 2201 in
1488 2143 1760 2204 rectores
1807 2138 2211 2204 ecclesiarum
2256 2143 2320 2204 et
2351 2139 2614 2205 aliorum
2649 2137 3089 2204 beneficiorum
3118 2139 3547 2224 predictorum

693 2243 1050 2310 huiusmodi
1095 2243 1185 2308 eis
1231 2249 1622 2328 presentatas
1669 2266 1991 2331 personas,
2036 2251 2109 2312 ut
2137 2247 2468 2333 prefertur,
2516 2245 2851 2311 instituant
2878 2266 2995 2312 nec
3022 2266 3185 2311 uuus
3216 2266 3551 2312 conserva-

696 2356 900 2419 torum
949 2352 1230 2437 ipsorum
1277 2370 1466 2436 super
1509 2351 1627 2418 hoc
1671 2353 2009 2436 requisitus
2054 2373 2168 2438 per
2200 2353 2389 2418 alium
2438 2373 2508 2420 se
2552 2358 2808 2419 excuset
2842 2353 2941 2418 vel
2972 2358 3279 2439 expectet,
3312 2358 3377 2418 et
3404 2353 3551 2435 alia,

697 2478 817 2544 que
861 2459 1030 2524 circa
1074 2458 1188 2524 hec
1231 2459 1585 2526 necessaria
1629 2459 1883 2542 fuerint,
1931 2460 2159 2544 exequi
2204 2480 2329 2526 non
2377 2461 2690 2544 omittant,
2736 2461 3235 2526 contradiccione
3272 2460 3553 2544 qualibet

699 2571 766 2633 et
816 2565 1372 2632 constitucionibus
1419 2566 1778 2653 apostolicis
1823 2586 2063 2634 necnon
2110 2567 2362 2633 statutis
2410 2571 2473 2632 et
2516 2569 3065 2634 consuetudinibus
3108 2574 3173 2634 et
3217 2567 3359 2632 aliis
3404 2587 3553 2633 con-

695 2673 910 2739 trariis
966 2692 1094 2738 non
1151 2672 1541 2740 obstantibus
1599 2673 2088 2759 quibuscunque.
2179 2674 2307 2740 Nos
2362 2675 2529 2740 enim
2576 2695 2821 2741 exnunc
2863 2675 3114 2741 irritum
3160 2674 3553 2741 decernimus

700 2786 764 2848 et
807 2781 1014 2865 inane,
1071 2779 1125 2845 si
1171 2799 1348 2846 secus
1395 2801 1584 2868 super
1628 2781 1750 2846 hiis
1797 2801 1836 2846 a
1880 2801 2191 2867 quoquam
2240 2781 2458 2866 quavis
2505 2783 2873 2848 auctoritate
2920 2783 3188 2849 scienter
3232 2782 3333 2848 vel
3376 2783 3553 2865 igno-

699 2892 914 2955 ranter
959 2887 1290 2971 contigerit
1336 2889 1723 2974 attemptari.
1792 2888 1963 2954 Nulli
2012 2909 2157 2972 ergo
2204 2889 2457 2954 omnino
2499 2888 2820 2954 hominum
2852 2889 3040 2956 liceat
3064 2889 3226 2954 hanc
3257 2890 3553 2975 paginam

699 3001 914 3062 nostre
957 2995 1427 3062 constitucionis
1471 2995 1814 3079 infringere
1857 2996 1958 3062 vel
2004 2997 2061 3062 ei
2107 3015 2261 3061 ausu
2305 2995 2638 3062 temerario
2670 2997 2999 3062 contraire.
3070 2997 3141 3062 Si
3170 2997 3309 3080 quis
3342 3005 3553 3062 autem

702 3101 820 3169 hoc
864 3106 1245 3188 attemptare
1273 3103 1746 3189 presumpserit,
1793 3103 2295 3186 indignacionem
2328 3103 2773 3188 omnipotentis
2805 3105 2904 3170 dei
2937 3109 2999 3170 et
3030 3105 3353 3170 beatorum
3384 3102 3553 3168 Petri

703 3214 769 3277 et
811 3208 992 3275 Pauli
1034 3209 1458 3296 apostolorum
1505 3211 1638 3276 eius
1686 3230 1752 3275 se
1795 3211 2043 3275 noverit
2087 3210 2501 3276 incursurum.
2572 3209 2805 3276 Datum
2838 3211 3031 3278 Rome
3072 3211 3239 3298 apud
3269 3215 3553 3276 sanctum

703 3315 960 3383 Petrum
1007 3338 1048 3381 v
1091 3316 1233 3382 idus
1277 3317 1430 3383 maii
1475 3316 1876 3403 pontificatus
1923 3318 2121 3382 nostri
2168 3337 2331 3382 anno
2376 3318 2663 3402 septime.

914 3455 1004 3518 IV,
1030 3456 1150 3507 221.
1335 3457 1378 3506 1.
1417 3455 1569 3507 fidem
1606 3456 1694 3508 IV.
1837 3457 1887 3508 2.
1923 3457 2173 3507 recusauit
2208 3457 2294 3507 IV.

712 3703 886 3777 693.
927 3708 1104 3774 1396
1149 3711 1308 3774 maii
1343 3709 1418 3774 11
1469 3707 1708 3773 Romae
1749 3710 1924 3795 apud
1952 3731 2003 3772 s.
2029 3708 2305 3773 Pet-rum.
2380 3709 2753 3792 Bonifacius
2786 3709 2891 3774 IX
2933 3709 3150 3773 ordini
3184 3708 3556 3774 Theutonico

931 3816 1252 3898 confirmat
1295 3818 1553 3880 uniones
1595 3817 2061 3902 parochialium
2106 3815 2502 3880 ecclesiarum
2547 3817 2829 3880 domibus
2875 3819 3005 3880 eius
3032 3817 3274 3900 factas.

928 3955 1287 4023 Bonifacius
1342 3957 1670 4042 episcopus
1717 3977 1932 4023 servus
1980 3977 2301 4023 servorum
2349 3957 2449 4023 dei
2497 3957 2577 4022 ad
2620 3963 2991 4043 perpetuam
3036 3959 3127 4022 rei
3172 3960 3557 4024 memoriam.

712 4063 892 4130 Sedis
951 4063 1291 4150 apostolice
1344 4063 1748 4150 providencia
1793 4065 2243 4150 circumspecta
2288 4084 2586 4150 personas
2633 4065 2749 4130 sub
2794 4064 3113 4147 religionis
3159 4065 3565 4131 observancia

710 4177 1004 4238 vacantes
1056 4171 1304 4237 assiduo
1353 4170 1560 4236 studio
1604 4171 1708 4257 pie
1753 4173 1881 4237 vite
1928 4172 2197 4254 benigno
2242 4171 2455 4237 favore
2499 4172 2899 4257 prosequitur
2944 4177 3036 4254 et,
3094 4191 3216 4256 que
3260 4193 3374 4258 pro
3422 4193 3561 4256 per-

712 4298 1006 4344 sonarum
1051 4279 1332 4364 ipsarum
1379 4297 1452 4343 ac
1496 4278 1774 4345 locorum
1821 4283 1884 4344 et
1927 4277 2310 4364 prelatorum
2357 4298 2609 4344 suorum
2658 4277 2947 4345 oneribus
2994 4285 3058 4344 et
3087 4279 3563 4345 necessitatibus

713 4386 1156 4472 supportandis
1203 4384 1466 4471 provida
1511 4384 1965 4451 deliberacione
2008 4384 2186 4468 fiunt,
2242 4387 2565 4452 consuevit
2608 4385 2948 4471 apostolico
2994 4386 3339 4451 munimine
3380 4386 3563 4452 robo-

712 4513 874 4560 rare.
965 4491 1267 4559 Exhibita
1324 4492 1631 4577 siquidem
1688 4492 1867 4559 nobis
1919 4513 2121 4579 nuper
2167 4513 2280 4578 pro
2326 4499 2507 4578 parte
2552 4493 2917 4558 dilectorum
2964 4491 3233 4559 filiorum
3279 4495 3563 4577 magistri

716 4604 780 4666 et
831 4601 1099 4666 fratrum
1155 4599 1482 4687 hospitalis
1539 4599 1720 4666 beate
1777 4598 1973 4665 Marie
2020 4599 2540 4664 Theotonicorum
2600 4598 3079 4666 Ierosolimitani
3134 4600 3361 4685 peticio
3418 4620 3563 4666 con·

715 4706 975 4789 tinebat,
1020 4705 1186 4790 quod
1233 4705 1381 4773 olim
1427 4705 1711 4772 nonnulli
1748 4705 1888 4771 dive
1919 4707 2220 4773 memorie
2251 4708 2659 4791 imperatores
2689 4707 2956 4773 Romani
2987 4727 3059 4773 ac
3089 4725 3267 4789 reges
3298 4713 3361 4773 et
3388 4707 3562 4793 prin·

717 4815 909 4900 cipes,
959 4813 1166 4897 ducere,
1213 4815 1492 4897 comites,
1539 4813 1802 4880 barones
1851 4818 1914 4878 et
1959 4813 2189 4879 milites
2236 4813 2479 4896 alieque
2518 4813 2771 4879 laicales
2803 4833 3066 4899 persone
3098 4813 3207 4899 pia
3234 4815 3567 4880 devocione

720 4921 891 4987 ducti
946 4921 1088 4986 iura
1143 4927 1542 5007 patronatus,
1599 4940 1720 5004 que
1774 4919 1841 4985 in
1895 4921 2082 4986 certis
2128 4919 2619 5006 parrochialibus
2666 4920 2943 4986 ecclesiis
2988 4927 3139 4986 tunc
3184 4919 3565 5004 obtinebant,

719 5048 834 5120 pro
878 5028 1250 5095 fundacione
1295 5027 1681 5113 quarundam
1728 5026 2053 5094 domorum
2098 5027 2165 5093 in
2213 5026 2476 5094 diversis
2520 5027 2868 5095 diocesibus
2898 5028 3379 5095 consistencium
3418 5027 3569 5094 dicti
