3892 5609
671 270 712 341 3
727 271 762 341 1
777 270 818 339 2
1640 280 2065 329 Pomm-mmet
2110 250 2549 329 nomuormir

667 462 776 507 vos
823 439 924 507 vel
972 460 1080 507 vos
1123 445 1344 507 contra
1387 439 1542 506 alios
1589 440 1914 524 exercetis,
1974 424 2148 507 vobis
2192 440 2552 526 ftequenter
2596 439 3034 507 intercluditur
3082 438 3545 527 appellationis

667 548 991 633 auxilium,
1040 547 1322 632 quamvis
1367 547 1526 613 illud
1569 549 1636 613 in
1681 548 2140 617 commissionis
2184 547 2413 615 litteris
2443 548 2618 617 vobis
2648 548 2909 615 minime
2938 548 3299 632 denegetur.
3367 546 3547 614 Cum

667 657 880 740 itaque
924 655 1101 721 vobis
1144 676 1274 721 non
1321 654 1544 722 debeat
1588 655 1891 739 subtrahi,
1944 656 2110 741 quod
2156 656 2570 723 communiter
2600 656 2960 723 conceditur
3004 656 3340 740 univer-sie,
3384 676 3549 741 pre—

669 763 949 831 sentibus
1019 762 1196 829 vobis
1251 762 1480 829 litteris
1537 762 1831 829 duximus
1886 762 2334 847 indulgendum
2349 813 2367 847 ,
2425 767 2497 829 ut
2548 763 2618 830 in
2661 784 3051 850 quacumque
3106 782 3301 829 causa
3346 762 3453 829 vel
3506 782 3552 827 a

617 944 622 948 ,
670 890 1037 956 quocunque
1082 870 1288 936 iudice
1331 869 1526 937 libere
1573 870 1748 937 vobis
1792 870 1981 937 liceat
2010 892 2047 937 a
2082 871 2432 937 manifestis
2476 870 2942 954 gravaminibus
2988 870 3069 937 ad
3115 870 3331 937 sedem
3378 888 3551 955 apo-

671 978 952 1045 stolicam
994 977 1332 1064 appellare,
1391 978 1514 1043 nisi
1563 978 1777 1045 forsan
1820 978 1967 1045 talis
2014 979 2098 1044 sit
2142 998 2349 1063 causa,
2397 998 2517 1064 que
2561 976 3047 1064 appellationem
3092 998 3221 1043 non
3262 978 3555 1063 recipiat

673 1086 772 1153 vel
816 1087 884 1151 in
930 1086 1388 1164 commissionis
1433 1085 1660 1152 litteris
1708 1086 2149 1173 appellationis
2190 1085 2539 1153 remedium
2594 1085 2787 1152 fuerit
2829 1084 3222 1170 denegatum.
3291 1083 3551 1151 Datum

669 1192 970 1261 Laterani
1014 1212 1157 1259 non.
1205 1192 1506 1260 februarii
1551 1192 1951 1279 pontificatus
1996 1194 2197 1260 nostri
2242 1214 2404 1261 anno
2448 1214 2507 1259 v.
2604 1248 2613 1257 ,

883 1334 1006 1401 Sine
1041 1334 1186 1385 dato:
1223 1334 1290 1395 Π,
1319 1333 1478 1407 lossv.
1516 1352 1564 1386 ιι.
1591 1332 1660 1385 57
1672 1352 1687 1396 3
1726 1334 1789 1387 A.
1815 1329 1885 1385 20
1922 1351 1971 1386 n.
1997 1334 2065 1385 55
2102 1334 2281 1385 Latine
2306 1343 2359 1385 et
2382 1332 2679 1407 Germanice
2690 1350 2705 1394 ς
2740 1332 2807 1383 D.
2830 1330 2916 1384 57.
2946 1361 3007 1369 -
3048 1332 3173 1383 Cum
3196 1332 3343 1384 dato:
3380 1330 3547 1383 Res

673 1422 805 1475 inter
830 1421 1339 1489 Mergenthemensia.
1385 1440 1435 1474 ιι.
1461 1423 1512 1473 3.

683 1759 857 1832 353.
896 1763 1071 1830 1221
1100 1763 1432 1849 februarii
1471 1764 1515 1828 5
1565 1762 1883 1827 Laterani.
1954 1761 2278 1827 Honorius
2319 1760 2367 1826 I
2360 1760 2405 1826 I
2398 1760 2445 1826 I
2472 1774 2637 1827 vetat
2683 1763 2925 1828 ordinis
2970 1760 3344 1828 Theutonici
3384 1784 3546 1848 apo-

897 1882 1090 1935 statae
1101 1870 1341 1955 foveri.
1464 1901 1474 1910 ·

897 2011 1210 2078 Honorius
1256 2010 1587 2095 episcopus
1631 2029 1848 2076 servus
1895 2030 2219 2077 servorum
2264 2008 2365 2075 dei
2394 2008 2853 2076 venerabilibus
2894 2008 3197 2075 fratribus
3228 2008 3547 2095 archiepi-

677 2118 884 2205 scopis
930 2123 995 2185 et
1039 2118 1349 2204 episcopis
1397 2121 1460 2183 et
1505 2116 1747 2183 dilectis
1791 2116 1937 2182 filiis
1984 2116 2333 2201 abbatibus,
2383 2116 2715 2203 prioribus,
2764 2116 3237 2200 archidiaconis,
3288 2116 3543 2183 decanis

562 2279 573 2285 -
679 2236 743 2292 et
786 2225 926 2291 aliis
971 2225 1376 2291 ecclesiarum
1423 2222 1704 2310 prelatis,
1752 2224 1834 2289 ad
1878 2244 2034 2308 quos
2078 2223 2288 2290 littere
2335 2224 2453 2289 iste
2498 2224 2917 2309 pervenerint,
2962 2222 3233 2289 salutem
3278 2227 3346 2289 et
3390 2243 3545 2310 apo-

677 2332 964 2399 stolicam
1031 2332 1545 2399 benedictionem.
1786 2329 1984 2409 Quam
2039 2330 2442 2397 laudabiliter
2495 2330 2707 2397 dilecti
2758 2329 2874 2395 filii
2926 2331 3153 2397 fratres
3206 2330 3545 2417 hospitalis

679 2444 893 2506 sancte
937 2438 1135 2505 Marie
1178 2438 1697 2505 Theotonicorum
1744 2438 2221 2505 Ierosolimitani
2281 2458 2395 2524 per
2438 2458 2632 2524 opera
2691 2438 2943 2523 pietatis
3000 2437 3267 2503 servicio
3327 2439 3547 2504 condi·

679 2547 837 2612 toris
867 2546 1239 2612 immineant
1283 2551 1346 2611 et
1390 2550 1542 2629 quot
1586 2546 1664 2613 de
1708 2546 2118 2612 subventione
2161 2536 2441 2631 ipsorum
2484 2543 2721 2611 infirmi
2751 2551 2815 2611 et
2843 2565 3151 2632 pauperes
3182 2552 3548 2612 sustenten-

681 2657 819 2736 tur,
878 2653 1224 2735 neminem,
1282 2653 1391 2737 qui
1445 2653 1790 2719 christiana
1843 2652 1982 2737 lege
2039 2657 2361 2736 censetur,
2416 2651 2687 2735 utilitas,
2744 2672 2865 2737 que
2916 2652 2995 2719 de
3040 2653 3337 2739 operibus
3384 2653 3547 2740 ipsis

682 2760 992 2847 provenit,
1038 2759 1276 2845 patitur
1320 2760 1630 2843 ignorare.
1711 2758 1876 2825 Sane
1905 2760 2429 2845 conquerentibus
2474 2760 2631 2844 ipsis
2662 2761 3037 2846 accepimus,
3082 2760 3251 2846 quod
3282 2760 3547 2846 quidam

681 2868 909 2934 fratres
967 2866 1249 2952 ipsorum
1310 2865 1521 2952 sepius
1577 2866 1655 2933 de
1710 2867 1999 2934 domibus
2054 2868 2328 2953 propriis
2384 2872 2683 2933 exeuntes
2736 2872 2957 2933 contra
3012 2868 3349 2951 magistros
3396 2888 3547 2934 suos

684 2972 1072 3061 dampnabili
1125 2972 1464 3040 rebellione
1520 2972 1831 3039 ducuntur
1888 2978 1951 3039 et
1995 2975 2063 3039 in
2116 2974 2233 3040 hoc
2277 2970 2635 3058 frequenter
2680 2995 2717 3040 a
2777 2974 2930 3040 viris
2988 2973 3429 3042 ecclesiasticis
3484 2980 3553 3041 et

683 3079 1067 3149 secularibus
1111 3080 1517 3163 roborantur;
1575 3080 1832 3165 quidam
1890 3081 2089 3147 eciam
2148 3080 2226 3147 ab
2272 3082 2427 3167 ipsis
2486 3080 2783 3147 fratribus
2842 3083 3174 3169 pecuniam
3226 3082 3553 3168 recipiunt

684 3195 898 3276 preter
941 3188 1397 3254 conscienciam
1442 3188 1708 3254 aliorum
1754 3208 2015 3273 eamque
2058 3189 2128 3254 in
2172 3188 2585 3273 preiudicium
2630 3188 2961 3275 hospitalis
2992 3189 3273 3256 detinent
3302 3193 3369 3255 et
3401 3189 3551 3255 red-

686 3297 833 3363 dere
889 3295 1323 3362 contradicunt
1378 3295 1764 3382 depositores
1819 3296 2019 3381 ipsius
2072 3296 2139 3361 in
2194 3316 2309 3361 sua
2362 3295 2613 3362 malicia
2664 3295 3087 3363 defendentes.
3179 3295 3341 3375 Quia
3394 3317 3548 3363 vero

685 3409 817 3470 tam
862 3422 1084 3485 graves
1129 3402 1392 3468 iniurias
1437 3402 1860 3488 predictorum
1903 3402 2172 3469 fratrum
2219 3404 2527 3469 sustinere
2570 3422 2687 3469 nec
2729 3403 3017 3469 volumus
3061 3422 3177 3470 nec
3222 3402 3547 3490 debemus,

686 3510 1082 3577 universitati
1112 3518 1318 3576 vestre
1355 3530 1473 3596 per
1512 3508 1854 3595 apostolica
1898 3512 2135 3596 scripta
2172 3509 2545 3576 mandamus
2588 3516 2775 3596 atque
2812 3511 3215 3597 precipimus,
3246 3512 3549 3596 quatinus

685 3618 998 3687 neminem
1057 3616 1478 3703 predictorum
1533 3618 1800 3683 fratrum
1860 3618 2191 3703 quisquam
2238 3622 2513 3684 vestrum
2562 3624 2886 3704 presumat
2929 3618 3261 3687 defendere
3306 3618 3411 3685 vel
3453 3619 3549 3686 eis

688 3724 755 3790 in
800 3724 1138 3791 rebellione
1185 3744 1300 3791 sua
1343 3730 1408 3791 et
1451 3726 1843 3791 contumacia
1886 3725 2167 3792 favorem
2212 3725 2482 3811 aliquem
2530 3725 3013 3811 dampnabiliter
3060 3726 3375 3810 exhibere,
3429 3746 3550 3795 nec

689 3832 1019 3918 pecuniam
1066 3852 1104 3897 a
1163 3852 1476 3918 quoquam
1531 3832 1798 3897 fratrum
1855 3832 2122 3918 recipiat
2171 3831 2270 3897 vel
2330 3838 2646 3918 receptam
2704 3834 3001 3917 retineat,
3057 3834 3181 3899 nisi
3239 3834 3298 3901 ei
3356 3836 3551 3901 fuerit

692 3939 772 4005 de
833 3939 1150 4006 communi
1194 3939 1458 4004 fratrum
1517 3938 1775 4005 consilio
1831 3939 2284 4006 commendata.
2356 3938 2425 4005 Si
2469 3959 2617 4005 vero
2664 3939 2912 4025 aliquis,
2966 3940 3131 4025 quod
3173 3962 3301 4007 non
3346 3942 3549 4009 credi·

689 4066 865 4130 muS,
925 4051 1145 4113 contra
1198 4046 1382 4112 huius
1430 4046 1771 4133 apostolice
1813 4046 2108 4113 iussionis
2154 4052 2433 4113 tenorem
2479 4046 2710 4114 venire
2738 4048 3161 4134 temptaverit,
3202 4048 3328 4115 nisi
3378 4069 3549 4116 com-

693 4156 968 4221 monitus
1015 4155 1182 4220 infra
1224 4154 1449 4237 viginti
1467 4210 1472 4217 .
1493 4155 1628 4221 dies
1675 4174 1952 4220 errorem
2010 4174 2187 4220 suam
2234 4154 2444 4221 debita
2489 4155 2917 4222 satisfactione
2970 4156 3347 4239 correxerit,
3402 4176 3543 4223 eum

691 4282 888 4347 usque
944 4261 1024 4328 ad
1091 4261 1587 4328 satisfaccionem
1654 4280 1992 4345 congruam
2060 4262 2687 4328 excommunicationi
2757 4262 3147 4328 decernimus
3203 4262 3543 4331 subiacere.

690 4368 928 4436 Datum
971 4367 1269 4436 Laterani
1313 4388 1458 4434 non.
1490 4367 1791 4435 februarii
1835 4366 2234 4455 pontificatus
2280 4370 2481 4435 nostri
2524 4390 2688 4436 anno
2734 4391 2792 4436 v.

903 4508 1023 4561 Sine
1059 4510 1205 4561 dato:
1252 4510 1327 4574 11,
1358 4510 1452 4561 111
1499 4528 1548 4561 n.
1575 4510 1643 4561 69
1654 4528 1670 4570 ;
1718 4510 1782 4560 A.
1808 4510 1878 4560 20
1923 4526 1973 4559 ιι.
2000 4508 2067 4562 67
2113 4509 2293 4561 Latine
2340 4520 2393 4561 et
2428 4511 2751 4573 Germani003
2798 4510 2861 4561 R.
2888 4509 2955 4561 55
2992 4509 3122 4560 inter
3157 4508 3545 4576 Ratisponeusia

691 4616 742 4650 n.
769 4598 828 4661 75
865 4598 928 4649 D.
955 4599 1038 4650 69.
1071 4629 1130 4637 —-
1173 4600 1296 4650 Cum
1333 4600 1476 4651 dato:
1514 4599 1604 4659 IV,
1633 4596 1734 4649 187
1747 4615 1794 4649 v.
1829 4616 1880 4649 n.
1906 4598 1987 4649 19.
2042 4598 2315 4665 originale,
2354 4614 2465 4649 cum
2488 4598 2627 4650 bulla
2648 4600 2699 4651 in
2720 4599 2819 4650 filis
2844 4599 3047 4650 sericeis
3072 4598 3345 4665 pendente,
3372 4616 3541 4665 quon-

694 4688 810 4739 dam
844 4686 1216 4754 Mergenthemi
1249 4705 1384 4739 nunc
1407 4688 1738 4740 vindobonae
1773 4688 1824 4739 in
1859 4687 2061 4740 archivo
2098 4688 2286 4739 ordinis
2322 4687 2633 4739 Theutonici.
