3892 5609
1324 357 1767 412 anamma,
1836 343 2151 408 0011111110
3029 349 3174 421 165
3237 309 3242 325 ¹

312 541 499 587 veros
531 521 841 587 dictarum
870 525 1181 586 terrarum
1227 519 1545 607 principes
1582 523 1729 586 sunt
1759 519 1977 604 dotati,
2024 520 2238 604 illesos⁴
2281 525 2583 608 perpetuo
2615 523 2993 605 conservari,
3039 523 3180 587 uni-

313 629 517 694 versis
563 634 627 694 et
684 627 946 710 singulis
994 627 1169 693 vobis
1216 627 1332 694 sub
1379 628 1640 694 obtentu
1684 627 1894 711 gracie
1950 635 2165 695 nostre
2210 629 2490 696 districte
2544 629 2947 714 precipiendo
3001 649 3180 696 man-

311 736 563 820 damus,
611 740 917 820 quatenus
963 736 1216 800 eosdem
1260 735 1328 799 in
1357 735 1619 820 prefatis
1650 737 1900 820 graciis,
1947 736 2342 802 libertatibus
2375 741 2438 802 et
2465 735 2706 802 iuribus
2750 735 3180 802 favorabiliter

309 843 719 909 confoventes
762 841 953 910 nullis
996 841 1171 928 ipsos
1216 841 1282 906 in
1329 841 1453 908 illis
1511 843 2062 928 perturbacionum
2107 843 2518 910 incommodis
2567 841 2728 908 affici
2774 844 3175 929 permittatis

310 949 387 1016 Si
436 950 575 1034 quis
622 955 831 1016 autem
876 949 995 1014 hoc
1025 954 1239 1015 nostre
1283 948 1632 1016 maiestatis
1680 949 1881 1016 edicto
1912 955 2150 1017 temere
2181 950 2487 1036 vilipenso
2535 950 2873 1017 eorundem
2909 951 3180 1017 fratrum

304 1057 557 1122 iuribus
612 1057 803 1123 fuerit
858 1055 1127 1122 iniurius
1192 1061 1301 1121 aut
1365 1055 1704 1124 honoribus
1759 1053 2175 1141 inhonorius¹,
2233 1079 2491 1142 gravem
2557 1063 2771 1124 nostre
2831 1059 3178 1150 maiestatis

307 1163 617 1243 offensam
664 1184 730 1229 se
774 1164 1023 1230 noverit
1077 1165 1491 1229 incursurum.
1572 1161 1645 1229 In
1698 1163 1873 1230 cuius
1918 1165 2012 1230 rei
2070 1166 2500 1232 testimonium
2554 1185 2814 1251 presens
2873 1167 3178 1252 scriptum

304 1270 665 1337 maiestatis
709 1277 923 1338 nostre
968 1270 1173 1354 sigillo
1220 1271 1513 1337 duximus
1558 1271 1999 1339 roborandum.
2087 1271 2325 1338 Datum
2358 1271 2622 1340 Wienne
2667 1273 2792 1340 kal.
2826 1273 3039 1341 martii
3081 1275 3180 1340 in-

304 1378 591 1445 dictione
634 1379 721 1444 vi·
769 1398 931 1445 anno
979 1389 1069 1444 m⁰
1100 1387 1193 1444 cc⁰
1225 1379 1363 1444 lxx⁰
1392 1377 1505 1452 vii⁰
1550 1379 1730 1462 regni
1773 1399 1922 1446 vero
1970 1379 2170 1445 nostri
2216 1399 2378 1445 anno
2427 1381 2662 1465 quinto.

526 1501 615 1563 VI,
652 1501 756 1553 357
772 1520 817 1553 v.
834 1540 849 1564 ,
896 1502 1033 1553 unde
1078 1502 1198 1552 citat
1234 1499 1484 1552 Boehmer
1520 1517 1626 1566 reg.
1651 1501 1785 1553 Rud.
1820 1519 1872 1552 n.
1898 1501 2020 1553 337.
2085 1501 2308 1552 Titulus:
2356 1501 2592 1568 Sequitur
2627 1513 2772 1554 tenor
2807 1503 2950 1554 litere
2993 1504 3181 1555 domini

304 1591 522 1644 Rudolfl
556 1593 691 1658 regis
714 1591 1051 1644 Romanorum
1078 1591 1241 1658 sigillo
1280 1607 1369 1642 suo
1398 1590 1537 1655 regio
1574 1590 1625 1640 in
1662 1590 1891 1656 pressula
1926 1592 2222 1658 pergameni
2256 1593 2578 1658 appendente
2615 1592 2832 1658 sigillato
2867 1609 3020 1660 super
3055 1609 3176 1644 eon-

310 1681 611 1733 servacione
646 1681 931 1732 libertatum
968 1680 1176 1730 fratrum
1212 1679 1646 1732 Theutonicorum.
1865 1681 1909 1730 1.
1946 1680 2222 1731 inhonoriis
2259 1679 2320 1731 Β.

316 1885 499 1958 183.
538 1889 717 1956 1298
754 1889 930 1973 febr.
964 1888 1053 1954 20
1100 1887 1411 1954 Wiennae.
1478 1881 1794 1966 Albertus,
1834 1886 2136 1953 Ausci-iae
2173 1889 2325 1969 dux,
2368 1888 2693 1980 fratribus
2736 1910 2792 1954 ο.
2826 1887 2942 1954 Th.
2971 1887 3178 1954 Μεκ-

534 1996 825 2062 neneibm
872 1997 1195 2079 confirmat
1234 1996 1640 2082 privileqium
1680 1998 1982 2060 insertum
2027 2018 2225 2082 supra
2269 2019 2331 2059 n.
2369 1995 2523 2062 179.

534 2119 665 2185 Nos
695 2119 1015 2204 AlbertuS,
1056 2120 1157 2186 dei
1186 2121 1399 2203 gracia
1431 2119 1557 2184 dux
1588 2118 1845 2185 Austrie
1876 2123 1939 2184 et
1970 2117 2201 2206 Styrie,
2235 2119 2526 2186 dominus
2557 2117 2868 2204 Carniole,
2903 2119 3180 2188 Marchie

304 2247 389 2294 ac
428 2225 915 2312 Portusnaonis,
962 2227 1273 2294 universis
1318 2232 1446 2293 tam
1492 2225 1922 2312 pressentibus
1970 2246 2158 2311 quam
2205 2227 2464 2310 futuris,
2527 2225 2606 2291 ad
2653 2245 2806 2310 quos
2852 2234 3178 2313 presentes

304 2335 742 2422 pervenerint,
790 2334 1210 2418 declaramuS,
1264 2334 1429 2418 quod
1472 2334 1537 2398 in
1583 2337 1802 2400 nostra
1846 2334 2170 2400 constituti
2216 2332 2544 2420 presencia
2587 2332 2710 2398 viri
2756 2334 2962 2401 devoti
3009 2356 3182 2401 00111-,

304 2441 643 2510 mendator
688 2446 751 2509 et
792 2442 1020 2507 fratres
1066 2441 1287 2508 domus
1318 2440 1717 2509 Wiennensis
1763 2441 2001 2508 ordinis
2045 2442 2314 2513 fratrum
2359 2441 2690 2527 hospitalis
2735 2447 2949 2509 sancte
2977 2441 3180 2512 Marie

304 2550 841 2616 Theutonicorum
906 2549 973 2614 in
1032 2547 1370 2615 Ierusalem
1442 2547 1839 2636 privilegium
1909 2548 2225 2633 quoddam
2291 2548 2639 2633 integrum,
2711 2549 2989 2634 salvum,
3051 2571 3180 2618 non

304 2657 758 2741 cancellatum,
813 2677 941 2722 non
988 2655 1288 2722 abolitum
1334 2676 1451 2722 nec
1496 2657 1564 2722 in
1607 2655 1739 2722 ulla
1792 2656 1890 2720 sui
1947 2659 2129 2741 parte
2176 2656 2506 2739 viciatum,
2565 2656 2721 2743 ipsis
2767 2657 3066 2724 fratribus
3113 2665 3179 2725 et

304 2765 521 2832 ordini
566 2765 644 2831 ab
688 2763 919 2830 illustri
966 2764 1276 2849 quondam
1323 2764 1608 2850 principe
1654 2763 1906 2829 domino
1951 2762 2292 2848 Friderico,
2339 2763 2494 2829 duce
2533 2763 2790 2830 Austrie
2836 2770 2899 2830 et
2945 2764 3172 2852 Styrie,

306 2879 705 2940 antecessore
759 2855 972 2938 nostro
1029 2871 1487 2938 recordacionis
1542 2870 1853 2957 preclare,
1914 2890 2280 2937 concessum
2336 2869 2678 2937 liberaliter
2731 2876 2796 2938 et
2836 2868 3173 2958 indultum,

306 2980 733 3048 exhibuerunt
762 2979 941 3046 nobis
973 2999 1052 3044 ex
1082 2984 1263 3066 parte
1310 2979 1545 3045 ordinis
1592 2979 1910 3045 humiliter
1951 2977 2397 3065 supplicanteS,
2447 2984 2752 3063 quatenus
2781 2979 2950 3045 idem
2979 2981 3174 3066 privi-

302 3089 545 3180 legium
588 3087 745 3174 ipsis
791 3086 1112 3169 innovare,
1160 3086 1511 3172 approbare
1556 3092 1619 3154 et
1662 3086 2034 3153 confirmare
2079 3085 2502 3169 dignaremur·
2527 3085 2605 3152 de
2636 3087 2851 3169 gracia
2893 3087 3170 3173 speciali.

306 3196 507 3264 Cuius
553 3195 803 3280 quidem
848 3193 1163 3280 privilegii
1206 3198 1387 3260 tenor
1430 3215 1544 3280 per
1590 3193 1801 3260 omnia
1844 3193 1991 3258 talis
2039 3198 2162 3258 est:

632 3300 679 3367 I.
712 3321 773 3366 n.
808 3321 858 3367 s.
892 3321 945 3367 e.
978 3301 1019 3366 i.
1054 3307 1097 3367 t.
1132 3321 1187 3366 0.
1255 3300 1611 3368 Fridericus
1656 3300 1795 3382 (cet.
1829 3323 2028 3388 supra
2063 3325 2126 3365 n.
2156 3299 2328 3382 179)
2375 3319 2538 3365 anno
2568 3301 3029 3368 incarnacionis
3062 3303 3200 3370 do·-

630 3409 860 3494 10111100
902 3419 994 3478 m⁰
1024 3419 1119 3474 00ο
1150 3407 1241 3474 xl⁰
1272 3409 1613 3474 indictione
1645 3408 1783 3473 xiii·
1826 3427 2037 3474 coram
2085 3407 2219 3488 (cet.
2253 3408 2472 3494 usque)
2517 3407 2642 3474 fide
2688 3408 2913 3493 dignis.

306 3519 445 3585 Nos
499 3519 712 3602 itaque
766 3517 1105 3601 gestientes
1162 3515 1453 3602 operibus
1508 3515 1763 3601 pietatis
1812 3515 1977 3580 votis
2038 3514 2298 3580 sinceris
2359 3516 2744 3602 applaudere
2812 3522 2876 3582 et
2933 3517 3171 3584 ordinis

306 3624 628 3714 prelibati,
675 3642 859 3708 quem
906 3623 1220 3709 spirituali
1266 3623 1527 3693 caritate
1570 3622 2031 3709 prosequimur,
2081 3622 2385 3708 ampliare
2421 3624 2681 3689 comoda
2727 3629 2791 3689 et
2831 3625 3170 3710 profectus,

306 3753 428 3820 pro
474 3731 835 3798 reverencia
876 3731 1107 3796 summi
1150 3730 1317 3814 regis
1364 3737 1428 3797 et
1468 3730 1910 3796 nichilominus
1953 3729 2032 3794 ad
2065 3729 2527 3816 deprecativam
2572 3731 2995 3817 predictorum
3043 3733 3171 3798 fra-

269 3847 479 3921 ,trum
521 3841 895 3905 instanciam
937 3841 1334 3924 prenotatum
1377 3837 1799 3924 privilegium,
1848 3837 2010 3903 sicut
2049 3837 2127 3903 de
2158 3836 2345 3903 verbo
2385 3837 2468 3902 ad
2497 3838 2756 3904 verbum
2802 3859 3170 3925 expressum

308 3953 429 4032 est,
458 3945 889 4014 favorabiliter
912 3945 1355 4032 approbamus,
1380 3945 1751 4011 innovamus
1776 3950 1839 4011 et
1868 3944 2089 4029 scripti
2118 3943 2302 4009 huius
2333 3947 2680 4030 patrocinio
2706 3945 3166 4013 confirmamus

304 4055 383 4122 In
430 4055 607 4121 cuius
650 4055 745 4120 rei
799 4052 1226 4120 testimonium
1274 4058 1338 4118 et
1380 4052 1573 4118 robur
1615 4057 1921 4139 perpetuo
1981 4051 2347 4140 duraturum
2396 4052 2558 4120 hanc
2603 4054 2828 4122 exinde
2873 4057 3168 4141 paginam

304 4160 621 4229 conscribi
672 4162 933 4228 fecimus
994 4165 1057 4226 et
1114 4159 1305 4244 sigilli
1349 4159 1550 4226 nostri
1606 4159 1992 4246 appensione
2048 4159 2300 4225 muniri.
2382 4159 2617 4226 Datum
2648 4160 2912 4229 Wienne
2957 4173 3024 4228 11ο
3055 4163 3170 4228 ka·
3239 4143 3246 4151 ⁸

301 4271 527 4338 lendas
582 4270 803 4336 marcii
849 4289 1011 4335 anno
1060 4268 1296 4334 domini
1350 4266 1683 4352 millesimo
1730 4267 2155 4333 ducentesimo
2199 4253 2622 4350 nonagesimo
2652 4269 2787 4335 viii·
2829 4270 3172 4338 indictione

305 4379 656 4446 undecima„

522 4483 611 4546 VI,
648 4481 769 4534 356.
827 4482 1119 4533 Continetnr
1154 4481 1205 4532 in
1244 4479 1541 4532 documento
1576 4479 1708 4530 infra
1742 4497 1792 4530 n.
1822 4477 1925 4528 184
1961 4477 2026 4528 de
2065 4478 2202 4530 1299
2237 4496 2351 4530 nov.
2377 4479 2427 4530 4.

310 4692 345 4760 1
363 4690 490 4761 84.
532 4691 708 4758 1299
752 4713 891 4755 που.
926 4692 969 4755 4
1026 4689 1339 4754 Wiennae.
1415 4688 1867 4768 Wernhardu-s,
1927 4689 2329 4752 Pataviensis
2387 4689 2742 4776 episcopus,
2805 4691 3198 4756 transeam&

530 4801 961 4864 documentum
1006 4819 1206 4883 supra
1248 4821 1311 4862 n.
1345 4798 1495 4864 183.

528 4923 661 4988 Nos
692 4921 1149 5004 WernharduS,
1208 4921 1309 4988 dei
1353 4921 1568 5005 gracia
1614 4921 1869 4989 ecclesie
1914 4919 2306 4986 Pataviensis
2354 4920 2714 5006 episcopus,
2771 4921 3168 5007 presentibus

302 5029 702 5114 confitemur,
750 5029 917 5116 quod
963 5029 1170 5096 devoti
1200 5029 1321 5096 viri
1366 5029 1835 5096 commendator
1880 5033 1944 5096 et
1971 5027 2199 5096 fratres
2240 5027 2462 5096 domus
2490 5027 2886 5096 Wiennensis
2931 5028 3168 5097 ordinis
