3892 5609
741 389 896 459 434
1477 389 1484 396 ’
1723 403 2143 452 rourrsmtm
2188 403 2631 452 noun-ionum

735 579 1156 646 procuremus,
1239 559 1401 627 Hinc
1457 567 1580 645 est,
1641 562 1806 647 quod
1861 583 1979 629 nos
2038 563 2262 630 vestris
2322 563 2563 629 devotis
2616 561 3179 649 supplicationibus
3226 566 3403 644 grato
3453 581 3601 626 con-

734 673 1054 735 currentes
1101 687 1378 751 assensu‚
1427 668 1506 734 ad
1534 669 1734 734 instar
1777 669 1977 737 felicis
2022 669 2473 737 recordationis
2504 669 2854 737 Alexandri
2901 689 3065 756 pape
3108 669 3227 752 iiii,
3275 669 3601 754 predeces-

736 776 894 841 soris
940 775 1170 856 nostri,
1229 795 1443 841 omnes
1489 775 1843 860 libertates,
1899 777 2329 844 immunitates
2378 796 2451 843 ac
2506 776 2927 862 indulgentias
2986 775 3276 842 domibus
3332 776 3596 841 fratrum

733 880 1063 968 hospitalis
1094 889 1307 948 sancte
1336 881 1628 949 Iohannis
1659 884 2182 951 lherosolimitani
2220 885 2298 952 ab
2331 885 2675 970 apostolica
2703 884 2852 951 sede
2880 903 3229 966 concessae,
3260 882 3599 948 dummodo

735 989 864 1055 sint
920 989 1330 1056 racionabiles
1386 995 1449 1055 ct
1503 1011 1542 1056 a
1595 990 1730 1056 iure
1785 1012 1911 1057 non
1963 989 2245 1058 fuerunt¹
2289 997 2608 1075 revocate,
2669 992 2883 1058 domui
2928 997 3135 1058 vestre
3180 989 3598 1071 concedimus,

735 1103 829 1180 et,
884 1101 958 1162 ut
1011 1097 1100 1162 eis
1146 1097 1414 1164 utamini
1457 1097 1652 1164 libere
1697 1099 1859 1164 sicut
1901 1099 2025 1183 illi,
2086 1098 2457 1165 auctoritate
2502 1099 2894 1185 presencium
2940 1099 3358 1182 indulgemus.
3427 1095 3597 1161 Nulli

735 1222 881 1287 ergo
914 1205 1164 1270 omnino
1198 1209 1313 1270 etc.
1387 1202 1455 1270 Si
1485 1204 1623 1290 quis
1655 1210 1863 1271 autem
1895 1211 2011 1274 etc.
2082 1206 2317 1274 Datum
2348 1207 2659 1273 Avinione
2688 1206 2799 1272 xvi
2844 1205 2967 1272 kal.
3016 1204 3153 1272 iulii
3196 1203 3599 1292 pontificatus

733 1309 933 1377 nostri
977 1330 1138 1377 anno
1184 1316 1380 1378 sexto.

943 1451 1202 1518 originale
1237 1469 1348 1503 cum
1383 1451 1522 1503 bulla
1555 1452 1608 1503 in
1642 1451 1842 1504 archivo
1880 1454 2248 1519 Regimontano
2284 1454 2383 1505 huc
2418 1454 2624 1506 tandem
2660 1471 2689 1504 e
2730 1453 3072 1514 cracoviensi,
3110 1453 3453 1512 Van-soriensi,
3496 1451 3597 1502 Be-

734 1539 974 1591 rolinensi
1009 1541 1221 1592 archivis
1258 1540 1493 1592 delatum.
1557 1542 1746 1592 Citatur
1784 1543 1833 1593 in
1870 1541 2156 1594 Inventario
2194 1543 2381 1595 archivi
2418 1543 2757 1594 Cracoviensis
2796 1560 2845 1608 p.
2873 1540 2970 1592 72:
3012 1542 3319 1608 „Gregorius
3356 1559 3493 1608 papa
3528 1539 3599 1590 11

733 1629 892 1679 instar
927 1629 1204 1680 Alexandri
1238 1629 1312 1680 IV
1347 1647 1513 1697 papae
1560 1631 1894 1682 immunitates
1941 1641 1995 1682 et
2040 1630 2379 1697 indulgentias
2424 1631 2661 1682 fratribus
2697 1630 2960 1696 hospitalis
2996 1649 3037 1681 s.
3077 1631 3281 1682 Ioannis
3318 1628 3595 1680 Hierosoli·

736 1718 912 1768 mitani
957 1737 988 1769 a
1033 1717 1156 1769 sede
1201 1719 1476 1784 apostolica
1515 1736 1775 1771 concessas
1811 1720 2049 1772 fratribus
2086 1720 2273 1772 ordinis
2309 1719 2571 1771 Teutonici
2606 1720 2656 1769 b.
2695 1737 2739 1768 v.
2776 1719 2972 1770 Mariae
3008 1719 3352 1770 communicat.
3416 1718 3599 1769 Datum

734 1806 994 1857 Arenione
1037 1806 1101 1856 16
1135 1807 1237 1858 kal.
1275 1807 1398 1858 iunii
1434 1807 1751 1873 pontificatus
1788 1825 1921 1860 anno
1956 1810 2149 1860 sexto“.
2178 1839 2239 1846 —
2280 1809 2659 1859 Transsumtum
2693 1807 2863 1858 datum
2894 1807 3031 1858 1380
3064 1809 3215 1858 tertia
3250 1808 3334 1858 die
3368 1807 3597 1858 intrant-i·

733 1913 798 1946 m.
829 1896 1000 1962 aprilis
1035 1913 1128 1963 per
1163 1895 1424 1948 Nicolaum
1460 1896 1524 1946 de
1560 1896 1910 1964 Soligenstad‚
1949 1897 2066 1963 imp.
2106 1905 2207 1949 aut.
2244 1897 2520 1958 notarium,
2559 1897 2651 1947 sub
2690 1895 2958 1948 autoritate
2994 1905 3047 1947 et
3081 1895 3243 1962 sigillo
3280 1893 3453 1946 iudicii
3488 1896 3597 1960 epi-

733 1984 946 2051 scopalis
984 1985 1261 2051 Spirensis,
1306 1985 1520 2035 habetur
1555 1986 1606 2035 in
1652 1985 1852 2036 archivo
1890 1986 2274 2050 Regimontano.
2344 1986 2498 2036 Aliud
2544 1993 2900 2036 transsumtum
2946 1984 3200 2051 exemplar
3236 1985 3288 2035 d.
3316 1985 3367 2034 d.
3404 1983 3600 2048 Danzig

738 2067 874 2124 1426
897 2074 1063 2124 martii
1093 2075 1156 2125 13
1181 2073 1343 2139 sigillo
1369 2073 1630 2135 Bemardi‚
1669 2075 1865 2125 abbatis
1892 2074 2157 2136 Olivensis,
2196 2073 2555 2134 confirmatum,
2596 2092 2625 2123 a
2648 2074 2854 2125 notariis
2878 2073 2986 2124 Iob.
3006 2073 3234 2124 Rosener
3260 2083 3313 2123 et
3334 2071 3600 2123 Valentino

733 2161 798 2213 de
833 2162 1034 2212 Reddin
1071 2163 1430 2228 subscriptum,
1467 2162 1668 2212 ibidem.
1729 2162 1922 2214 Ibidem
1958 2163 2214 2229 exemplar
2252 2165 2423 2215 datum
2460 2163 2695 2214 Panormi
2737 2161 2871 2214 1487
2910 2163 3066 2214 octbr.
3091 2165 3123 2214 5
3161 2178 3253 2229 per
3292 2162 3603 2212 Armannum

734 2251 798 2301 de
832 2249 1042 2312 Munda,
1079 2250 1325 2302 notarium
1359 2250 1504 2316 regni
1539 2251 1737 2302 Siciliae
1774 2261 1869 2302 etc.
1924 2253 2129 2304 Editum
2163 2252 2217 2303 in
2253 2252 2377 2304 Livl.
2404 2253 2469 2304 U.
2486 2251 2547 2302 Β.
2574 2251 2665 2313 ΠΙ,
2684 2249 2791 2303 316
2824 2269 2876 2302 n.
2904 2251 3055 2302 1117.
3253 2251 3301 2302 l.
3338 2251 3429 2302 sic.

741 2455 915 2528 686.
955 2459 1134 2526 1389
1179 2460 1514 2524 decembris
1559 2458 1643 2525 11
1695 2459 1936 2524 Romae
1980 2461 2159 2545 apud
2200 2483 2249 2523 ε.
2284 2459 2565 2525 Petrum.
2636 2458 3019 2543 Bomfacius
3052 2457 3161 2523 IX
3200 2457 3509 2544 hospitali
3548 2481 3597 2521 ε.

959 2566 1264 2631 Iohannis
1310 2567 1588 2631 concedit
1618 2570 1828 2632 omnia
1857 2567 2159 2652 hospitali
2186 2589 2236 2630 s.
2262 2567 2519 2632 Mariae
2556 2565 3075 2632 Theutonicorum
3102 2590 3145 2630 a
3174 2567 3317 2630 sede
3346 2579 3599 2652 aposto-

958 2673 1083 2738 lica
1128 2695 1416 2738 concessa
1449 2673 1814 2761 privileqia.

957 2812 1314 2881 Bonifacius
1345 2820 1460 2882 etc.
1497 2813 1738 2881 dilectis
1769 2813 1913 2880 filiis
1946 2813 2249 2897 magistro
2282 2819 2347 2880 et
2372 2813 2674 2880 fratribus
2703 2811 3033 2900 hospitalis
3072 2812 3275 2879 sancti
3304 2811 3601 2879 Iohannis

733 2920 1290 3008 Hierosolymitani
1345 2922 1611 2988 salutem
1669 2927 1731 2988 et
1791 2922 2200 3008 apostolicam
2244 2921 2759 2989 benedictionem.
2982 2919 3207 2987 Vestre
3252 2919 3601 2987 devotionis

733 3029 1078 3112 sinceritas,
1106 3048 1293 3114 quam
1325 3029 1404 3095 ad
1424 3048 1539 3095 nos
1563 3034 1627 3096 et
1647 3029 1991 3096 Romanam
2022 3028 2239 3113 geritis
2262 3029 2607 3112 ecclesiam,
2632 3032 3047 3114 promeretur,
3072 3033 3142 3094 ut
3163 3027 3327 3094 votis
3351 3029 3599 3112 vestris,

733 3140 1038 3221 quantum
1067 3155 1208 3202 cum
1240 3137 1355 3204 deo
1385 3156 1737 3223 possumus,
1781 3136 2209 3203 favorabiliter
2240 3156 2607 3202 annuamus.
2680 3134 2919 3201 Vestris
2950 3135 3145 3219 igitur
3172 3137 3239 3201 in
3270 3135 3393 3201 hac
3420 3140 3599 3222 parte

733 3243 1294 3330 supplicationibus
1321 3243 1607 3310 inclinati
1653 3263 1867 3310 omnes
1913 3243 2256 3328 libertates,
2302 3244 2731 3310 immunitates
2778 3259 2851 3307 ac
2892 3241 3316 3326 indulgentias
3366 3249 3433 3308 et
3472 3243 3599 3328 pri-

734 3350 962 3434 vilegia
1017 3371 1403 3436 quecumque
1461 3350 1702 3417 dilectis
1757 3350 1902 3416 filiis
1963 3352 2263 3435 magistro
2310 3355 2375 3417 et
2424 3350 2725 3417 fratribus
2770 3348 3097 3434 hospitalis
3144 3355 3361 3416 sancte
3404 3349 3599 3416 Mat-ie

735 3457 1255 3527 Theutonicorum
1287 3458 1842 3544 Hierosolymitani
1873 3464 1937 3524 et
1979 3458 2045 3525 in
2092 3478 2307 3525 eorum
2351 3456 2646 3543 hospitali
2692 3463 2757 3524 et
2798 3457 3085 3524 domibus
3130 3456 3211 3523 ab
3257 3457 3599 3543 apostolica

734 3564 882 3631 sede
913 3584 1206 3632 concessa
1232 3566 1411 3632 vobis
1441 3585 1516 3631 ac
1545 3563 1839 3653 hospitali
1869 3570 1932 3631 et
1977 3565 2263 3631 domibus
2311 3565 2537 3631 vestris
2582 3565 2953 3631 auctoritate
2999 3563 3345 3651 apostolica
3386 3571 3598 3631 tenore

736 3673 1125 3759 presentium
1161 3673 1557 3740 concedimus
1589 3679 1670 3756 et,
1714 3677 1784 3737 ut
1826 3672 1954 3738 illis
2000 3672 2195 3739 libere
2239 3672 2333 3738 uti
2378 3678 2442 3738 et
2482 3671 2660 3754 fungi
2703 3671 2982 3758 possitis,
3028 3677 3217 3757 prout
3258 3671 3387 3757 ipsi
3416 3673 3509 3736 uti
3538 3676 3601 3737 et

735 3780 912 3864 fungi
930 3786 1223 3867 possunt,
1270 3781 1586 3848 devotioni
1617 3783 1822 3847 vestre
1869 3779 2238 3846 auctoritate
2284 3778 2670 3865 presentium
2720 3777 2796 3845 de
2842 3778 3100 3866 speciali
3144 3779 3351 3861 gratia
3395 3778 3599 3845 indul-

736 3905 986 3972 gemm,
1043 3887 1509 3973 quibuscunque
1552 3887 1967 3972 libertatibus,
2020 3885 2522 3952 immunitatibus
2570 3890 2633 3951 et
2675 3884 3081 3970 indulgentiis
3126 3885 3269 3951 aliis
3313 3887 3493 3952 vobis
3538 3890 3601 3952 et

736 3993 1031 4081 hospitali
1091 4001 1155 4061 et
1207 3995 1492 4062 domibus
1547 3996 1775 4062 vestris
1836 3994 2135 4081 predictis
2193 3993 2349 4059 alias
2410 4015 2447 4060 a
2504 3994 2785 4079 predicta
2828 3994 2975 4060 sede
3021 3995 3331 4060 concessis
3378 3994 3440 4059 in
3488 4013 3599 4059 suo

737 4101 1143 4168 nihilominus
1184 4103 1406 4169 robore
1444 4103 1782 4169 duraturis.
1851 4101 2024 4168 Nulli
2056 4122 2205 4186 ergo
2235 4107 2351 4169 etc.
2398 4107 2613 4167 nostre
2644 4101 3062 4167 concessionis
3106 4100 3451 4184 infringere
3482 4108 3595 4167 etc.

738 4208 810 4275 Si
867 4210 1007 4294 quis
1052 4215 1168 4276 etc.
1249 4209 1483 4276 Datum
1527 4209 1722 4276 Rome
1774 4210 1940 4296 apud
1986 4216 2269 4276 sanctum
2316 4207 2569 4276 Petrum
2616 4209 2810 4274 tercio
2855 4207 2997 4274 idus
3042 4207 3393 4275 decembris
3436 4227 3599 4274 anno

738 4316 962 4402 primo.

948 4440 1026 4490 Ex
1079 4437 1450 4506 privilegiorum
1501 4440 1867 4506 pontificiorum
1913 4439 2167 4507 Hospitali
2224 4459 2264 4490 s.
2307 4437 2545 4490 Iohannis
2595 4454 2943 4490 concessorum
3000 4445 3306 4489 transsnmto
3350 4437 3418 4489 de
3464 4438 3597 4490 1495

737 4527 859 4578 iunii
895 4527 981 4590 26,
1017 4529 1150 4595 quod
1185 4529 1238 4580 in
1276 4529 1474 4581 archivo
1511 4528 1826 4582 Berolinensi
1859 4539 2145 4580 asservatur
2182 4527 2361 4594 (Ion),
2398 4544 2449 4593 p.
2481 4525 2565 4576 22.
2616 4525 2747 4576 Edd.
2780 4526 3047 4578 Caorsinus
3084 4527 3133 4577 b.
3158 4527 3319 4578 mlv.
3358 4527 3431 4593 (p.
3456 4527 3597 4592 205).

737 4615 1008 4684 Privilegia
1019 4655 1035 4680 ,
1081 4617 1416 4670 immunitates
1462 4625 1514 4668 et
1559 4617 1902 4684 indulgentiae
1950 4617 2137 4670 ordinis
2174 4635 2214 4668 s.
2240 4615 2493 4668 Iohannis.
2552 4615 2754 4681 Lipsiae
2790 4615 2871 4666 ed.
2900 4615 3177 4682 wolfgsng
3212 4615 3410 4667 Senner
3451 4616 3599 4666 1520.

739 4704 824 4756 fol.
858 4705 921 4755 D.
939 4705 1030 4756 III.
1093 4705 1256 4757 Huius
1303 4707 1637 4758 concessionis
1683 4723 1836 4759 causa
1882 4707 1934 4757 in
1980 4707 2105 4758 istas
2154 4704 2470 4757 collectiones
2518 4704 2706 4756 ordinis
2753 4703 3047 4755 Thentonici
3092 4703 3358 4770 privilegia
3398 4715 3603 4770 recepta

738 4802 870 4845 sunt.
924 4793 1048 4845 Vice
1081 4811 1228 4846 versa
1261 4794 1710 4861 Hospitalariorum
1747 4795 2010 4861 privilegia
2044 4794 2206 4847 ordini
2241 4793 2549 4844 'theutonico
2586 4793 2838 4859 quondam
2874 4809 2985 4844 cum
3010 4792 3405 4859 Templariorum
3440 4809 3599 4860 gene-

738 4881 909 4933 raliter
949 4882 1078 4934 1221
1119 4883 1328 4935 ianuarii
1365 4883 1396 4934 9
1411 4921 1426 4945 ,
1476 4884 1592 4936 dein
1635 4887 1700 4938 ab
1737 4884 2026 4936 Alexandro
2059 4884 2131 4934 1v
2170 4883 2254 4949 (cf.
2295 4900 2345 4933 n.
2364 4881 2489 4949 685)
2527 4880 2813 4949 specialiter
2848 4898 3087 4934 concessa
3122 4891 3175 4932 et
3216 4879 3353 4934 1376
3386 4883 3511 4933 iunii
3540 4881 3603 4932 16

739 4971 811 5038 (n.
833 4971 958 5038 685)
995 4972 1287 5026 confirmata
1322 4982 1454 5026 sunt.
