<?xml version="1.0" encoding="UTF-8"?>
<!DOCTYPE html PUBLIC "-//W3C//DTD XHTML 1.0 Transitional//EN"
    "http://www.w3.org/TR/xhtml1/DTD/xhtml1-transitional.dtd">
<html xmlns="http://www.w3.org/1999/xhtml" xml:lang="en" lang="en">
 <head>
  <title>
</title>
<meta http-equiv="Content-Type" content="text/html;charset=utf-8" />
  <meta name='ocr-system' content='tesseract 3.04.00' />
  <meta name='ocr-capabilities' content='ocr_page ocr_carea ocr_par ocr_line ocrx_word'/>
</head>
<body>
  <div class='ocr_page' id='page_1' title='image "./tabulaeordinist00stregoog_0155.png"; bbox 0 0 3892 5609; ppageno 0'>
   <div class='ocr_carea' id='block_1_1' title="bbox 1546 352 3150 426">
    <p class='ocr_par' dir='ltr' id='par_1_1' title="bbox 1546 352 3150 426">
     <span class='ocr_line' id='line_1_1' title="bbox 1546 352 3150 426; baseline 0.007 -13"><span class='ocrx_word' id='word_1_1' title='bbox 1546 365 1877 426; x_wconf 71' lang='lat' dir='ltr'><strong>‚nomm</strong></span> <span class='ocrx_word' id='word_1_2' title='bbox 2629 417 2636 424; x_wconf 81' lang='grc'>,</span> <span class='ocrx_word' id='word_1_3' title='bbox 3003 352 3150 424; x_wconf 85' lang='grc'><strong>139</strong></span> 
     </span>
    </p>
   </div>
   <div class='ocr_carea' id='block_1_2' title="bbox 272 523 3162 1870">
    <p class='ocr_par' dir='ltr' id='par_1_2' title="bbox 284 523 3160 720">
     <span class='ocr_line' id='line_1_2' title="bbox 284 523 3160 612; baseline 0 -20"><span class='ocrx_word' id='word_1_4' title='bbox 284 530 511 594; x_wconf 82' lang='grc'>1108110</span> <span class='ocrx_word' id='word_1_5' title='bbox 552 525 675 594; x_wconf 82' lang='grc'>81111</span> <span class='ocrx_word' id='word_1_6' title='bbox 718 525 1107 612; x_wconf 80' lang='lat' dir='ltr'><strong>sepulturam</strong></span> <span class='ocrx_word' id='word_1_7' title='bbox 1154 523 1497 610; x_wconf 82' lang='lat' dir='ltr'><strong>elegerunt,</strong></span> <span class='ocrx_word' id='word_1_8' title='bbox 1542 525 1807 612; x_wconf 81' lang='lat' dir='ltr'><strong>pristine</strong></span> <span class='ocrx_word' id='word_1_9' title='bbox 1850 525 2112 594; x_wconf 85' lang='lat' dir='ltr'><strong>infamie</strong></span> <span class='ocrx_word' id='word_1_10' title='bbox 2139 525 2512 610; x_wconf 79' lang='lat' dir='ltr'><strong>subiaceret,</strong></span> <span class='ocrx_word' id='word_1_11' title='bbox 2559 525 2856 611; x_wconf 87' lang='lat' dir='ltr'><strong>quoniam</strong></span> <span class='ocrx_word' id='word_1_12' title='bbox 2886 529 3160 592; x_wconf 81' lang='lat' dir='ltr'><strong>testante</strong></span> 
     </span>
     <span class='ocr_line' id='line_1_3' title="bbox 286 630 627 720; baseline -0.003 -20"><span class='ocrx_word' id='word_1_13' title='bbox 286 634 578 720; x_wconf 89' lang='lat' dir='ltr'><strong>sapiente</strong></span> <span class='ocrx_word' id='word_1_14' title='bbox 590 630 627 717; x_wconf 82' lang='lat'><strong>¹,</strong></span> 
     </span>
    </p>

    <p class='ocr_par' dir='ltr' id='par_1_3' title="bbox 272 735 3162 1674">
     <span class='ocr_line' id='line_1_4' title="bbox 1046 735 2410 824; baseline 0 -20"><span class='ocrx_word' id='word_1_15' title='bbox 1046 759 1174 804; x_wconf 89' lang='lat' dir='ltr'><strong>non</strong></span> <span class='ocrx_word' id='word_1_16' title='bbox 1220 738 1375 804; x_wconf 91' lang='lat' dir='ltr'><strong>bene</strong></span> <span class='ocrx_word' id='word_1_17' title='bbox 1423 735 1684 804; x_wconf 75' lang='lat' dir='ltr'><strong>celestes</strong></span> <span class='ocrx_word' id='word_1_18' title='bbox 1728 739 1928 824; x_wconf 90' lang='lat' dir='ltr'><strong>impia</strong></span> <span class='ocrx_word' id='word_1_19' title='bbox 1973 737 2197 804; x_wconf 82' lang='lat' dir='ltr'><strong>dextra</strong></span> <span class='ocrx_word' id='word_1_20' title='bbox 2242 737 2410 804; x_wconf 90' lang='lat' dir='ltr'><strong>colit.</strong></span> 
     </span>
     <span class='ocr_line' id='line_1_5' title="bbox 272 843 3158 932; baseline -0.001 -19"><span class='ocrx_word' id='word_1_21' title='bbox 272 845 535 923; x_wconf 77' lang='lat' dir='ltr'><strong>,Domus</strong></span> <span class='ocrx_word' id='word_1_22' title='bbox 581 846 770 930; x_wconf 76' lang='lat' dir='ltr'><strong>enim,</strong></span> <span class='ocrx_word' id='word_1_23' title='bbox 818 865 939 931; x_wconf 88' lang='lat' dir='ltr'><strong>que</strong></span> <span class='ocrx_word' id='word_1_24' title='bbox 982 866 1098 932; x_wconf 89' lang='lat' dir='ltr'><strong>per</strong></span> <span class='ocrx_word' id='word_1_25' title='bbox 1140 845 1403 910; x_wconf 70' lang='lat' dir='ltr'><strong>flatrum</strong></span> <span class='ocrx_word' id='word_1_26' title='bbox 1436 843 1666 916; x_wconf 83' lang='lat' dir='ltr'><strong>luxum.</strong></span> <span class='ocrx_word' id='word_1_27' title='bbox 1688 851 1753 913; x_wconf 90' lang='lat' dir='ltr'><strong>et</strong></span> <span class='ocrx_word' id='word_1_28' title='bbox 1778 845 2108 912; x_wconf 73' lang='lat' dir='ltr'><strong>infamiam</strong></span> <span class='ocrx_word' id='word_1_29' title='bbox 2139 849 2462 911; x_wconf 88' lang='lat' dir='ltr'><strong>corruerat</strong></span> <span class='ocrx_word' id='word_1_30' title='bbox 2490 849 2554 912; x_wconf 89' lang='lat' dir='ltr'><strong>et</strong></span> <span class='ocrx_word' id='word_1_31' title='bbox 2582 845 2714 912; x_wconf 88' lang='lat' dir='ltr'><strong>fere</strong></span> <span class='ocrx_word' id='word_1_32' title='bbox 2745 843 2827 910; x_wconf 90' lang='lat' dir='ltr'><strong>ad</strong></span> <span class='ocrx_word' id='word_1_33' title='bbox 2854 843 3158 910; x_wconf 90' lang='lat' dir='ltr'><strong>nichilum</strong></span> 
     </span>
     <span class='ocr_line' id='line_1_6' title="bbox 286 950 3161 1037; baseline -0.001 -18"><span class='ocrx_word' id='word_1_34' title='bbox 286 951 549 1019; x_wconf 86' lang='lat' dir='ltr'><strong>redacta</strong></span> <span class='ocrx_word' id='word_1_35' title='bbox 590 952 818 1036; x_wconf 88' lang='lat' dir='ltr'><strong>fuerat,</strong></span> <span class='ocrx_word' id='word_1_36' title='bbox 864 951 1029 1020; x_wconf 88' lang='lat' dir='ltr'><strong>unde</strong></span> <span class='ocrx_word' id='word_1_37' title='bbox 1075 957 1140 1019; x_wconf 90' lang='lat' dir='ltr'><strong>et</strong></span> <span class='ocrx_word' id='word_1_38' title='bbox 1182 951 1306 1018; x_wconf 80' lang='lat' dir='ltr'><strong>viri</strong></span> <span class='ocrx_word' id='word_1_39' title='bbox 1350 950 1643 1018; x_wconf 77' lang='lat' dir='ltr'>catholici</span> <span class='ocrx_word' id='word_1_40' title='bbox 1688 957 1753 1020; x_wconf 89' lang='lat' dir='ltr'><strong>et</strong></span> <span class='ocrx_word' id='word_1_41' title='bbox 1796 961 2103 1035; x_wconf 82' lang='lat' dir='ltr'><strong>matrone,</strong></span> <span class='ocrx_word' id='word_1_42' title='bbox 2152 952 2260 1036; x_wconf 89' lang='lat' dir='ltr'><strong>qui</strong></span> <span class='ocrx_word' id='word_1_43' title='bbox 2289 951 2618 1018; x_wconf 88' lang='lat' dir='ltr'><strong>caritative</strong></span> <span class='ocrx_word' id='word_1_44' title='bbox 2663 971 2810 1018; x_wconf 89' lang='lat' dir='ltr'><strong>suas</strong></span> <span class='ocrx_word' id='word_1_45' title='bbox 2853 971 2972 1037; x_wconf 89' lang='lat' dir='ltr'><strong>pro</strong></span> <span class='ocrx_word' id='word_1_46' title='bbox 3002 970 3161 1037; x_wconf 89' lang='lat' dir='ltr'><strong>pau-</strong></span> 
     </span>
     <span class='ocr_line' id='line_1_7' title="bbox 286 1056 3160 1152; baseline -0.001 -28"><span class='ocrx_word' id='word_1_47' title='bbox 286 1057 546 1144; x_wconf 86' lang='lat' dir='ltr'><strong>peribus</strong></span> <span class='ocrx_word' id='word_1_48' title='bbox 592 1058 1021 1125; x_wconf 81' lang='lat' dir='ltr'><strong>sustentandis</strong></span> <span class='ocrx_word' id='word_1_49' title='bbox 1065 1056 1481 1152; x_wconf 85' lang='lat' dir='ltr'><strong>helemosinas</strong></span> <span class='ocrx_word' id='word_1_50' title='bbox 1510 1057 1731 1140; x_wconf 89' lang='lat' dir='ltr'><strong>largiri</strong></span> <span class='ocrx_word' id='word_1_51' title='bbox 1772 1062 2244 1141; x_wconf 80' lang='lat' dir='ltr'><strong>consueverant,</strong></span> <span class='ocrx_word' id='word_1_52' title='bbox 2290 1077 2516 1124; x_wconf 89' lang='lat' dir='ltr'><strong>manus</strong></span> <span class='ocrx_word' id='word_1_53' title='bbox 2546 1058 2797 1143; x_wconf 87' lang='lat' dir='ltr'><strong>penitus</strong></span> <span class='ocrx_word' id='word_1_54' title='bbox 2828 1057 2908 1124; x_wconf 87' lang='lat' dir='ltr'><strong>ab</strong></span> <span class='ocrx_word' id='word_1_55' title='bbox 2939 1056 3160 1123; x_wconf 85' lang='lat' dir='ltr'><strong>eadem</strong></span> 
     </span>
     <span class='ocr_line' id='line_1_8' title="bbox 286 1163 3156 1251; baseline -0.001 -20"><span class='ocrx_word' id='word_1_56' title='bbox 286 1169 719 1249; x_wconf 85' lang='lat' dir='ltr'><strong>retraxerant,</strong></span> <span class='ocrx_word' id='word_1_57' title='bbox 764 1185 879 1251; x_wconf 89' lang='lat' dir='ltr'><strong>per</strong></span> <span class='ocrx_word' id='word_1_58' title='bbox 924 1165 1026 1231; x_wconf 91' lang='lat' dir='ltr'><strong>dei</strong></span> <span class='ocrx_word' id='word_1_59' title='bbox 1070 1164 1347 1248; x_wconf 76' lang='lat' dir='ltr'><strong>graciam</strong></span> <span class='ocrx_word' id='word_1_60' title='bbox 1394 1183 1509 1250; x_wconf 91' lang='lat' dir='ltr'><strong>per</strong></span> <span class='ocrx_word' id='word_1_61' title='bbox 1554 1163 2080 1231; x_wconf 86' lang='lat' dir='ltr'><strong>Theutonicorum</strong></span> <span class='ocrx_word' id='word_1_62' title='bbox 2138 1165 2531 1231; x_wconf 88' lang='lat' dir='ltr'><strong>honestatem</strong></span> <span class='ocrx_word' id='word_1_63' title='bbox 2575 1169 2640 1230; x_wconf 92' lang='lat' dir='ltr'><strong>et</strong></span> <span class='ocrx_word' id='word_1_64' title='bbox 2689 1163 3156 1249; x_wconf 79' lang='lat' dir='ltr'><strong>providenciam</strong></span> 
     </span>
     <span class='ocr_line' id='line_1_9' title="bbox 286 1269 3160 1358; baseline -0.001 -20"><span class='ocrx_word' id='word_1_65' title='bbox 286 1271 649 1358; x_wconf 85' lang='lat' dir='ltr'><strong>respiravit,</strong></span> <span class='ocrx_word' id='word_1_66' title='bbox 694 1271 861 1338; x_wconf 89' lang='lat' dir='ltr'><strong>unde</strong></span> <span class='ocrx_word' id='word_1_67' title='bbox 904 1277 970 1338; x_wconf 90' lang='lat' dir='ltr'><strong>et</strong></span> <span class='ocrx_word' id='word_1_68' title='bbox 1010 1271 1166 1338; x_wconf 89' lang='lat' dir='ltr'><strong>dicti</strong></span> <span class='ocrx_word' id='word_1_69' title='bbox 1209 1271 1332 1337; x_wconf 81' lang='lat' dir='ltr'><strong>viri</strong></span> <span class='ocrx_word' id='word_1_70' title='bbox 1376 1275 1441 1336; x_wconf 90' lang='lat' dir='ltr'><strong>et</strong></span> <span class='ocrx_word' id='word_1_71' title='bbox 1484 1273 1770 1338; x_wconf 89' lang='lat' dir='ltr'><strong>matrone</strong></span> <span class='ocrx_word' id='word_1_72' title='bbox 1814 1269 2025 1354; x_wconf 88' lang='lat' dir='ltr'><strong>largas</strong></span> <span class='ocrx_word' id='word_1_73' title='bbox 2068 1269 2485 1338; x_wconf 87' lang='lat' dir='ltr'><strong>helemosinas</strong></span> <span class='ocrx_word' id='word_1_74' title='bbox 2531 1269 2853 1354; x_wconf 85' lang='lat' dir='ltr'><strong>largiendo</strong></span> <span class='ocrx_word' id='word_1_75' title='bbox 2901 1289 3160 1335; x_wconf 90' lang='lat' dir='ltr'><strong>manum</strong></span> 
     </span>
     <span class='ocr_line' id='line_1_10' title="bbox 288 1375 3162 1464; baseline -0.001 -20"><span class='ocrx_word' id='word_1_76' title='bbox 288 1378 587 1464; x_wconf 86' lang='lat' dir='ltr'><strong>aperiunt</strong></span> <span class='ocrx_word' id='word_1_77' title='bbox 636 1377 978 1461; x_wconf 84' lang='lat' dir='ltr'><strong>largitatis,</strong></span> <span class='ocrx_word' id='word_1_78' title='bbox 1036 1382 1100 1444; x_wconf 93' lang='lat' dir='ltr'><strong>et</strong></span> <span class='ocrx_word' id='word_1_79' title='bbox 1152 1376 1386 1444; x_wconf 87' lang='lat' dir='ltr'><strong>ibidem</strong></span> <span class='ocrx_word' id='word_1_80' title='bbox 1441 1375 1677 1443; x_wconf 86' lang='lat' dir='ltr'><strong>infirmi</strong></span> <span class='ocrx_word' id='word_1_81' title='bbox 1722 1377 2088 1460; x_wconf 78' lang='lat' dir='ltr'><strong>visitantur,</strong></span> <span class='ocrx_word' id='word_1_82' title='bbox 2145 1396 2458 1462; x_wconf 87' lang='lat' dir='ltr'><strong>pauperes</strong></span> <span class='ocrx_word' id='word_1_83' title='bbox 2503 1377 2882 1460; x_wconf 88' lang='lat' dir='ltr'><strong>colliguntur</strong></span> <span class='ocrx_word' id='word_1_84' title='bbox 2926 1380 2990 1442; x_wconf 89' lang='lat' dir='ltr'><strong>et</strong></span> <span class='ocrx_word' id='word_1_85' title='bbox 3035 1375 3162 1442; x_wconf 88' lang='lat' dir='ltr'><strong>alia</strong></span> 
     </span>
     <span class='ocr_line' id='line_1_11' title="bbox 290 1481 3161 1569; baseline -0.001 -19"><span class='ocrx_word' id='word_1_86' title='bbox 290 1485 509 1550; x_wconf 89' lang='lat' dir='ltr'><strong>omnia</strong></span> <span class='ocrx_word' id='word_1_87' title='bbox 550 1485 845 1550; x_wconf 80' lang='lat' dir='ltr'><strong>karitatis</strong></span> <span class='ocrx_word' id='word_1_88' title='bbox 888 1503 1085 1569; x_wconf 87' lang='lat' dir='ltr'><strong>opera</strong></span> <span class='ocrx_word' id='word_1_89' title='bbox 1127 1487 1495 1551; x_wconf 83' lang='lat' dir='ltr'><strong>exercentur</strong></span> <span class='ocrx_word' id='word_1_90' title='bbox 1525 1488 1591 1549; x_wconf 90' lang='lat' dir='ltr'><strong>et</strong></span> <span class='ocrx_word' id='word_1_91' title='bbox 1617 1483 1845 1550; x_wconf 86' lang='lat' dir='ltr'><strong>fratres</strong></span> <span class='ocrx_word' id='word_1_92' title='bbox 1876 1503 2092 1550; x_wconf 89' lang='lat' dir='ltr'><strong>omnes</strong></span> <span class='ocrx_word' id='word_1_93' title='bbox 2123 1482 2522 1562; x_wconf 77' lang='lat' dir='ltr'><strong>oracionibus</strong></span> <span class='ocrx_word' id='word_1_94' title='bbox 2551 1481 2792 1551; x_wconf 89' lang='lat' dir='ltr'><strong>devotis</strong></span> <span class='ocrx_word' id='word_1_95' title='bbox 2834 1489 2900 1549; x_wconf 91' lang='lat' dir='ltr'><strong>et</strong></span> <span class='ocrx_word' id='word_1_96' title='bbox 2926 1481 3161 1566; x_wconf 84' lang='lat' dir='ltr'><strong>vigiliis</strong></span> 
     </span>
     <span class='ocr_line' id='line_1_12' title="bbox 290 1589 1803 1674; baseline -0.003 -16"><span class='ocrx_word' id='word_1_97' title='bbox 290 1592 525 1658; x_wconf 86' lang='lat' dir='ltr'><strong>intenti</strong></span> <span class='ocrx_word' id='word_1_98' title='bbox 570 1591 687 1658; x_wconf 91' lang='lat' dir='ltr'><strong>deo</strong></span> <span class='ocrx_word' id='word_1_99' title='bbox 730 1591 960 1674; x_wconf 87' lang='lat' dir='ltr'><strong>iugiter</strong></span> <span class='ocrx_word' id='word_1_100' title='bbox 1003 1589 1407 1657; x_wconf 84' lang='lat' dir='ltr'><strong>famulantur.</strong></span> <span class='ocrx_word' id='word_1_101' title='bbox 1476 1589 1609 1656; x_wconf 85' lang='lat' dir='ltr'><strong>Alii</strong></span> <span class='ocrx_word' id='word_1_102' title='bbox 1654 1609 1803 1656; x_wconf 83' lang='lat' dir='ltr'><strong>vero</strong></span> 
     </span>
    </p>

    <p class='ocr_par' dir='ltr' id='par_1_4' title="bbox 292 1692 2894 1870">
     <span class='ocr_line' id='line_1_13' title="bbox 1050 1692 2409 1783; baseline 0 -21"><span class='ocrx_word' id='word_1_103' title='bbox 1050 1697 1289 1764; x_wconf 86' lang='lat' dir='ltr'><strong>desidie</strong></span> <span class='ocrx_word' id='word_1_104' title='bbox 1332 1703 1588 1783; x_wconf 87' lang='lat' dir='ltr'><strong>torpore</strong></span> <span class='ocrx_word' id='word_1_105' title='bbox 1631 1716 1852 1780; x_wconf 85' lang='lat' dir='ltr'><strong>graves</strong></span> <span class='ocrx_word' id='word_1_106' title='bbox 1896 1695 2174 1780; x_wconf 83' lang='lat' dir='ltr'><strong>luxuque</strong></span> <span class='ocrx_word' id='word_1_107' title='bbox 2219 1692 2409 1762; x_wconf 86' lang='lat' dir='ltr'><strong>soluti</strong></span> 
     </span>
     <span class='ocr_line' id='line_1_14' title="bbox 292 1799 2894 1870; baseline -0.002 0"><span class='ocrx_word' id='word_1_108' title='bbox 292 1804 511 1870; x_wconf 89' lang='lat' dir='ltr'><strong>omnia</strong></span> <span class='ocrx_word' id='word_1_109' title='bbox 552 1801 767 1870; x_wconf 82' lang='lat' dir='ltr'><strong>sancte</strong></span> <span class='ocrx_word' id='word_1_110' title='bbox 810 1803 1032 1869; x_wconf 88' lang='lat' dir='ltr'><strong>domus</strong></span> <span class='ocrx_word' id='word_1_111' title='bbox 1076 1803 1449 1870; x_wconf 85' lang='lat' dir='ltr'><strong>diverticula</strong></span> <span class='ocrx_word' id='word_1_112' title='bbox 1490 1803 1952 1870; x_wconf 86' lang='lat' dir='ltr'><strong>incontinencie</strong></span> <span class='ocrx_word' id='word_1_113' title='bbox 1995 1823 2107 1870; x_wconf 91' lang='lat' dir='ltr'><strong>sue</strong></span> <span class='ocrx_word' id='word_1_114' title='bbox 2151 1801 2439 1868; x_wconf 86' lang='lat' dir='ltr'><strong>sordibus</strong></span> <span class='ocrx_word' id='word_1_115' title='bbox 2485 1799 2894 1868; x_wconf 86' lang='lat' dir='ltr'><strong>macularant.</strong></span> 
     </span>
    </p>
   </div>
   <div class='ocr_carea' id='block_1_3' title="bbox 290 2011 3166 2953">
    <p class='ocr_par' dir='ltr' id='par_1_5' title="bbox 290 2011 3166 2953">
     <span class='ocr_line' id='line_1_15' title="bbox 519 2011 3165 2098; baseline 0 -18"><span class='ocrx_word' id='word_1_116' title='bbox 519 2013 650 2080; x_wconf 89' lang='lat' dir='ltr'><strong>Nos</strong></span> <span class='ocrx_word' id='word_1_117' title='bbox 706 2019 917 2082; x_wconf 89' lang='lat' dir='ltr'><strong>autem</strong></span> <span class='ocrx_word' id='word_1_118' title='bbox 974 2015 1379 2082; x_wconf 88' lang='lat' dir='ltr'><strong>miseratione</strong></span> <span class='ocrx_word' id='word_1_119' title='bbox 1438 2014 1651 2080; x_wconf 90' lang='lat' dir='ltr'><strong>divina</strong></span> <span class='ocrx_word' id='word_1_120' title='bbox 1700 2011 2010 2094; x_wconf 86' lang='lat' dir='ltr'><strong>L(andus)</strong></span> <span class='ocrx_word' id='word_1_121' title='bbox 2055 2012 2476 2080; x_wconf 87' lang='lat' dir='ltr'><strong>Messanensis</strong></span> <span class='ocrx_word' id='word_1_122' title='bbox 2535 2012 3042 2098; x_wconf 86' lang='lat' dir='ltr'><strong>archiepiscopus</strong></span> <span class='ocrx_word' id='word_1_123' title='bbox 3100 2018 3165 2081; x_wconf 93' lang='lat' dir='ltr'><strong>et</strong></span> 
     </span>
     <span class='ocr_line' id='line_1_16' title="bbox 290 2118 3163 2204; baseline -0.001 -16"><span class='ocrx_word' id='word_1_124' title='bbox 290 2121 681 2204; x_wconf 87' lang='lat' dir='ltr'><strong>R(ainerius)</strong></span> <span class='ocrx_word' id='word_1_125' title='bbox 726 2125 941 2187; x_wconf 89' lang='lat' dir='ltr'><strong>sancte</strong></span> <span class='ocrx_word' id='word_1_126' title='bbox 984 2121 1186 2189; x_wconf 85' lang='lat' dir='ltr'><strong>Marie</strong></span> <span class='ocrx_word' id='word_1_127' title='bbox 1227 2121 1296 2186; x_wconf 92' lang='lat' dir='ltr'><strong>in</strong></span> <span class='ocrx_word' id='word_1_128' title='bbox 1344 2120 1678 2187; x_wconf 78' lang='lat' dir='ltr'><strong>cosmedin</strong></span> <span class='ocrx_word' id='word_1_129' title='bbox 1721 2119 2022 2186; x_wconf 86' lang='lat' dir='ltr'><strong>diaeonus</strong></span> <span class='ocrx_word' id='word_1_130' title='bbox 2067 2120 2404 2186; x_wconf 88' lang='lat' dir='ltr'><strong>cardinalis</strong></span> <span class='ocrx_word' id='word_1_131' title='bbox 2448 2124 2668 2186; x_wconf 88' lang='lat' dir='ltr'><strong>notum</strong></span> <span class='ocrx_word' id='word_1_132' title='bbox 2712 2118 2977 2184; x_wconf 88' lang='lat' dir='ltr'><strong>facimus</strong></span> <span class='ocrx_word' id='word_1_133' title='bbox 3023 2118 3163 2184; x_wconf 89' lang='lat' dir='ltr'><strong>uni-</strong></span> 
     </span>
     <span class='ocr_line' id='line_1_17' title="bbox 296 2225 3165 2315; baseline -0.002 -21"><span class='ocrx_word' id='word_1_134' title='bbox 296 2228 499 2295; x_wconf 88' lang='lat' dir='ltr'><strong>versis</strong></span> <span class='ocrx_word' id='word_1_135' title='bbox 543 2232 897 2314; x_wconf 88' lang='lat' dir='ltr'><strong>presentem</strong></span> <span class='ocrx_word' id='word_1_136' title='bbox 944 2229 1244 2315; x_wconf 81' lang='lat' dir='ltr'><strong>paginam</strong></span> <span class='ocrx_word' id='word_1_137' title='bbox 1285 2226 1665 2312; x_wconf 86' lang='lat' dir='ltr'><strong>inspecturis</strong></span> <span class='ocrx_word' id='word_1_138' title='bbox 1680 2275 1699 2309; x_wconf 83' lang='lat'>‚</span> <span class='ocrx_word' id='word_1_139' title='bbox 1758 2246 1873 2292; x_wconf 91' lang='lat' dir='ltr'><strong>nos</strong></span> <span class='ocrx_word' id='word_1_140' title='bbox 1916 2227 2152 2294; x_wconf 84' lang='lat' dir='ltr'><strong>vidisse</strong></span> <span class='ocrx_word' id='word_1_141' title='bbox 2197 2233 2262 2293; x_wconf 89' lang='lat' dir='ltr'><strong>et</strong></span> <span class='ocrx_word' id='word_1_142' title='bbox 2306 2225 2648 2312; x_wconf 86' lang='lat' dir='ltr'><strong>perlegisse</strong></span> <span class='ocrx_word' id='word_1_143' title='bbox 2699 2225 2978 2290; x_wconf 84' lang='lat' dir='ltr'><strong>litteram</strong></span> <span class='ocrx_word' id='word_1_144' title='bbox 3033 2244 3165 2290; x_wconf 91' lang='lat' dir='ltr'><strong>non</strong></span> 
     </span>
     <span class='ocr_line' id='line_1_18' title="bbox 294 2330 3164 2417; baseline -0.001 -18"><span class='ocrx_word' id='word_1_145' title='bbox 294 2335 595 2400; x_wconf 82' lang='lat' dir='ltr'><strong>viciatam</strong></span> <span class='ocrx_word' id='word_1_146' title='bbox 640 2354 769 2400; x_wconf 91' lang='lat' dir='ltr'><strong>non</strong></span> <span class='ocrx_word' id='word_1_147' title='bbox 803 2334 1225 2402; x_wconf 59' lang='lat' dir='ltr'><strong>”cancellatam</strong></span> <span class='ocrx_word' id='word_1_148' title='bbox 1238 2383 1257 2417; x_wconf 88' lang='lat'>‚</span> <span class='ocrx_word' id='word_1_149' title='bbox 1315 2333 1509 2399; x_wconf 90' lang='lat' dir='ltr'><strong>nichil</strong></span> <span class='ocrx_word' id='word_1_150' title='bbox 1563 2331 1846 2400; x_wconf 90' lang='lat' dir='ltr'><strong>additum</strong></span> <span class='ocrx_word' id='word_1_151' title='bbox 1893 2332 1994 2399; x_wconf 85' lang='lat' dir='ltr'><strong>vel</strong></span> <span class='ocrx_word' id='word_1_152' title='bbox 2038 2333 2416 2400; x_wconf 90' lang='lat' dir='ltr'><strong>diminutum</strong></span> <span class='ocrx_word' id='word_1_153' title='bbox 2429 2383 2450 2417; x_wconf 85' lang='lat'>‚</span> <span class='ocrx_word' id='word_1_154' title='bbox 2505 2331 2712 2416; x_wconf 86' lang='lat' dir='ltr'><strong>sigillo</strong></span> <span class='ocrx_word' id='word_1_155' title='bbox 2767 2330 2999 2397; x_wconf 86' lang='lat' dir='ltr'><strong>nobilis</strong></span> <span class='ocrx_word' id='word_1_156' title='bbox 3041 2330 3164 2396; x_wconf 83' lang='lat' dir='ltr'><strong>viri</strong></span> 
     </span>
     <span class='ocr_line' id='line_1_19' title="bbox 294 2437 3160 2528; baseline -0.002 -20"><span class='ocrx_word' id='word_1_157' title='bbox 294 2439 639 2521; x_wconf 86' lang='lat' dir='ltr'><strong>G(aufridi)</strong></span> <span class='ocrx_word' id='word_1_158' title='bbox 683 2440 989 2527; x_wconf 88' lang='lat' dir='ltr'><strong>principis</strong></span> <span class='ocrx_word' id='word_1_159' title='bbox 1019 2440 1277 2528; x_wconf 84' lang='lat' dir='ltr'><strong>Achaye</strong></span> <span class='ocrx_word' id='word_1_160' title='bbox 1323 2445 1387 2506; x_wconf 91' lang='lat' dir='ltr'><strong>et</strong></span> <span class='ocrx_word' id='word_1_161' title='bbox 1425 2438 1730 2506; x_wconf 83' lang='lat' dir='ltr'><strong>Romanis</strong></span> <span class='ocrx_word' id='word_1_162' title='bbox 1773 2439 2114 2506; x_wconf 88' lang='lat' dir='ltr'><strong>senescalci</strong></span> <span class='ocrx_word' id='word_1_163' title='bbox 2158 2439 2519 2522; x_wconf 84' lang='lat' dir='ltr'><strong>sigillatam,</strong></span> <span class='ocrx_word' id='word_1_164' title='bbox 2565 2438 2742 2504; x_wconf 89' lang='lat' dir='ltr'><strong>cuius</strong></span> <span class='ocrx_word' id='word_1_165' title='bbox 2786 2437 3160 2522; x_wconf 90' lang='lat' dir='ltr'><strong>rescriptum</strong></span> 
     </span>
     <span class='ocr_line' id='line_1_20' title="bbox 294 2543 3164 2634; baseline -0.001 -24"><span class='ocrx_word' id='word_1_166' title='bbox 294 2545 377 2612; x_wconf 90' lang='lat' dir='ltr'><strong>de</strong></span> <span class='ocrx_word' id='word_1_167' title='bbox 422 2545 612 2613; x_wconf 81' lang='lat' dir='ltr'><strong>verbo</strong></span> <span class='ocrx_word' id='word_1_168' title='bbox 660 2546 741 2612; x_wconf 92' lang='lat' dir='ltr'><strong>ad</strong></span> <span class='ocrx_word' id='word_1_169' title='bbox 769 2545 1032 2612; x_wconf 87' lang='lat' dir='ltr'><strong>verbum</strong></span> <span class='ocrx_word' id='word_1_170' title='bbox 1075 2547 1143 2612; x_wconf 90' lang='lat' dir='ltr'><strong>in</strong></span> <span class='ocrx_word' id='word_1_171' title='bbox 1190 2546 1501 2634; x_wconf 85' lang='lat' dir='ltr'><strong>superiori</strong></span> <span class='ocrx_word' id='word_1_172' title='bbox 1544 2546 1780 2632; x_wconf 89' lang='lat' dir='ltr'><strong>pagina</strong></span> <span class='ocrx_word' id='word_1_173' title='bbox 1824 2545 2197 2612; x_wconf 88' lang='lat' dir='ltr'><strong>continetur.</strong></span> <span class='ocrx_word' id='word_1_174' title='bbox 2265 2544 2338 2611; x_wconf 93' lang='lat' dir='ltr'><strong>In</strong></span> <span class='ocrx_word' id='word_1_175' title='bbox 2374 2545 2550 2611; x_wconf 89' lang='lat' dir='ltr'><strong>cuius</strong></span> <span class='ocrx_word' id='word_1_176' title='bbox 2593 2544 2690 2610; x_wconf 91' lang='lat' dir='ltr'><strong>rei</strong></span> <span class='ocrx_word' id='word_1_177' title='bbox 2733 2543 3164 2610; x_wconf 89' lang='lat' dir='ltr'><strong>testimonium</strong></span> 
     </span>
     <span class='ocr_line' id='line_1_21' title="bbox 292 2648 3164 2740; baseline -0.001 -22"><span class='ocrx_word' id='word_1_178' title='bbox 292 2673 558 2740; x_wconf 87' lang='lat' dir='ltr'><strong>presens</strong></span> <span class='ocrx_word' id='word_1_179' title='bbox 604 2652 911 2738; x_wconf 86' lang='lat' dir='ltr'><strong>scriptum</strong></span> <span class='ocrx_word' id='word_1_180' title='bbox 942 2653 1287 2737; x_wconf 90' lang='lat' dir='ltr'><strong>sigillorum</strong></span> <span class='ocrx_word' id='word_1_181' title='bbox 1320 2657 1681 2719; x_wconf 89' lang='lat' dir='ltr'><strong>nostrorum</strong></span> <span class='ocrx_word' id='word_1_182' title='bbox 1714 2652 2062 2718; x_wconf 90' lang='lat' dir='ltr'><strong>munimine</strong></span> <span class='ocrx_word' id='word_1_183' title='bbox 2093 2651 2388 2717; x_wconf 79' lang='lat' dir='ltr'><strong>duximus</strong></span> <span class='ocrx_word' id='word_1_184' title='bbox 2418 2650 2857 2717; x_wconf 88' lang='lat' dir='ltr'><strong>roborandum.</strong></span> <span class='ocrx_word' id='word_1_185' title='bbox 2927 2648 3164 2717; x_wconf 90' lang='lat' dir='ltr'><strong>Datum</strong></span> 
     </span>
     <span class='ocr_line' id='line_1_22' title="bbox 294 2753 3166 2846; baseline -0.001 -20"><span class='ocrx_word' id='word_1_186' title='bbox 294 2759 497 2827; x_wconf 87' lang='lat' dir='ltr'><strong>Rome</strong></span> <span class='ocrx_word' id='word_1_187' title='bbox 542 2764 698 2845; x_wconf 90' lang='lat' dir='ltr'><strong>aput</strong></span> <span class='ocrx_word' id='word_1_188' title='bbox 740 2765 1023 2826; x_wconf 88' lang='lat' dir='ltr'><strong>sanctum</strong></span> <span class='ocrx_word' id='word_1_189' title='bbox 1056 2759 1443 2828; x_wconf 86' lang='lat' dir='ltr'><strong>Clementem</strong></span> <span class='ocrx_word' id='word_1_190' title='bbox 1471 2759 1560 2825; x_wconf 75' lang='grc' dir='ltr'><strong>111ο</strong></span> <span class='ocrx_word' id='word_1_191' title='bbox 1589 2756 1891 2824; x_wconf 90' lang='lat' dir='ltr'><strong>kalendas</strong></span> <span class='ocrx_word' id='word_1_192' title='bbox 1936 2759 2132 2825; x_wconf 88' lang='lat' dir='ltr'><strong>madii</strong></span> <span class='ocrx_word' id='word_1_193' title='bbox 2171 2757 2571 2846; x_wconf 85' lang='lat' dir='ltr'><strong>pontificatus</strong></span> <span class='ocrx_word' id='word_1_194' title='bbox 2608 2757 2848 2823; x_wconf 91' lang='lat' dir='ltr'><strong>domini</strong></span> <span class='ocrx_word' id='word_1_195' title='bbox 2879 2753 3166 2840; x_wconf 88' lang='lat' dir='ltr'><strong>Gregorii</strong></span> 
     </span>
     <span class='ocr_line' id='line_1_23' title="bbox 295 2867 1397 2953; baseline -0.001 -21"><span class='ocrx_word' id='word_1_196' title='bbox 295 2886 466 2953; x_wconf 87' lang='lat' dir='ltr'><strong>pape</strong></span> <span class='ocrx_word' id='word_1_197' title='bbox 508 2867 660 2933; x_wconf 90' lang='lat' dir='ltr'><strong>noni</strong></span> <span class='ocrx_word' id='word_1_198' title='bbox 704 2886 871 2932; x_wconf 90' lang='lat' dir='ltr'><strong>anno</strong></span> <span class='ocrx_word' id='word_1_199' title='bbox 917 2867 1397 2952; x_wconf 87' lang='lat' dir='ltr'><strong>quintodecimo.</strong></span> 
     </span>
    </p>
   </div>
   <div class='ocr_carea' id='block_1_4' title="bbox 512 3004 1975 3068">
    <p class='ocr_par' dir='ltr' id='par_1_6' title="bbox 512 3004 1975 3068">
     <span class='ocr_line' id='line_1_24' title="bbox 512 3004 1975 3068; baseline -0.001 -12"><span class='ocrx_word' id='word_1_200' title='bbox 512 3006 555 3068; x_wconf 88' lang='lat'><strong>1,</strong></span> <span class='ocrx_word' id='word_1_201' title='bbox 592 3006 661 3057; x_wconf 86' lang='lat'><strong>52</strong></span> <span class='ocrx_word' id='word_1_202' title='bbox 696 3024 746 3058; x_wconf 92' lang='lat' dir='ltr'><strong>n.</strong></span> <span class='ocrx_word' id='word_1_203' title='bbox 772 3006 859 3059; x_wconf 83' lang='lat'><strong>99.</strong></span> <span class='ocrx_word' id='word_1_204' title='bbox 1076 3007 1123 3058; x_wconf 91' lang='lat'><strong>1.</strong></span> <span class='ocrx_word' id='word_1_205' title='bbox 1160 3023 1229 3058; x_wconf 88' lang='grc'><strong>80.</strong></span> <span class='ocrx_word' id='word_1_206' title='bbox 1256 3005 1435 3058; x_wconf 75' lang='lat' dir='ltr'><strong>Ovidio</strong></span> <span class='ocrx_word' id='word_1_207' title='bbox 1472 3005 1680 3057; x_wconf 86' lang='lat' dir='ltr'><strong>Heroid.</strong></span> <span class='ocrx_word' id='word_1_208' title='bbox 1702 3005 1815 3066; x_wconf 83' lang='lat' dir='ltr'><strong>vn,</strong></span> <span class='ocrx_word' id='word_1_209' title='bbox 1858 3004 1975 3056; x_wconf 86' lang='lat'><strong>130.</strong></span> 
     </span>
    </p>
   </div>
   <div class='ocr_carea' id='block_1_5' title="bbox 306 3252 3168 3450">
    <p class='ocr_par' dir='ltr' id='par_1_7' title="bbox 306 3252 3168 3450">
     <span class='ocr_line' id='line_1_25' title="bbox 306 3252 3168 3338; baseline -0.002 -14"><span class='ocrx_word' id='word_1_210' title='bbox 306 3257 341 3324; x_wconf 94' lang='lat'>1</span> <span class='ocrx_word' id='word_1_211' title='bbox 354 3255 482 3326; x_wconf 88' lang='grc'><strong>40.</strong></span> <span class='ocrx_word' id='word_1_212' title='bbox 525 3257 696 3322; x_wconf 82' lang='grc'>1241</span> <span class='ocrx_word' id='word_1_213' title='bbox 728 3257 878 3322; x_wconf 78' lang='lat' dir='ltr'><strong>iulii</strong></span> <span class='ocrx_word' id='word_1_214' title='bbox 905 3257 990 3323; x_wconf 88' lang='lat'><strong>19</strong></span> <span class='ocrx_word' id='word_1_215' title='bbox 1022 3256 1279 3322; x_wconf 84' lang='lat' dir='ltr'><strong>Romae.</strong></span> <span class='ocrx_word' id='word_1_216' title='bbox 1346 3257 1499 3322; x_wconf 85' lang='lat' dir='ltr'><strong>Duo</strong></span> <span class='ocrx_word' id='word_1_217' title='bbox 1546 3255 1901 3320; x_wconf 77' lang='lat' dir='ltr'><strong>cardinales</strong></span> <span class='ocrx_word' id='word_1_218' title='bbox 1946 3265 2376 3319; x_wconf 68' lang='lat' dir='ltr'><strong>transsumam</strong></span> <span class='ocrx_word' id='word_1_219' title='bbox 2419 3252 2746 3338; x_wconf 80' lang='lat' dir='ltr'><strong>complura</strong></span> <span class='ocrx_word' id='word_1_220' title='bbox 2799 3253 3168 3317; x_wconf 79' lang='lat' dir='ltr'><strong>documenta</strong></span> 
     </span>
     <span class='ocr_line' id='line_1_26' title="bbox 524 3362 2132 3450; baseline -0.004 -21"><span class='ocrx_word' id='word_1_221' title='bbox 524 3364 831 3450; x_wconf 68' lang='lat' dir='ltr'><strong>hospitale</strong></span> <span class='ocrx_word' id='word_1_222' title='bbox 876 3363 947 3430; x_wconf 82' lang='lat' dir='ltr'><strong>S.</strong></span> <span class='ocrx_word' id='word_1_223' title='bbox 982 3363 1205 3429; x_wconf 69' lang='lat' dir='ltr'><strong>Iac-obi</strong></span> <span class='ocrx_word' id='word_1_224' title='bbox 1245 3365 1321 3429; x_wconf 83' lang='lat' dir='ltr'><strong>de</strong></span> <span class='ocrx_word' id='word_1_225' title='bbox 1348 3362 1726 3428; x_wconf 60' lang='lat' dir='ltr'><strong>Andr-evilea</strong></span> <span class='ocrx_word' id='word_1_226' title='bbox 1769 3363 2132 3448; x_wconf 77' lang='lat' dir='ltr'><strong>spectantia.</strong></span> 
     </span>
    </p>
   </div>
   <div class='ocr_carea' id='block_1_6' title="bbox 296 3495 3186 5084">
    <p class='ocr_par' dir='ltr' id='par_1_8' title="bbox 296 3495 3168 4019">
     <span class='ocr_line' id='line_1_27' title="bbox 526 3495 3167 3586; baseline -0.003 -16"><span class='ocrx_word' id='word_1_227' title='bbox 526 3504 656 3570; x_wconf 89' lang='lat' dir='ltr'><strong>Nos</strong></span> <span class='ocrx_word' id='word_1_228' title='bbox 724 3505 939 3571; x_wconf 83' lang='lat' dir='ltr'><strong>divina</strong></span> <span class='ocrx_word' id='word_1_229' title='bbox 1002 3504 1406 3571; x_wconf 89' lang='lat' dir='ltr'><strong>miseratione</strong></span> <span class='ocrx_word' id='word_1_230' title='bbox 1462 3501 1819 3586; x_wconf 81' lang='lat' dir='ltr'><strong>Guiffredus</strong></span> <span class='ocrx_word' id='word_1_231' title='bbox 1876 3495 2268 3567; x_wconf 83' lang='lat' dir='ltr'><strong>Sabinensis¹</strong></span> <span class='ocrx_word' id='word_1_232' title='bbox 2326 3499 2655 3586; x_wconf 88' lang='lat' dir='ltr'><strong>episeopus</strong></span> <span class='ocrx_word' id='word_1_233' title='bbox 2718 3503 2783 3565; x_wconf 90' lang='lat' dir='ltr'><strong>et</strong></span> <span class='ocrx_word' id='word_1_234' title='bbox 2835 3497 3167 3564; x_wconf 90' lang='lat' dir='ltr'><strong>Rainerius</strong></span> 
     </span>
     <span class='ocr_line' id='line_1_28' title="bbox 299 3604 3168 3679; baseline -0.004 0"><span class='ocrx_word' id='word_1_235' title='bbox 299 3617 519 3679; x_wconf 88' lang='lat' dir='ltr'><strong>sancte</strong></span> <span class='ocrx_word' id='word_1_236' title='bbox 561 3611 762 3678; x_wconf 85' lang='lat' dir='ltr'><strong>Marie</strong></span> <span class='ocrx_word' id='word_1_237' title='bbox 817 3611 884 3676; x_wconf 90' lang='lat' dir='ltr'><strong>in</strong></span> <span class='ocrx_word' id='word_1_238' title='bbox 939 3609 1275 3676; x_wconf 86' lang='lat' dir='ltr'><strong>Cosmedin</strong></span> <span class='ocrx_word' id='word_1_239' title='bbox 1333 3610 1632 3676; x_wconf 86' lang='lat' dir='ltr'><strong>diaconus</strong></span> <span class='ocrx_word' id='word_1_240' title='bbox 1688 3606 2040 3675; x_wconf 86' lang='lat' dir='ltr'><strong>cardinales</strong></span> <span class='ocrx_word' id='word_1_241' title='bbox 2091 3611 2313 3672; x_wconf 87' lang='lat' dir='ltr'><strong>notum</strong></span> <span class='ocrx_word' id='word_1_242' title='bbox 2364 3605 2632 3672; x_wconf 85' lang='lat' dir='ltr'><strong>facimus</strong></span> <span class='ocrx_word' id='word_1_243' title='bbox 2685 3604 2998 3671; x_wconf 86' lang='lat' dir='ltr'><strong>universis</strong></span> <span class='ocrx_word' id='word_1_244' title='bbox 3049 3622 3168 3668; x_wconf 89' lang='lat' dir='ltr'><strong>nos</strong></span> 
     </span>
     <span class='ocr_line' id='line_1_29' title="bbox 299 3710 3168 3802; baseline -0.004 -16"><span class='ocrx_word' id='word_1_245' title='bbox 299 3715 540 3786; x_wconf 75' lang='lat' dir='ltr'><strong>vidisse</strong></span> <span class='ocrx_word' id='word_1_246' title='bbox 585 3722 649 3784; x_wconf 93' lang='grc'><strong>01</strong></span> <span class='ocrx_word' id='word_1_247' title='bbox 692 3717 1034 3802; x_wconf 85' lang='lat' dir='ltr'><strong>perlegisse</strong></span> <span class='ocrx_word' id='word_1_248' title='bbox 1080 3717 1159 3784; x_wconf 92' lang='lat' dir='ltr'><strong>de</strong></span> <span class='ocrx_word' id='word_1_249' title='bbox 1192 3716 1382 3783; x_wconf 87' lang='lat' dir='ltr'><strong>verbo</strong></span> <span class='ocrx_word' id='word_1_250' title='bbox 1429 3717 1507 3782; x_wconf 90' lang='lat' dir='ltr'><strong>ad</strong></span> <span class='ocrx_word' id='word_1_251' title='bbox 1538 3714 1800 3782; x_wconf 84' lang='lat' dir='ltr'><strong>verbum</strong></span> <span class='ocrx_word' id='word_1_252' title='bbox 1844 3715 2092 3780; x_wconf 89' lang='lat' dir='ltr'><strong>litteras</strong></span> <span class='ocrx_word' id='word_1_253' title='bbox 2135 3732 2262 3778; x_wconf 90' lang='lat' dir='ltr'><strong>non</strong></span> <span class='ocrx_word' id='word_1_254' title='bbox 2308 3710 2705 3794; x_wconf 80' lang='lat' dir='ltr'><strong>cancellatas,</strong></span> <span class='ocrx_word' id='word_1_255' title='bbox 2747 3730 2877 3776; x_wconf 92' lang='lat' dir='ltr'><strong>non</strong></span> <span class='ocrx_word' id='word_1_256' title='bbox 2906 3710 3168 3776; x_wconf 86' lang='lat' dir='ltr'><strong>viciatas</strong></span> 
     </span>
     <span class='ocr_line' id='line_1_30' title="bbox 296 3815 3166 3908; baseline -0.005 -14"><span class='ocrx_word' id='word_1_257' title='bbox 296 3845 419 3894; x_wconf 89' lang='lat' dir='ltr'><strong>nec</strong></span> <span class='ocrx_word' id='word_1_258' title='bbox 463 3824 731 3891; x_wconf 91' lang='lat' dir='ltr'><strong>abolitas</strong></span> <span class='ocrx_word' id='word_1_259' title='bbox 744 3873 764 3908; x_wconf 79' lang='lat'>,</span> <span class='ocrx_word' id='word_1_260' title='bbox 816 3824 989 3891; x_wconf 90' lang='lat' dir='ltr'><strong>nullo</strong></span> <span class='ocrx_word' id='word_1_261' title='bbox 1046 3823 1259 3890; x_wconf 90' lang='lat' dir='ltr'><strong>addito</strong></span> <span class='ocrx_word' id='word_1_262' title='bbox 1303 3822 1404 3888; x_wconf 85' lang='lat' dir='ltr'><strong>vel</strong></span> <span class='ocrx_word' id='word_1_263' title='bbox 1448 3823 1756 3888; x_wconf 90' lang='lat' dir='ltr'><strong>diminuto</strong></span> <span class='ocrx_word' id='word_1_264' title='bbox 1770 3870 1789 3905; x_wconf 86' lang='lat'><strong>,</strong></span> <span class='ocrx_word' id='word_1_265' title='bbox 1848 3820 2072 3903; x_wconf 88' lang='lat' dir='ltr'><strong>sigillis</strong></span> <span class='ocrx_word' id='word_1_266' title='bbox 2131 3818 2356 3886; x_wconf 90' lang='lat' dir='ltr'><strong>debitis</strong></span> <span class='ocrx_word' id='word_1_267' title='bbox 2415 3822 2480 3884; x_wconf 91' lang='lat' dir='ltr'><strong>et</strong></span> <span class='ocrx_word' id='word_1_268' title='bbox 2530 3817 2794 3900; x_wconf 89' lang='lat' dir='ltr'><strong>integris</strong></span> <span class='ocrx_word' id='word_1_269' title='bbox 2839 3815 3166 3899; x_wconf 83' lang='lat' dir='ltr'><strong>sigillatas,</strong></span> 
     </span>
     <span class='ocr_line' id='line_1_31' title="bbox 300 3923 2742 4019; baseline -0.005 -20"><span class='ocrx_word' id='word_1_270' title='bbox 300 3952 567 4019; x_wconf 89' lang='lat' dir='ltr'><strong>quarum</strong></span> <span class='ocrx_word' id='word_1_271' title='bbox 616 3931 925 4017; x_wconf 88' lang='lat' dir='ltr'><strong>rescripta</strong></span> <span class='ocrx_word' id='word_1_272' title='bbox 964 3931 1032 3996; x_wconf 92' lang='lat' dir='ltr'><strong>in</strong></span> <span class='ocrx_word' id='word_1_273' title='bbox 1076 3929 1355 4016; x_wconf 88' lang='lat' dir='ltr'><strong>presenti</strong></span> <span class='ocrx_word' id='word_1_274' title='bbox 1400 3930 1633 4014; x_wconf 87' lang='lat' dir='ltr'><strong>pagina</strong></span> <span class='ocrx_word' id='word_1_275' title='bbox 1676 3927 2092 3994; x_wconf 86' lang='lat' dir='ltr'><strong>subsecuntur</strong></span> <span class='ocrx_word' id='word_1_276' title='bbox 2134 3927 2202 3992; x_wconf 91' lang='lat' dir='ltr'><strong>in</strong></span> <span class='ocrx_word' id='word_1_277' title='bbox 2245 3926 2412 3992; x_wconf 90' lang='lat' dir='ltr'><strong>hunc</strong></span> <span class='ocrx_word' id='word_1_278' title='bbox 2455 3923 2742 3989; x_wconf 86' lang='lat' dir='ltr'><strong>modum:</strong></span> 
     </span>
    </p>

    <p class='ocr_par' dir='ltr' id='par_1_9' title="bbox 300 4027 3169 4232">
     <span class='ocr_line' id='line_1_32' title="bbox 529 4027 3169 4121; baseline -0.004 -16"><span class='ocrx_word' id='word_1_279' title='bbox 529 4039 804 4119; x_wconf 76' lang='lat' dir='ltr'><strong>(Inserta</strong></span> <span class='ocrx_word' id='word_1_280' title='bbox 846 4051 1023 4104; x_wconf 75' lang='lat' dir='ltr'><strong>sunt.-</strong></span> <span class='ocrx_word' id='word_1_281' title='bbox 1078 4039 1133 4102; x_wconf 89' lang='lat'><strong>1.</strong></span> <span class='ocrx_word' id='word_1_282' title='bbox 1180 4035 1474 4102; x_wconf 88' lang='lat' dir='ltr'><strong>Fratrum</strong></span> <span class='ocrx_word' id='word_1_283' title='bbox 1520 4033 1851 4121; x_wconf 86' lang='lat' dir='ltr'><strong>hospitalis</strong></span> <span class='ocrx_word' id='word_1_284' title='bbox 1884 4033 2088 4099; x_wconf 87' lang='lat' dir='ltr'><strong>sancti</strong></span> <span class='ocrx_word' id='word_1_285' title='bbox 2118 4031 2326 4098; x_wconf 90' lang='lat' dir='ltr'><strong>Iacobi</strong></span> <span class='ocrx_word' id='word_1_286' title='bbox 2355 4031 2434 4098; x_wconf 90' lang='lat' dir='ltr'><strong>de</strong></span> <span class='ocrx_word' id='word_1_287' title='bbox 2463 4027 2835 4097; x_wconf 86' lang='lat' dir='ltr'><strong>Andrevilla</strong></span> <span class='ocrx_word' id='word_1_288' title='bbox 2879 4027 3169 4113; x_wconf 86' lang='lat' dir='ltr'><strong>querelae</strong></span> 
     </span>
     <span class='ocr_line' id='line_1_33' title="bbox 300 4139 2251 4232; baseline -0.005 -20"><span class='ocrx_word' id='word_1_289' title='bbox 300 4155 525 4214; x_wconf 89' lang='lat' dir='ltr'><strong>contra</strong></span> <span class='ocrx_word' id='word_1_290' title='bbox 567 4145 909 4211; x_wconf 87' lang='lat' dir='ltr'><strong>Iohannem</strong></span> <span class='ocrx_word' id='word_1_291' title='bbox 952 4147 1457 4232; x_wconf 82' lang='lat' dir='ltr'><strong>praeceptorem3</strong></span> <span class='ocrx_word' id='word_1_292' title='bbox 1504 4161 1698 4227; x_wconf 88' lang='lat' dir='ltr'><strong>supra</strong></span> <span class='ocrx_word' id='word_1_293' title='bbox 1742 4162 1805 4227; x_wconf 90' lang='lat' dir='ltr'><strong>p.</strong></span> <span class='ocrx_word' id='word_1_294' title='bbox 1836 4141 1964 4204; x_wconf 86' lang='lat'><strong>133</strong></span> <span class='ocrx_word' id='word_1_295' title='bbox 1995 4160 2058 4205; x_wconf 92' lang='lat' dir='ltr'><strong>n.</strong></span> <span class='ocrx_word' id='word_1_296' title='bbox 2091 4139 2251 4220; x_wconf 80' lang='lat'><strong>1323</strong></span> 
     </span>
    </p>

    <p class='ocr_par' dir='ltr' id='par_1_10' title="bbox 302 4239 3171 4549">
     <span class='ocr_line' id='line_1_34' title="bbox 528 4239 3169 4335; baseline -0.005 -18"><span class='ocrx_word' id='word_1_297' title='bbox 528 4253 591 4317; x_wconf 92' lang='grc'><strong>2.</strong></span> <span class='ocrx_word' id='word_1_298' title='bbox 665 4252 831 4316; x_wconf 90' lang='grc'>1237</span> <span class='ocrx_word' id='word_1_299' title='bbox 882 4250 1055 4316; x_wconf 91' lang='lat' dir='ltr'><strong>iunio</strong></span> <span class='ocrx_word' id='word_1_300' title='bbox 1101 4249 1269 4335; x_wconf 91' lang='lat' dir='ltr'><strong>apud</strong></span> <span class='ocrx_word' id='word_1_301' title='bbox 1313 4246 1767 4314; x_wconf 85' lang='lat' dir='ltr'><strong>Andrevillam.</strong></span> <span class='ocrx_word' id='word_1_302' title='bbox 1833 4243 2100 4312; x_wconf 84' lang='lat' dir='ltr'><strong>Goffridi</strong></span> <span class='ocrx_word' id='word_1_303' title='bbox 2141 4243 2372 4332; x_wconf 87' lang='lat' dir='ltr'><strong>prioris</strong></span> <span class='ocrx_word' id='word_1_304' title='bbox 2419 4248 2482 4309; x_wconf 89' lang='lat' dir='ltr'><strong>et</strong></span> <span class='ocrx_word' id='word_1_305' title='bbox 2525 4242 2787 4330; x_wconf 86' lang='lat' dir='ltr'><strong>capituli</strong></span> <span class='ocrx_word' id='word_1_306' title='bbox 2840 4239 3169 4328; x_wconf 82' lang='lat' dir='ltr'><strong>hospitalis</strong></span> 
     </span>
     <span class='ocr_line' id='line_1_35' title="bbox 304 4346 3171 4443; baseline -0.005 -17"><span class='ocrx_word' id='word_1_307' title='bbox 304 4379 355 4426; x_wconf 87' lang='lat' dir='ltr'><strong>s.</strong></span> <span class='ocrx_word' id='word_1_308' title='bbox 397 4357 609 4425; x_wconf 89' lang='lat' dir='ltr'><strong>Iacobi</strong></span> <span class='ocrx_word' id='word_1_309' title='bbox 664 4375 883 4443; x_wconf 87' lang='lat' dir='ltr'><strong>preces</strong></span> <span class='ocrx_word' id='word_1_310' title='bbox 942 4357 1022 4423; x_wconf 88' lang='lat' dir='ltr'><strong>ad</strong></span> <span class='ocrx_word' id='word_1_311' title='bbox 1069 4353 1437 4439; x_wconf 89' lang='lat' dir='ltr'><strong>Gregorium</strong></span> <span class='ocrx_word' id='word_1_312' title='bbox 1496 4372 1729 4440; x_wconf 90' lang='lat' dir='ltr'><strong>papam</strong></span> <span class='ocrx_word' id='word_1_313' title='bbox 1772 4351 1863 4418; x_wconf 81' lang='lat' dir='ltr'><strong>IX</strong></span> <span class='ocrx_word' id='word_1_314' title='bbox 1904 4351 2172 4433; x_wconf 87' lang='lat' dir='ltr'><strong>missae,</strong></span> <span class='ocrx_word' id='word_1_315' title='bbox 2231 4355 2304 4416; x_wconf 92' lang='lat' dir='ltr'><strong>ut</strong></span> <span class='ocrx_word' id='word_1_316' title='bbox 2361 4349 2656 4416; x_wconf 88' lang='lat' dir='ltr'><strong>uniantur</strong></span> <span class='ocrx_word' id='word_1_317' title='bbox 2713 4347 2920 4417; x_wconf 88' lang='lat' dir='ltr'><strong>ordini</strong></span> <span class='ocrx_word' id='word_1_318' title='bbox 2964 4346 3171 4414; x_wconf 89' lang='lat' dir='ltr'><strong>Theu-</strong></span> 
     </span>
     <span class='ocr_line' id='line_1_36' title="bbox 302 4463 1352 4549; baseline -0.007 -17"><span class='ocrx_word' id='word_1_319' title='bbox 302 4466 547 4546; x_wconf 83' lang='grc' dir='ltr'>101110ος</span> <span class='ocrx_word' id='word_1_320' title='bbox 595 4483 789 4549; x_wconf 89' lang='lat' dir='ltr'><strong>supra</strong></span> <span class='ocrx_word' id='word_1_321' title='bbox 833 4483 897 4548; x_wconf 90' lang='lat' dir='ltr'><strong>p.</strong></span> <span class='ocrx_word' id='word_1_322' title='bbox 926 4464 1053 4528; x_wconf 84' lang='lat'><strong>132</strong></span> <span class='ocrx_word' id='word_1_323' title='bbox 1099 4482 1162 4527; x_wconf 88' lang='lat' dir='ltr'><strong>n.</strong></span> <span class='ocrx_word' id='word_1_324' title='bbox 1190 4463 1352 4541; x_wconf 82' lang='lat'><strong>1313</strong></span> 
     </span>
    </p>

    <p class='ocr_par' dir='ltr' id='par_1_11' title="bbox 304 4558 3186 4766">
     <span class='ocr_line' id='line_1_37' title="bbox 527 4558 3186 4655; baseline -0.004 -19"><span class='ocrx_word' id='word_1_325' title='bbox 527 4573 588 4636; x_wconf 86' lang='lat'><strong>3.</strong></span> <span class='ocrx_word' id='word_1_326' title='bbox 664 4571 830 4636; x_wconf 89' lang='grc'>1237</span> <span class='ocrx_word' id='word_1_327' title='bbox 866 4573 1025 4655; x_wconf 89' lang='lat' dir='ltr'><strong>sept.</strong></span> <span class='ocrx_word' id='word_1_328' title='bbox 1056 4571 1137 4634; x_wconf 88' lang='grc'><strong>16</strong></span> <span class='ocrx_word' id='word_1_329' title='bbox 1161 4567 1445 4634; x_wconf 90' lang='lat' dir='ltr'><strong>Viterbii.</strong></span> <span class='ocrx_word' id='word_1_330' title='bbox 1495 4563 1833 4649; x_wconf 85' lang='lat' dir='ltr'><strong>Gregorius</strong></span> <span class='ocrx_word' id='word_1_331' title='bbox 1857 4584 2028 4650; x_wconf 90' lang='lat' dir='ltr'><strong>papa</strong></span> <span class='ocrx_word' id='word_1_332' title='bbox 2045 4561 2136 4630; x_wconf 86' lang='lat' dir='ltr'><strong>IX</strong></span> <span class='ocrx_word' id='word_1_333' title='bbox 2165 4561 2452 4629; x_wconf 88' lang='lat' dir='ltr'><strong>concedit</strong></span> <span class='ocrx_word' id='word_1_334' title='bbox 2481 4559 2836 4647; x_wconf 85' lang='lat' dir='ltr'><strong>petentibus</strong></span> <span class='ocrx_word' id='word_1_335' title='bbox 2865 4558 3186 4634; x_wconf 70' lang='lat' dir='ltr'><strong>fratribus,</strong></span> 
     </span>
     <span class='ocr_line' id='line_1_38' title="bbox 304 4667 2976 4766; baseline -0.005 -21"><span class='ocrx_word' id='word_1_336' title='bbox 304 4677 637 4766; x_wconf 89' lang='lat' dir='ltr'><strong>hospitalis</strong></span> <span class='ocrx_word' id='word_1_337' title='bbox 682 4696 732 4742; x_wconf 90' lang='grc'><strong>8.</strong></span> <span class='ocrx_word' id='word_1_338' title='bbox 764 4676 995 4759; x_wconf 83' lang='grc'>1000111,</span> <span class='ocrx_word' id='word_1_339' title='bbox 1041 4681 1113 4742; x_wconf 88' lang='grc'><strong>01</strong></span> <span class='ocrx_word' id='word_1_340' title='bbox 1156 4675 1455 4740; x_wconf 88' lang='grc'>0111811101·</span> <span class='ocrx_word' id='word_1_341' title='bbox 1499 4671 1706 4738; x_wconf 88' lang='lat' dir='ltr'><strong>ordini</strong></span> <span class='ocrx_word' id='word_1_342' title='bbox 1751 4670 2167 4751; x_wconf 87' lang='lat' dir='ltr'><strong>Theutonico;</strong></span> <span class='ocrx_word' id='word_1_343' title='bbox 2215 4687 2410 4753; x_wconf 87' lang='lat' dir='ltr'><strong>supra</strong></span> <span class='ocrx_word' id='word_1_344' title='bbox 2455 4688 2517 4753; x_wconf 91' lang='lat' dir='ltr'><strong>p.</strong></span> <span class='ocrx_word' id='word_1_345' title='bbox 2549 4668 2674 4734; x_wconf 87' lang='lat'><strong>134</strong></span> <span class='ocrx_word' id='word_1_346' title='bbox 2718 4687 2781 4733; x_wconf 89' lang='lat' dir='ltr'><strong>n.</strong></span> <span class='ocrx_word' id='word_1_347' title='bbox 2813 4667 2976 4750; x_wconf 81' lang='lat'><strong>1343</strong></span> 
     </span>
    </p>

    <p class='ocr_par' dir='ltr' id='par_1_12' title="bbox 306 4773 3174 5084">
     <span class='ocr_line' id='line_1_39' title="bbox 528 4773 3170 4868; baseline -0.005 -20"><span class='ocrx_word' id='word_1_348' title='bbox 528 4785 591 4849; x_wconf 87' lang='lat'><strong>4.</strong></span> <span class='ocrx_word' id='word_1_349' title='bbox 667 4783 832 4848; x_wconf 89' lang='grc'>1237</span> <span class='ocrx_word' id='word_1_350' title='bbox 883 4787 1043 4868; x_wconf 88' lang='lat' dir='ltr'><strong>sept.</strong></span> <span class='ocrx_word' id='word_1_351' title='bbox 1082 4783 1163 4846; x_wconf 89' lang='lat'><strong>16</strong></span> <span class='ocrx_word' id='word_1_352' title='bbox 1209 4779 1495 4847; x_wconf 85' lang='lat' dir='ltr'><strong>Viterbii.</strong></span> <span class='ocrx_word' id='word_1_353' title='bbox 1566 4777 1903 4861; x_wconf 88' lang='lat' dir='ltr'><strong>Gregorius</strong></span> <span class='ocrx_word' id='word_1_354' title='bbox 1961 4796 2129 4862; x_wconf 89' lang='lat' dir='ltr'><strong>papa</strong></span> <span class='ocrx_word' id='word_1_355' title='bbox 2171 4774 2262 4842; x_wconf 87' lang='lat' dir='ltr'><strong>IX</strong></span> <span class='ocrx_word' id='word_1_356' title='bbox 2305 4774 2471 4841; x_wconf 89' lang='lat' dir='ltr'><strong>idem</strong></span> <span class='ocrx_word' id='word_1_357' title='bbox 2529 4778 2742 4839; x_wconf 89' lang='lat' dir='ltr'><strong>notum</strong></span> <span class='ocrx_word' id='word_1_358' title='bbox 2791 4773 2944 4838; x_wconf 84' lang='lat' dir='ltr'><strong>facit</strong></span> <span class='ocrx_word' id='word_1_359' title='bbox 2986 4791 3170 4857; x_wconf 89' lang='lat' dir='ltr'><strong>prae-</strong></span> 
     </span>
     <span class='ocr_line' id='line_1_40' title="bbox 306 4879 3174 4978; baseline -0.005 -20"><span class='ocrx_word' id='word_1_360' title='bbox 306 4891 549 4978; x_wconf 88' lang='lat' dir='ltr'><strong>ceptori</strong></span> <span class='ocrx_word' id='word_1_361' title='bbox 604 4895 667 4956; x_wconf 91' lang='lat' dir='ltr'><strong>et</strong></span> <span class='ocrx_word' id='word_1_362' title='bbox 719 4888 1021 4955; x_wconf 86' lang='lat' dir='ltr'><strong>fratribus</strong></span> <span class='ocrx_word' id='word_1_363' title='bbox 1077 4886 1409 4973; x_wconf 91' lang='lat' dir='ltr'><strong>hospitalis</strong></span> <span class='ocrx_word' id='word_1_364' title='bbox 1466 4907 1517 4952; x_wconf 89' lang='lat' dir='ltr'><strong>s.</strong></span> <span class='ocrx_word' id='word_1_365' title='bbox 1560 4884 1799 4952; x_wconf 87' lang='lat' dir='ltr'><strong>Mariae</strong></span> <span class='ocrx_word' id='word_1_366' title='bbox 1852 4882 2380 4950; x_wconf 87' lang='lat' dir='ltr'><strong>Theutonicorum</strong></span> <span class='ocrx_word' id='word_1_367' title='bbox 2446 4880 2515 4946; x_wconf 92' lang='lat' dir='ltr'><strong>in</strong></span> <span class='ocrx_word' id='word_1_368' title='bbox 2571 4879 2908 4960; x_wconf 81' lang='lat' dir='ltr'><strong>Romania3</strong></span> <span class='ocrx_word' id='word_1_369' title='bbox 2977 4897 3174 4964; x_wconf 88' lang='lat' dir='ltr'><strong>supra</strong></span> 
     </span>
     <span class='ocr_line' id='line_1_41' title="bbox 306 4996 825 5084; baseline -0.006 -22"><span class='ocrx_word' id='word_1_370' title='bbox 306 5017 371 5084; x_wconf 88' lang='lat' dir='ltr'><strong>p.</strong></span> <span class='ocrx_word' id='word_1_371' title='bbox 400 4997 527 5064; x_wconf 84' lang='lat'><strong>135</strong></span> <span class='ocrx_word' id='word_1_372' title='bbox 569 5017 635 5062; x_wconf 86' lang='lat' dir='ltr'><strong>n.</strong></span> <span class='ocrx_word' id='word_1_373' title='bbox 666 4996 825 5078; x_wconf 76' lang='lat'>1353</span> 
     </span>
    </p>
   </div>
  </div>
 </body>
</html>
