3892 5609
1348 348 1742 397 vanAEGIA
1789 348 2183 399 emmau
3046 338 3197 409 255

317 504 732 587 magittarum
763 506 1068 591 captivati
1097 504 1179 573 ad
1207 507 1585 591 magistrum
1615 526 1983 593 supremum
2031 512 2095 575 et
2124 507 2411 575 ordinem
2442 528 2627 575 suum
2661 502 3081 593 spectantes²⁶
3124 506 3201 573 li-

317 610 460 677 beri
488 611 723 679 dimitti
751 612 1002 699 penitus
1035 618 1099 679 et
1128 613 1338 679 soluti.
1405 614 1480 680 In
1509 634 1660 681 casu
1683 634 1852 699 vero,
1903 635 2025 700 quo
2057 614 2166 682 ille
2195 614 2297 681 vel
2326 614 2441 699 illi,
2490 616 2599 699 qui
2632 614 2885 681 eosdem
2918 613 3200 699 captivos

315 717 386 783 in
417 719 788 803 captivitate
818 720 1120 804 detinent,
1167 719 1236 787 id
1278 722 1490 807 ipsum
1528 722 1735 789 facere
1778 742 1904 787 non
1944 728 2257 806 curarent,
2306 727 2537 789 extunc
2580 722 2865 809 prefatus
2912 720 3200 787 dominus

319 822 707 892 wladislaus
738 847 853 893 rex
881 826 1160 911 Polonie,
1204 828 1403 894 frater
1432 833 1666 912 noster,
1715 848 1858 895 cum
1891 829 2021 895 suis
2051 830 2241 895 terris
2286 834 2351 895 et
2382 849 2599 894 earum
2642 828 2934 912 gentibus
2983 846 3057 893 ac
3090 827 3200 893 ho-

316 932 600 1001 minibus
630 931 868 999 eisdem
897 933 1139 1000 nullum
1185 939 1470 1021 prestare
1501 935 1774 1019 debebit,
1821 941 1894 1001 ut
1937 936 2369 1021 prescribitur,
2416 935 2723 1001 auxilium
2756 934 2854 1001 vel
2885 935 3197 1001 iuvamen.

545 1040 722 1124 Item,
771 1039 1298 1126 quemadmodum
1342 1041 1663 1127 predictus
1711 1042 2151 1109 serenissimus
2193 1041 2483 1109 dominus
2506 1041 2889 1109 Wladislaus
2933 1062 3050 1108 rex
3079 1041 3200 1107 Po-

315 1128 511 1231 lonie,
555 1148 752 1213 frater
797 1153 1031 1232 noster,
1079 1149 1452 1231 magistrum
1499 1153 1564 1215 et
1607 1148 1892 1214 ordinem
1939 1148 2295 1235 inculparet
2336 1154 2633 1235 pretextu
2664 1151 2837 1234 pacis
2873 1153 3198 1235 perpetue,

318 1272 513 1337 quam
557 1253 723 1321 inter
767 1274 836 1321 se
881 1254 962 1321 ab
1007 1259 1274 1339 utraque
1319 1259 1500 1343 parte
1547 1256 1931 1339 habuerunt,
1988 1257 2153 1339 quod
2200 1258 2325 1343 ipsi
2370 1257 2631 1323 eandem
2680 1256 2950 1322 violasse
2995 1260 3059 1321 et
3101 1256 3200 1319 in-

315 1358 584 1443 fregisse
629 1359 1025 1446 debuissent,
1083 1366 1148 1427 et
1191 1361 1360 1428 idem
1411 1363 1715 1446 magister
1760 1367 1824 1428 et
1868 1362 2021 1428 ordo
2080 1362 2347 1429 eundem
2404 1363 2729 1429 dominum
2782 1361 3199 1428 Wladislaum

315 1486 535 1551 regem
577 1466 873 1553 Polonie,
919 1469 1182 1535 fratrem
1225 1476 1546 1553 nostrum,
1607 1489 1720 1555 per
1765 1470 1975 1555 ipsum
2024 1475 2089 1535 et
2142 1490 2288 1536 suos
2336 1470 2599 1536 eandem
2654 1490 2875 1555 pacem
2921 1469 3055 1534 fore
3100 1469 3198 1534 in-

317 1572 580 1659 culpant
623 1574 956 1659 violatam,
1004 1574 1274 1642 eundem
1319 1576 1653 1643 articulum
1701 1596 1828 1643 una
1873 1596 2017 1642 cum
2064 1576 2387 1661 dampnis,
2433 1576 2823 1660 homicidiiS,
2868 1575 3197 1659 incendiis,

317 1681 579 1767 stupris,
626 1682 956 1768 vituperiis
1005 1688 1068 1749 et
1111 1682 1286 1769 pacis
1330 1683 1744 1749 fractionibus
1779 1684 2111 1769 utriusque
2154 1683 2357 1770 partis
2402 1684 2721 1749 maiestati
2752 1688 2966 1749 nostre
2994 1702 3198 1750 reser-

315 1806 562 1872 vamus,
593 1788 876 1855 volentes
908 1789 1300 1855 consiliarios
1333 1794 1397 1857 et
1426 1791 1660 1857 amicos
1692 1794 1940 1855 nostros
1974 1790 2055 1856 ad
2084 1790 2203 1857 1106
2232 1791 2663 1857 transmittere
2693 1790 2943 1856 easdem
2976 1810 3199 1857 causas

315 1895 761 1979 perscrutandi
806 1892 1085 1979 causa²⁷3
1149 1901 1241 1981 et,
1289 1897 1346 1962 si
1389 1896 1470 1963 de
1514 1897 1750 1964 eisdem
1799 1897 2006 1963 edocti
2049 1896 2387 1981 fuerimus,
2449 1902 2679 1963 extunc
2724 1916 2915 1982 super
2960 1896 3199 1963 eisdem

318 2006 470 2067 ante
513 2001 744 2068 festum
793 2004 996 2069 sancti
1025 2003 1320 2070 Iohannis
1351 2003 1638 2091 Baptiste
1683 2004 2101 2091 pronunciare
2134 2004 2423 2071 volumus
2471 2008 2535 2070 et
2578 2003 2862 2088 utrisque
2906 2004 3196 2089 partibus

315 2108 403 2175 ad
448 2113 662 2177 nostre
707 2110 1057 2177 maiestatis
1101 2112 1492 2197 presenciam
1541 2132 1731 2197 super
1777 2106 1942 2177 die²⁸
1992 2116 2216 2178 octava
2258 2115 2403 2197 post
2447 2111 2679 2177 festum
2724 2110 2928 2176 sancti
2956 2109 3199 2176 Urbani

315 2216 608 2301 proxime
654 2221 990 2283 venturum
1033 2218 1374 2285 terminum
1407 2219 1742 2285 statuimus
1778 2219 2155 2303 revertendi,
2202 2219 2293 2285 sic
2324 2220 2489 2304 quod
2522 2217 2798 2303 quelibet
2826 2238 2976 2304 pars
3006 2238 3198 2303 super

316 2322 538 2389 eodem
585 2322 688 2389 die
727 2325 1126 2392 consiliarios
1138 2322 1186 2355 ¹⁹
1231 2346 1378 2392 suos
1425 2346 1569 2392 cum
1618 2330 1930 2412 potestate
1976 2347 2091 2392 sua
2134 2327 2461 2413 premissis
2496 2346 2575 2391 ex
2606 2325 2813 2392 causis
2861 2324 2943 2391 ad
2980 2330 3196 2390 nostre

313 2430 670 2498 maiestatis
713 2432 1106 2519 presenciam
1119 2482 1139 2517 ,
1197 2434 1307 2499 ubi
1359 2438 1628 2520 protunc
1683 2434 2011 2500 constituti
2064 2433 2367 2500 fuerimus
2380 2483 2399 2517 ,
2456 2433 2887 2499 transmittere
2945 2430 3199 2497 debebit

313 2537 912 2623 pronunciacionem
959 2543 1024 2605 et
1075 2540 1561 2608 arbitracionem
1603 2544 1889 2607 nostram
1945 2540 2270 2607 audituros
2281 2536 2329 2569 ³⁰
2376 2538 2825 2625 acceptandam
2840 2534 2881 2567 ³¹
2927 2543 2991 2604 et
3032 2537 3197 2605 hanc

313 2646 822 2730 prosequendam
835 2640 902 2711 ⁸².
970 2645 1058 2712 Et
1103 2646 1407 2731 quidquid
1451 2648 1617 2715 inter
1661 2649 2133 2739 serenissimum
2169 2647 2521 2734 principem
2569 2646 2893 2711 dominum
2922 2644 3195 2713 Wladis-

313 2748 492 2817 laum
535 2772 748 2835 regem
795 2751 1084 2839 Polonie,
1131 2755 1392 2821 fratrem
1437 2760 1757 2839 nostrum,
1780 2783 1792 2794 ·
1818 2760 1882 2822 et
1939 2754 2313 2838 magistrum
2360 2759 2424 2820 et
2478 2752 2761 2819 ordinem
2822 2772 3006 2817 81111111
3051 2770 3195 2838 pre-

315 2858 520 2924 dictos
568 2864 634 2926 et
677 2858 833 2926 alios
877 2861 1196 2948 principes
1243 2867 1307 2928 et
1352 2862 1638 2928 dominos
1684 2868 1815 2928 tam
1875 2862 2238 2947 spirituales
2285 2881 2473 2946 quam
2519 2859 2831 2927 seculares
2878 2864 3194 2925 utrarum-

315 2984 440 3050 que
485 2967 764 3052 partium
815 2986 932 3051 pro
979 2968 1268 3035 omnibus
1314 2968 1674 3036 huiusmodi
1721 2970 2045 3056 dampnis,
2108 2969 2495 3052 homicidiis,
2554 2966 2805 3053 spoliiS,
2866 2965 3193 3049 incendiiS,

315 3073 578 3159 stupriS,
601 3073 933 3161 vituperiis
965 3079 1030 3141 et
1058 3076 1234 3162 pacis
1264 3077 1696 3161 fractionibus,
1731 3082 1920 3161 prout
1947 3076 2239 3163 superius
2272 3094 2641 3162 expressum
2668 3078 2784 3159 est,
2818 3073 3195 3158 pronuncia-

313 3180 616 3266 verimus,
667 3181 737 3247 in
780 3182 900 3247 1106
943 3181 1302 3249 celsitudini
1347 3188 1562 3251 nostre
1609 3183 1885 3268 quelibet
1927 3203 2079 3269 pars
2124 3204 2347 3269 parere
2393 3182 2646 3249 debebit
2690 3186 2755 3247 61
2799 3179 3195 3263 integraliter

315 3286 595 3371 obedire,
641 3294 707 3355 et
747 3309 876 3354 una
918 3309 1067 3374 pars
1112 3295 1362 3376 partem
1408 3290 1693 3373 alteram,
1742 3290 1875 3357 sive
1921 3290 2051 3355 sint
2096 3288 2456 3374 spirituales
2494 3290 2627 3355 sive
2668 3286 3001 3371 seculares,
3048 3307 3193 3372 pre-

313 3398 498 3460 textu
540 3395 993 3480 premissorum
1023 3396 1282 3463 inantea
1323 3402 1388 3463 et
1417 3398 1494 3463 de
1525 3402 1732 3463 cetero
1763 3396 2070 3483 impetere
2102 3418 2213 3463 seu
2244 3416 2497 3462 causam
2532 3416 2783 3463 movere
2812 3415 2942 3460 non
2972 3394 3197 3460 debeat

311 3500 454 3567 foro
500 3500 920 3569 ecclesiastico
953 3523 1063 3569 seu
1093 3502 1381 3588 seculari,
1428 3505 1541 3571 sed
1572 3504 1650 3571 de
1680 3505 2207 3591 pronunciacione
2237 3508 2457 3571 nostra
2482 3502 2765 3589 plenarie
2800 3499 3195 3585 integraliter

313 3608 688 3675 contentari.

539 3715 720 3800 Item,
770 3714 1072 3800 quidquid
1115 3716 1428 3784 illustrem
1473 3718 1737 3784 fratrem
1772 3718 2116 3784 Iohannem
2164 3717 2386 3784 ducem
2430 3710 2793 3800 Mazovie⁸⁸,
2842 3714 3193 3802 principem

311 3824 847 3907 consanguineum
893 3827 1176 3889 nostrum
1193 3873 1212 3908 ,
1265 3829 1560 3911 pretextu
1605 3826 2007 3911 questionum
2051 3830 2117 3891 et
2171 3823 2569 3911 querelarum
2613 3823 2931 3889 maiestati
2978 3827 3193 3888 nostre

311 3950 433 4016 pro
478 3934 660 4016 parte
703 3929 904 4016 ipsius
951 3936 1172 3997 contra
1215 3937 1280 3997 et
1325 3932 1626 3999 adversus
1679 3932 2055 4015 magistrum
2102 3938 2167 3998 et
2212 3930 2495 3998 ordinem
2542 3930 2820 4016 prefatos
2872 3932 3192 4015 porrecta-

307 4056 456 4102 rum
501 4036 841 4121 concernit,
888 4037 1058 4121 apud
1101 4058 1216 4104 nos
1263 4058 1658 4105 reservamus
1687 4038 1970 4105 volentes
2018 4058 2207 4125 super
2250 4038 2373 4103 hiis
2420 4036 2667 4124 plenius
2711 4035 3098 4123 perscrutari
3131 4040 3195 4106 61

309 4164 505 4229 super
550 4144 720 4211 dicta
763 4144 866 4210 die
911 4148 1134 4211 octava
1171 4151 1318 4231 post
1358 4146 1594 4213 festum
1637 4146 1841 4213 sancti
1869 4144 2112 4213 Urbani
2155 4147 2445 4233 proxime
2472 4150 2809 4212 venturum
2854 4143 2922 4210 in
2972 4142 3193 4210 eadem

309 4251 584 4317 materia
628 4250 920 4317 similiter
962 4252 1400 4337 pronunciare.

535 4356 698 4423 Item
740 4362 1039 4444 pretextu
1083 4360 1274 4425 castri
1305 4359 1552 4426 Dresno
1601 4364 1666 4427 et
1711 4358 1981 4425 aliorum
2025 4364 2377 4425 castrorum
2414 4359 2615 4425 eciam
2644 4358 2737 4424 nil
2784 4357 3049 4423 dicimus
3082 4376 3195 4424 seu

308 4464 806 4552 pronunciamus
853 4486 932 4532 ex
977 4485 1072 4550 eo,
1121 4466 1289 4552 quod
1331 4466 1452 4532 hoc
1493 4466 1824 4549 negocium
1857 4464 1937 4532 ad
1983 4465 2453 4531 serenissimum
2482 4465 2837 4551 principem
2870 4463 3193 4530 dominum

311 4570 791 4655 Sigismundum
834 4592 1048 4655 regem
1076 4572 1356 4656 Ungarie
1385 4577 1528 4656 etc.,
1571 4572 1833 4639 fratrem
1881 4576 2170 4639 nostrum
2198 4572 2617 4656 carissimum,
2664 4571 3011 4637 dinoscitur
3050 4589 3194 4657 per-

308 4678 518 4745 tinere
564 4682 681 4745 etc.

538 4784 696 4851 Item
738 4785 1230 4871 pronunciamus
1277 4790 1342 4853 61
1386 4784 1688 4869 dicimus,
1746 4785 1914 4868 quod
1966 4784 2233 4851 illustris
2280 4784 2638 4869 Conradm,
2699 4783 2829 4851 dux
2886 4782 3085 4849 Slesie
3131 4787 3197 4849 et

311 4890 700 4959 Olsnicensis
713 4886 780 4977 ⁸⁴,
841 4897 904 4958 e't
949 4892 1116 4959 filius
1161 4892 1363 4977 ipsius
1410 4893 1614 4959 dictus
1663 4892 1916 4977 Senior,
1970 4893 2435 4976 consangwinei
2480 4892 2683 4958 nostri
2728 4890 3070 4974 carissimi,
3132 4893 3197 4957 et

311 5018 535 5067 omnes
581 4998 692 5066 alii
733 4999 980 5067 nobiles
1026 5004 1090 5067 et
1117 4999 1518 5069 honorabiles
1548 4999 1890 5087 prudentes
1928 4995 2332 5067 consiliarii³⁵
2378 5004 2445 5066 et
2473 4999 2687 5065 nuncii
2716 4998 2939 5082 nostri,
2986 4996 3195 5064 cuius-
