3892 5609
1367 407 1753 458 ramnum
1781 409 2185 458 -Gsunasma
3032 399 3182 470 457

360 569 625 637 salutem
669 574 733 636 et
776 568 1182 657 apostolicam
1227 569 1736 636 benedictionem.
1808 568 1965 636 Cum
2012 589 2049 634 a
2092 569 2275 637 nobis
2306 607 2388 618 --
2421 571 2893 640 communimus.
2955 570 3189 638 Datum

360 677 722 744 Constantie
765 696 962 743 nonas
1005 677 1176 762 maii,
1221 675 1616 770 pontificatus
1660 678 1860 744 nostri
1906 697 2069 744 anno
2098 678 2324 765 primo.

567 817 824 883 originale
859 835 968 870 cum
1003 819 1140 870 bulla
1173 818 1222 869 in
1261 817 1459 870 archivo
1482 817 1864 884 Regimontano,
1901 819 1997 870 huc
2031 819 2235 870 tandem
2260 819 2497 871 cracovia
2520 819 2753 870 delatum.
2814 818 2873 870 In
2907 819 3191 870 Inventario

359 908 546 960 archivi
581 907 920 958 cracoviensis
955 907 1035 959 ed.
1073 906 1276 958 Parisiis
1305 907 1444 958 1862
1477 923 1528 973 p.
1548 907 1618 957 80
1651 907 1854 958 citatur:
1891 907 2138 960 Martinus
2172 925 2309 974 papa
2332 907 2379 958 V
2412 908 2523 959 iura
2558 917 2611 960 et
2643 906 2905 974 privilegia
2938 907 3189 958 cruciferis

357 1014 598 1050 concessa
631 996 902 1048 confirmat.
955 995 1140 1046 Datum
1165 995 1484 1047 Constantine
1519 996 1662 1046 nonis
1697 996 1813 1046 maii
1849 997 2164 1062 pontificatus
2199 1014 2331 1048 anno
2354 997 2527 1063 primo.
2587 996 2781 1048 Ibidem
2802 1005 3191 1062 transsumptum

361 1086 569 1151 Caspari
613 1084 834 1150 episcopi
869 1084 1267 1136 Pomesaniensis
1310 1084 1358 1135 d.
1385 1084 1434 1135 d.
1469 1084 1802 1152 Riesenburgi
1844 1084 1976 1136 1445
2013 1085 2183 1138 novbr.
2215 1083 2277 1137 17
2316 1086 2421 1136 eius
2458 1085 2620 1151 sigillo
2654 1085 2909 1136 munitum.

368 1289 540 1360 707.
579 1292 755 1358 1419
798 1291 986 1378 april.
1019 1291 1106 1357 10
1151 1291 1525 1358 Florentiae.
1606 1292 1924 1358 Martinus
1968 1291 2027 1356 V
2077 1293 2384 1373 declarat,
2444 1293 2725 1358 ecclesias
2780 1305 2836 1358 et
2878 1293 3009 1358 alia
3056 1291 3192 1358 loca

581 1400 798 1464 domus
853 1399 1179 1484 hospitalis
1232 1422 1282 1464 s.
1326 1401 1577 1468 Mariae
1636 1398 2154 1465 Theutonicorum
2208 1413 2443 1466 exemta
2499 1422 2626 1466 esse
2680 1425 2722 1465 a
2776 1402 3194 1486 praestatione

577 1507 882 1585 decimae,
939 1527 1130 1592 quam
1183 1507 1260 1572 de
1317 1507 1598 1571 omnibus
1648 1507 2046 1592 proventibus
2098 1508 2521 1572 ecclesiasticis
2554 1529 2683 1594 per
2720 1530 2915 1573 unum
2958 1529 3195 1572 annum

583 1611 988 1698 Siqvlsmundo
1035 1614 1464 1680 Romano-rum
1507 1616 1645 1699 reqi
1685 1625 2081 1678 concesserat.

579 1743 888 1812 Martinus
935 1746 1262 1832 episcopus
1307 1767 1522 1812 servus
1567 1765 1890 1812 servorum
1934 1745 2035 1812 dei
2084 1745 2161 1812 ad
2190 1745 2465 1812 futuram
2498 1747 2591 1813 rei
2620 1745 3005 1814 memoriam.
3072 1745 3195 1812 Ro-

361 1851 535 1917 mani
588 1851 900 1939 pontificis
957 1853 1428 1940 circumspectio
1483 1852 1748 1940 provida
1805 1872 2255 1937 nonnunquam
2308 1858 2487 1937 gesta
2538 1873 2652 1938 per
2710 1873 2878 1937 eam,
2945 1872 3026 1919 ne
3080 1852 3196 1919 sub

361 1957 726 2042 ignorancia
768 1960 920 2027 facti
964 1961 1236 2046 regulari
1280 1961 1612 2047 presertim
1657 1959 1914 2045 ascripti
1960 1960 2326 2027 castimonie
2380 1960 2821 2027 vexacionibus
2866 1960 3197 2044 adigantur

362 2065 657 2132 indebitis
673 2115 691 2150 ‚
758 2067 1060 2134 dilucidat
1114 2068 1473 2153 dirimitque
1526 2066 1910 2134 liberaminis
1968 2085 2085 2152 ope
2137 2067 2561 2152 condecentis‚
2628 2067 2791 2134 sicut
2853 2079 3063 2152 rerum
3133 2071 3200 2133 et

363 2177 717 2260 temporum
761 2173 1062 2259 qualitate
1104 2181 1367 2261 pensata
1407 2175 1474 2240 id
1503 2173 1808 2260 conspicit
1833 2173 1902 2238 in
1930 2173 2183 2240 domino
2214 2175 2547 2242 salubriter
2578 2172 2891 2261 expedire.
2944 2173 3199 2240 Dudum

363 2278 692 2365 siqnidem,
739 2280 1026 2348 videlicet
1053 2282 1140 2347 vii
1171 2280 1293 2347 kal.
1325 2281 1624 2348 februarii
1665 2281 2061 2367 pontificatus
2105 2282 2307 2347 nostri
2352 2301 2514 2348 anno
2544 2282 2747 2367 primo
2778 2281 3087 2347 carissimi
3128 2281 3197 2346 in

365 2385 614 2452 Christo
668 2387 782 2453 filii
837 2389 1036 2454 nostri
1093 2387 1475 2472 Sigismundi
1529 2387 1951 2456 Romanorum
2004 2389 2171 2473 regis
2227 2388 2499 2455 illustris·
2542 2387 2897 2454 devocionis
2950 2388 3197 2470 merita,

367 2493 589 2578 quibus
635 2513 784 2578 erga
826 2495 1010 2561 deum
1055 2500 1120 2562 et
1159 2493 1576 2562 universalem
1623 2495 1944 2562 ecclesiam
1992 2495 2321 2582 presertim
2368 2495 2535 2562 circa
2582 2495 2879 2562 unionem
2921 2494 3201 2561 eiusdem

367 2619 492 2666 non
537 2601 672 2668 sine
715 2601 960 2684 magnis
1006 2602 1220 2668 eciam.
1247 2601 1680 2690 personalibus
1723 2601 2042 2670 laboribus
2087 2610 2154 2671 et
2202 2603 2493 2689 expensis
2549 2601 2861 2668 claruerat
2914 2608 2979 2670 et
3032 2601 3201 2668 clare

366 2706 803 2774 dinoscebatur
846 2713 1088 2775 attenta
1130 2709 1560 2794 meditacione,
1605 2716 1940 2797 pensantes
1988 2715 2319 2796 propterea
2364 2714 2429 2777 et
2472 2729 2550 2777 ex
2596 2710 2781 2775 certis
2824 2707 2962 2775 aliis
2995 2709 3199 2776 causis

366 2818 652 2880 nostrum
697 2815 776 2880 ad
821 2815 886 2882 id
929 2815 1206 2882 animum
1253 2816 1641 2884 moventibus
1689 2823 1938 2884 matura
1981 2837 2123 2884 cum
2155 2816 2613 2884 venerabilibus
2640 2815 2937 2883 fratribus
2968 2816 3199 2882 nostris

367 2927 582 2988 sancte
625 2920 902 2988 Romane
947 2922 1204 2989 ecclesie
1249 2923 1665 2991 cardinalibus
1709 2944 1899 3011 super
1943 2924 2061 2990 hoc
2106 2924 2559 2991 deliberacione
2614 2922 2943 3010 prehabita
2996 2941 3069 2990 ac
3122 2923 3203 2990 de

364 3028 644 3114 ipsorum
711 3028 970 3096 consilio
1036 3049 1276 3096 necnon
1331 3031 1778 3098 venerabilium
1841 3031 2105 3096 fratrum
2160 3035 2516 3097 nostrorum
2574 3030 3202 3116 archiepiscoporum,

368 3135 801 3222 episcoporum
847 3141 910 3204 et
951 3135 1318 3203 dilectorum
1361 3136 1632 3203 filiorum
1677 3138 2016 3204 electorum
2030 3187 2049 3221 ‚
2105 3138 2682 3204 administratorum
2726 3156 2969 3204 necnon
3012 3136 3203 3203 abba-

369 3249 502 3310 tum
549 3249 614 3310 et
656 3243 919 3310 aliorum
964 3243 1042 3310 de
1086 3245 1340 3310 natione
1383 3243 1756 3311 Germanica
1783 3251 2079 3332 percepto
2110 3244 2497 3331 beneplacito
2527 3243 2867 3310 voluntatis
2900 3262 2977 3310 ac
3004 3243 3200 3310 eciam

369 3349 872 3436 predecessorum
919 3358 1275 3418 nostrorum
1303 3350 1722 3418 Romanorum
1767 3349 2129 3437 pontificum
2178 3356 2244 3418 et
2285 3349 2545 3417 aliorum
2577 3370 2693 3437 pro
2722 3349 3018 3418 Romanis
3046 3368 3203 3436 pon-

367 3457 638 3526 tificibus
681 3459 1032 3525 habitorum
1079 3459 1248 3524 circa
1291 3458 1408 3524 hoc
1448 3459 1730 3541 vestigiis
1773 3458 2127 3525 inherentes
2164 3458 2473 3524 decimam
2500 3457 2807 3542 integram
2839 3457 3025 3524 unius
3056 3456 3205 3523 anni

370 3566 648 3631 omnium
693 3563 1045 3632 reddituum
1093 3571 1158 3632 et
1198 3571 1609 3651 proventuum
1655 3565 2211 3632 ecclesiasticorum
2242 3567 2309 3632 111
2350 3565 2707 3651 provinciis,
2752 3564 3111 3632 civitatibus
3141 3569 3207 3630 et

371 3672 738 3756 diocesibus,
785 3673 970 3738 terris
1015 3679 1080 3740 et
1119 3672 1274 3739 locis
1317 3673 1597 3739 nacionis
1629 3670 1997 3739 Germanice
2042 3673 2241 3739 tocius
2283 3672 2605 3758 provincie
2634 3672 3032 3739 Treverensis
3060 3691 3205 3740 nec-

369 3798 496 3870 non
553 3777 915 3846 Basiliensis
983 3783 1048 3845 et
1099 3779 1462 3847 Leodiensis
1523 3779 1846 3846 civitatum
1917 3786 1984 3846 et
2042 3780 2379 3848 diocesium
2436 3779 2551 3846 sub
2606 3779 2884 3846 Romano
2938 3778 3203 3865 imperio

371 3885 848 3952 consistencium
919 3886 1224 3952 dictorum
1291 3887 1700 3954 cardinalium
1757 3905 1999 3952 necnon
2052 3887 2252 3953 sancti
2310 3886 2601 3954 Iohannis
2656 3893 2719 3978 et
2773 3887 2955 3954 beate
3006 3885 3207 3952 Maris

371 3993 889 4060 Theotonicorum
937 3991 1412 4060 lerosolimitani
1454 3993 1858 4080 hospitalium
1911 3995 2227 4080 personis,
2286 3993 2497 4077 bonis,
2554 3993 2901 4060 redditibus
2954 3997 3028 4066 et,
3060 4012 3205 4079 pro-

373 4100 661 4168 ventibus
707 4101 1034 4166 dumtaxat
1077 4101 1354 4187 exceptis
1402 4099 1480 4166 ab
1525 4100 1810 4168 omnibus
1869 4107 1932 4168 et
1984 4101 2245 4184 singulis
2302 4101 2814 4188 archiepiscopis,
2871 4099 3205 4186 episcopis,

375 4207 586 4276 electis
599 4257 619 4290 ,
665 4206 1303 4291 administratoribu8‚
1361 4206 1753 4290 regularibus
1800 4213 1864 4275 et
1906 4207 2287 4274 secularibus
2332 4208 2733 4274 ecclesiarum
2778 4208 3207 4293 metropolita·-

371 4334 596 4382 narum
641 4319 704 4380 et
747 4312 1194 4380 cathedralium
1241 4315 1550 4402 exemptis
1595 4320 1658 4381 et
1702 4335 1825 4381 non
1871 4314 2179 4400 exemptis
2232 4316 2299 4380 in
2350 4316 2689 4400 provinciis
2745 4321 2809 4382 et
2848 4315 3207 4382 civitatibus

373 4442 566 4508 supra
609 4422 858 4508 scriptis
915 4422 1302 4506 constitutis,
1360 4428 1548 4509 prout
1605 4442 1816 4490 eorum
1865 4421 2207 4507 quemlibet
2248 4429 2677 4506 concerneret,
2737 4422 3096 4490 solvendam
3144 4429 3210 4490 et

374 4529 742 4595 auctoritate
783 4534 1000 4595 nostra
1043 4549 1156 4616 per
1201 4529 1587 4616 deputandos
1634 4551 1672 4596 a
1701 4530 1880 4597 nobis
1913 4528 2281 4612 exigendam
2323 4529 2489 4595 infra
2516 4529 2641 4596 kal.
2676 4530 3029 4597 novembris
3058 4535 3209 4596 tunc

375 4637 659 4725 proxime
700 4637 892 4703 futuri
937 4637 1004 4702 in
1050 4641 1299 4704 moneta
1349 4637 1414 4702 in
1470 4635 1732 4721 singulis
1786 4635 2070 4723 partibus
2126 4655 2375 4702 cursum
2432 4637 2699 4704 habente
2754 4643 2819 4704 et
2870 4637 3210 4704 secundum

376 4744 885 4810 constitucionem
959 4764 1148 4829 super
1222 4745 1451 4810 talibus
1526 4745 1755 4811 editam
1830 4745 1897 4810 in
1972 4744 2233 4810 concilio
2292 4742 2649 4829 Wyeniensi
2728 4765 2799 4811 ac
2866 4745 2933 4810 in
3006 4745 3207 4830 ipsius

378 4871 524 4916 usus
579 4870 694 4936 pro
751 4850 883 4916 eius
950 4850 1286 4918 voluntatis
1351 4851 1528 4919 libito
1595 4851 2077 4919 convertendam
2141 4851 2535 4937 imponentes
2592 4853 2911 4919 serenitati
2968 4871 3079 4917 sue
3132 4851 3209 4919 de

379 4957 715 5044 apostolice
768 4957 934 5054 sedis
991 4957 1422 5025 munificencia
1480 4978 1592 5046 per
1647 4964 1894 5024 nostras
1949 4958 2193 5026 litteras
2250 4959 2735 5042 assignavimus,
2792 4959 3209 5024 concessimus

377 5070 564 5152 atquc
608 5064 995 5149 donavimus,
1041 5085 1165 5132 11011
1211 5065 1600 5133 obstantibus
1631 5065 2153 5152 exemptionibuS‚
2201 5065 2721 5150 immunitatibus,
2766 5065 3111 5152 privilegiis
3146 5070 3211 5132 et
