3892 5609
1381 271 1772 319 vanAEmA
1819 271 2206 320 canamus
2481 264 2486 269 ’
3066 262 3215 333 343

357 433 534 499 conis
595 451 667 498 ac
721 430 860 497 aliis
915 430 1315 497 ecclesiarum
1363 431 1653 517 prelatiS,
1711 432 1792 499 ad
1838 452 1994 518 quos
2039 432 2249 499 littere
2294 432 2415 499 iste
2461 434 2893 520 pervenerint,
2952 434 3219 501 salutem

357 544 428 607 et
449 539 855 627 apostolicam
878 538 1394 605 benedictionem.
1577 538 1645 605 Si
1669 539 2001 624 diligenter
2031 546 2148 607 etc.
2180 540 2623 607 inveniremini
2654 578 2737 587 -
2763 541 3109 628 mancipati
3133 578 3216 587 —

359 646 442 714 ab
473 667 688 713 eorum
718 645 910 730 ducti,
957 666 1141 731 quam
1181 646 1270 712 eis
1309 666 1348 713 a
1378 646 1524 713 sede
1557 648 1900 733 apostolica
1928 648 2418 715 misericorditer
2449 653 2695 715 constat
2724 668 2859 715 esse
2888 648 3218 732 indultam,

359 774 442 820 ex
487 790 564 799 —
617 754 1016 820 dimittantur
1061 788 1142 801 —-
1191 754 1450 822 deferre.
1543 754 1777 820 Datum
1834 755 2127 838 Anagnie
2182 755 2298 821 xii⁰
2342 755 2469 821 kal.
2514 757 2762 839 augusti
2820 754 3217 843 pontificatus

359 860 566 929 nostri
611 880 774 927 anno
819 860 1044 947 primo.

575 992 698 1044 Cum
734 992 878 1045 dato:
923 992 1158 1058 Anagnie
1190 993 1256 1043 xii
1291 991 1396 1044 kal.
1421 1010 1538 1058 aug.
1575 1008 1624 1059 p.
1651 1010 1701 1043 ιι.
1728 1010 1775 1045 a.
1805 994 1864 1055 13
1900 993 1952 1056 Ι,
1977 992 2061 1045 81.
2092 1024 2153 1031 -
2195 994 2316 1044 Cum
2353 994 2499 1044 dato:
2548 994 2784 1047 Laterani
2819 994 2886 1046 vii
2920 993 3024 1046 kal.
3050 995 3220 1046 decbr.

358 1098 412 1149 p.
437 1098 488 1133 n.
515 1098 560 1133 a.
592 1080 617 1132 l
662 1080 890 1147 „Baruli“
933 1083 997 1133 A.
1022 1080 1086 1132 16
1122 1099 1173 1148 p.
1191 1082 1284 1145 49.
1319 1112 1382 1121 -—
1431 1082 1555 1131 Cum
1600 1081 1742 1133 dato:
1790 1082 2029 1133 Laterani
2062 1082 2097 1132 2
2128 1100 2245 1134 non.
2283 1082 2411 1134 febr.
2448 1100 2499 1149 p.
2524 1102 2575 1135 n.
2602 1103 2648 1135 a.
2678 1086 2724 1135 1.
2772 1084 2861 1146 IV,
2893 1084 3020 1145 193;
3068 1084 3131 1134 B.
3155 1082 3219 1135 12

357 1170 493 1221 inter
527 1169 968 1236 Norimbergensia
1003 1188 1054 1221 ιι.
1079 1169 1142 1219 21
1195 1170 1246 1219 ἰιι
1281 1170 1575 1236 apographo
1617 1172 1907 1221 transsumti
1946 1170 2083 1221 1260
2130 1170 2181 1221 xi
2214 1171 2317 1222 kal.
2342 1188 2458 1237 aug.
2498 1171 2632 1237 (iulii
2656 1172 2756 1239 22)
2793 1172 3058 1239 Herbipoli
3094 1190 3145 1239 p.
3166 1190 3218 1225 ιι.

359 1276 410 1309 a.
434 1259 468 1309 6
505 1276 594 1325 per
630 1258 872 1325 Yringum
906 1258 1325 1325 Herbipolensem
1371 1260 1659 1326 episcopum
1697 1259 1938 1320 confecti3
1985 1260 2066 1311 cui
2099 1268 2338 1325 tanquam
2374 1276 2645 1311 consonum
2680 1261 2860 1312 citatur
2896 1262 2957 1311 R.
2984 1260 3055 1311 84
3088 1261 3220 1312 inter

357 1346 853 1413 Mergenthemensia
896 1364 946 1399 n.
973 1348 1058 1399 38.
1091 1378 1150 1386 —-
1191 1347 1278 1398 Or.
1327 1348 1577 1413 quondam
1612 1348 2087 1413 Mergenthemense
2132 1364 2243 1399 cum
2277 1346 2414 1399 bulla
2448 1349 2500 1398 in
2536 1348 2633 1399 filis
2670 1349 2871 1400 sericeis
2906 1366 3134 1416 appensa
3168 1350 3219 1403 in

359 1436 561 1489 archivo
598 1436 784 1488 ordinis
821 1436 1116 1488 'I'heutonici
1151 1435 1554 1498 vindobonensi3
1600 1436 1686 1489 ubi
1731 1438 1883 1488 etiam
1928 1446 1982 1489 et
2028 1438 2191 1503 ipsum
2237 1438 2491 1502 quondam
2533 1436 3004 1503 Mergenthemense
3049 1447 3217 1491 trans-

359 1534 576 1577 sumtum
609 1524 765 1593 Iringi
809 1524 1048 1592 episcopi.
1091 1555 1151 1562 —
1205 1524 1326 1575 Cum
1362 1523 1506 1577 dato:
1551 1524 1790 1576 Laterani
1825 1525 1861 1575 4
1895 1524 1998 1577 kal.
2034 1524 2177 1593 april.
2215 1543 2266 1591 p.
2292 1543 2343 1577 ιι.
2368 1544 2416 1577 a.
2440 1525 2503 1587 5,
2548 1524 2712 1591 quoad
2748 1534 2917 1577 cetera
2952 1528 3219 1579 concinens

355 1612 770 1680 Norimbergensi
805 1613 985 1666 citatur
1019 1612 1084 1665 R.
1109 1612 1174 1664 61
1213 1614 1344 1664 inter
1380 1613 1772 1680 Ratisponensia
1803 1632 1855 1665 ιι.
1875 1614 1972 1675 20;
2020 1614 2083 1665 A.
2110 1612 2173 1664 16
2210 1632 2259 1681 p.
2276 1614 2310 1665 3
2341 1612 2647 1679 „Venetiis“.
2702 1615 3078 1666 Transsumtum
3111 1617 3215 1683 'ry-

357 1703 522 1753 tensis
557 1702 917 1770 archiepiscopi
951 1711 1004 1754 et
1040 1702 1462 1753 Bethlehemitani
1500 1703 1742 1769 episcopi,
1777 1703 1917 1754 cuius
1953 1710 2185 1769 superest
2218 1701 2462 1768 sigillum,
2501 1703 2550 1753 d.
2578 1702 2627 1754 d.
2665 1703 2833 1755 Accon
2864 1701 2997 1755 1277
3036 1714 3132 1757 oct.
3155 1705 3219 1756 19

357 1790 413 1843 in
451 1791 650 1844 archivo
685 1792 1079 1857 Regimontano;
1116 1791 1180 1843 cf.
1205 1790 1495 1858 Napiersky
1531 1792 1572 1853 1,
1602 1793 1662 1843 11
1703 1810 1754 1844 n.
1779 1792 1864 1843 38.

1471 1920 1505 1927 .—

361 1994 542 2067 423.
582 1998 760 2065 1227
803 1998 952 2063 iulia·
985 1999 1071 2064 21
1120 1981 1474 2085 Antqniae.
1561 1996 1905 2084 Greqmue
1947 1998 2055 2064 [Χ
2108 2002 2331 2085 repetit
2376 1998 2657 2065 Honora·
2692 1999 2816 2065 III
2863 2024 2927 2065 n.
2960 2000 3093 2067 383
3146 2003 3221 2067 de

582 2106 760 2173 1223
804 2110 1054 2171 ianuar.
1087 2106 1194 2173 31.

585 2237 922 2323 Gregorius
982 2240 1314 2325 episcopus
1373 2258 1590 2305 servus
1651 2258 1975 2304 servorum
2022 2237 2121 2304 dei
2168 2238 2628 2306 venerabilibus
2672 2240 2971 2307 fratribus
3017 2242 3222 2307 archi-

362 2346 677 2433 episcopis
724 2352 786 2413 et
831 2346 1142 2433 episcopis
1189 2352 1252 2413 et
1297 2328 1540 2413 dilectis
1585 2346 1732 2411 filiis
1779 2345 2141 2429 abbatibus,
2196 2346 2545 2433 prioribus,
2591 2347 2865 2431 decanis,
2912 2348 3220 2415 archidia-

359 2454 536 2523 conis
583 2460 648 2520 et
693 2452 834 2519 aliis
882 2453 1284 2520 ecclesiarum
1330 2453 1615 2541 prelatiS,
1662 2452 1742 2519 ad
1788 2473 1942 2537 quos
1986 2452 2199 2519 littere
2240 2454 2361 2521 iste
2392 2454 2813 2541 pervenerint,
2860 2454 3124 2523 salutem
3158 2462 3221 2523 et

359 2560 768 2649 apostolicam
825 2561 1338 2629 benedictionem.
1569 2559 1638 2627 Si
1692 2560 2062 2626 discrimina
2116 2565 2231 2627 etc.
2283 2561 2362 2628 ab
2406 2562 2687 2649 ipsorum
2735 2598 2817 2607 —
2866 2568 3219 2631 sustentare

362 2706 444 2715 -—
489 2670 706 2736 solitas
750 2705 832 2715 —
879 2668 1141 2735 ulterius
1187 2668 1517 2735 contraire.
1606 2667 1840 2734 Datum
1881 2666 2175 2750 Anagnie
2220 2668 2311 2735 xii
2352 2668 2480 2735 kal.
2526 2670 2774 2753 augusti
2819 2669 3217 2757 pontificatus

357 2778 562 2843 nostri
608 2796 771 2843 anno
816 2777 1040 2863 prime.

573 2908 830 2975 originale
865 2910 916 2959 in
953 2908 1154 2960 archivo
1191 2909 1587 2973 Regimontan03
1635 2907 1931 2972 subscripsit
1967 2906 2279 2973 primiceriae
2320 2924 2503 2974 regens
2538 2908 2598 2959 P.
2624 2908 2713 2972 B.,
2762 2926 2891 2975 quae
2925 2918 3075 2973 nota,
3122 2911 3219 2963 etsi

361 3016 494 3050 nunc
529 2998 674 3049 deest
709 2998 992 3065 plumbum,
1041 2996 1164 3048 satis
1202 2997 1500 3062 Gregorium
1536 3013 1721 3063 papam
1755 3012 1942 3047 nonum
1980 3004 2181 3047 accusat
2218 3006 2497 3060 auctorem,
2536 3016 2636 3050 ιιοιι
2673 2998 2945 3062 decimum,
2980 3001 3061 3051 cui
3096 3016 3213 3066 per-

359 3104 534 3155 peram
571 3086 847 3137 attribuunt
881 3086 1087 3152 Hennig
1121 3085 1258 3153 apud
1291 3084 1581 3151 Napiersky
1617 3084 1658 3135 I.
1695 3102 1746 3135 n.
1771 3083 1876 3135 206
1912 3094 1967 3135 et
2000 3084 2125 3135 Livl.
2153 3084 2278 3137 Urk.
2302 3086 2343 3148 1,
2369 3086 2472 3137 535
2511 3105 2561 3139 n.
2587 3086 2709 3138 424.

362 3292 540 3364 424.
585 3296 759 3361 1227
801 3294 952 3359 iulii
986 3294 1076 3359 28
1119 3294 1472 3379 Anayniae.
1564 3288 1906 3378 Greyom'us
1950 3292 2057 3357 IX
2106 3296 2331 3379 repetit
2373 3293 2653 3360 Honor-ii
2690 3294 2817 3361 III
2857 3319 2920 3359 n.
2952 3294 3085 3361 306
3142 3298 3219 3361 de

581 3402 756 3469 1220
801 3404 929 3466 dec.
966 3402 1069 3467 15.

595 3534 931 3620 Gregorius
988 3534 1318 3620 episcopus
1375 3552 1591 3599 servus
1650 3552 1973 3598 servorum
2030 3532 2133 3599 dei
2187 3532 2433 3599 dilectis
2489 3531 2635 3598 filiis
2679 3533 3039 3603 Hermanno
3084 3556 3218 3602 ma-

363 3645 560 3729 gistro
604 3642 896 3727 religiose
937 3641 1354 3709 fraternitatis
1397 3640 1728 3727 hospitalis
1775 3646 1989 3705 sancte
2034 3638 2233 3706 Marie
2279 3640 2799 3707 Theotonicorum
2843 3642 3218 3710 lerosolimi-

362 3752 498 3819 tani
557 3750 813 3834 eiusque
865 3749 1167 3816 fratribus
1225 3754 1356 3815 tam
1401 3747 1797 3835 presentibus
1843 3766 2032 3833 quam
2076 3748 2305 3813 futuris
2351 3748 2419 3814 in
2462 3754 2855 3835 perpetuum.
3076 3750 3220 3818 Etsi

363 3878 567 3944 neque
623 3862 739 3923 etc.
790 3876 862 3923 ac
919 3876 1065 3923 cure
1112 3893 1194 3903 —
1242 3856 1581 3939 largicione
1634 3875 1853 3938 regum
1903 3891 1987 3901 —
2036 3854 2299 3941 adipisci
2354 3854 2433 3920 ad
2480 3856 2802 3943 exemplar
2842 3854 3043 3923 felicis
3087 3879 3217 3926 me-

363 3967 562 4033 morie
607 3964 870 4031 Honorii
915 3984 1078 4051 pape
1124 3962 1582 4050 predecessoris
1628 3961 1828 4029 nostri
1887 3961 2001 4027 sub
2050 3961 2217 4028 beati
2261 3960 2435 4029 Petri
2480 4000 2563 4008 -—
2610 3964 2932 4050 perpetuis
2990 3966 3217 4033 futuris

367 4110 450 4120 —-
509 4072 664 4139 alios
719 4072 948 4138 fratres
1005 4070 1386 4138 observetur.
1479 4070 1580 4135 Ad
1640 4106 1723 4116 —-
1782 4070 2231 4153 transmigrare
2291 4107 2373 4117 —
2431 4070 2586 4137 locis
2642 4071 2763 4138 sibi
2817 4072 3085 4139 subditis
3129 4115 3218 4125 --

365 4179 748 4267 suscipiendi
804 4183 868 4245 et
917 4178 1228 4245 retinendi
1276 4216 1359 4223 —
1413 4180 1699 4264 peracto,
1759 4176 1815 4241 si
1857 4196 2067 4243 mores
2114 4198 2326 4244 eorum
2376 4180 2699 4262 exegerint
2748 4214 2827 4225 —-
2879 4181 3219 4267 apostolice

365 4287 532 4355 sedis
578 4322 662 4334 -
709 4286 998 4353 edificare
1043 4284 1224 4353 villas
1271 4320 1353 4331 —
1402 4285 1468 4351 in
1514 4284 1745 4351 vicinia
1790 4283 1900 4351 illa
1944 4322 2028 4329 —
2078 4293 2555 4370 consequantur.
2626 4285 2851 4353 Amen.

584 4394 649 4461 ’1-
692 4394 828 4478 Ego
876 4392 1236 4477 Gregorius,
1282 4391 1584 4459 catholice
1629 4390 1888 4458 ecclesie
1936 4393 2285 4479 episcopua.

585 4501 650 4568 ÷
692 4500 828 4585 Ego
875 4499 1219 4585 Conradus,
1265 4498 1628 4566 Portuensis
1674 4504 1739 4565 et
1783 4505 1997 4567 sancte
2042 4498 2261 4567 Rufine
2308 4500 2656 4587 episcopus,

585 4610 650 4678 ἦ·
691 4610 827 4693 Ego
873 4606 1098 4691 Guid0,
1143 4608 1546 4674 Prenestinus
1594 4607 1941 4694 episcopus,

585 4718 650 4785 ’1-
693 4716 829 4801 Ego
878 4714 1252 4801 StephanuS,
1297 4715 1552 4782 basilice
1597 4716 1924 4783 duodecim
1973 4715 2399 4803 apostolorum
2445 4715 2754 4801 presbiter
2798 4714 3152 4783 cardinalis

588 4826 653 4893 ÷
695 4824 832 4907 Ego
878 4822 1172 4907 Thomas,
1217 4823 1384 4891 tituli
1429 4828 1644 4891 sancte
1690 4822 1921 4892 Sabine
1966 4821 2275 4910 presbiter
2318 4822 2673 4889 cardinalis.
2723 4885 2733 4898 ,

590 4931 655 4998 ÷
697 4930 836 5015 Ego
881 4931 1209 5018 Iohannes,
1252 4931 1422 4999 tituli
1466 4939 1678 4999 sancte
1722 4930 2027 4999 Praxedis
2072 4930 2383 5017 presbiter
2425 4928 2779 4997 cardinalis.
