3892 5609
1382 328 1768 377 varnacm
1816 329 2204 377 essemus
3071 316 3214 389 381

369 486 612 555 sudatis
657 486 972 571 obsequiis
1019 491 1184 553 terre
1231 492 1446 555 sancte
1489 488 1786 554 ducentes
1831 508 1946 573 pro
1993 486 2254 570 deliciis,
2302 487 2357 551 si
2400 504 2517 572 pro
2554 485 2789 551 Christi
2835 486 3085 553 nomine
3130 485 3223 552 bi·-

367 592 534 661 batis
591 594 842 660 calicem
904 593 1224 660 salutifere
1281 595 1613 681 passionis.
1691 594 1960 678 Verum,
2016 594 2165 661 licet
2218 614 2333 680 pro
2391 592 2747 659 huiusmodi
2804 594 2925 680 piis
2978 594 3222 661 meritis

371 700 732 786 acquiratur
788 700 964 767 vobis
1019 701 1332 787 premium
1390 706 1692 790 perpetue
1737 701 2074 785 claritatiS,
2136 702 2283 785 quia
2328 706 2539 767 tamen
2586 701 2809 766 decens
2857 705 2921 767 et
2964 701 3219 784 dignum

371 828 508 875 esse
553 808 919 892 dinoscitur,
966 813 1038 873 ut
1080 828 1118 874 a
1162 808 1548 892 benignitate
1593 810 1760 875 sedis
1807 809 2145 895 apostolice
2191 812 2484 894 pretextu
2528 808 2891 873 meritorum
2942 808 3221 893 ipsorum

369 915 702 1003 specialem
763 915 1088 999 gaudeatis
1147 917 1422 999 graciam
1477 916 1818 1002 recepisse,
1876 936 1991 982 nos
2036 916 2113 981 de
2159 916 2605 1000 omnipotentis
2650 915 2750 980 dei
2794 914 3223 981 misericordia

371 1027 434 1090 et
483 1024 804 1090 beatorum
850 1021 1022 1089 Petri
1068 1028 1130 1089 et
1174 1021 1354 1089 Pauli
1402 1023 1824 1110 apostolorum
1874 1024 2006 1088 eius
2055 1024 2426 1089 auctoritate
2460 1019 2675 1088 confisi
2703 1021 2878 1088 vobis
2911 1022 3221 1087 universis

369 1136 433 1197 et
490 1130 750 1215 singulis
800 1148 944 1196 vere
989 1129 1413 1215 penitentibus
1463 1136 1525 1197 et
1569 1131 1900 1215 confessis,
1965 1130 2261 1215 quamdiu
2308 1130 2574 1196 manetis
2618 1130 2685 1195 in
2732 1127 3009 1215 predicte
3053 1134 3219 1194 terre

371 1239 627 1305 servitio
643 1288 661 1321 ,
724 1237 898 1303 illam
945 1236 1339 1304 concedimus
1384 1238 1630 1305 veniam
1677 1242 2106 1324 peccatorum,
2155 1258 2275 1323 que
2318 1236 2785 1304 transeuntibus
2830 1237 2896 1302 iu
2942 1236 3219 1303 eiusdem

367 1349 536 1412 terre
609 1350 820 1411 sancte
877 1344 1224 1411 subsidium
1285 1366 1324 1411 a
1377 1344 1526 1411 sede
1583 1344 1925 1432 apostolica
1978 1343 2045 1411 in
2100 1344 2378 1429 generali
2436 1344 2699 1411 concilio
2757 1349 2854 1409 est
2904 1362 3216 1411 concessa.

366 1451 603 1519 Datum
648 1450 944 1519 Laterani
988 1474 1029 1517 v
1074 1471 1219 1518 non.
1254 1453 1408 1518 maii
1453 1452 1851 1538 pontificatus
1896 1452 2099 1517 nostri
2146 1471 2306 1518 anno
2352 1452 2442 1517 iii.

577 1592 698 1644 Sine
723 1593 867 1645 dato:
903 1592 977 1655 11,
1008 1592 1106 1643 118
1121 1610 1164 1644 v.
1201 1611 1250 1643 n.
1271 1592 1303 1643 7
1307 1593 1340 1643 6
1375 1592 1696 1658 Praeceptori
1717 1604 1769 1643 et
1793 1592 2027 1643 fratribus
2051 1592 2313 1659 hospitalis
2338 1610 2377 1643 s.
2396 1592 2588 1643 Mariae
2612 1592 3030 1643 'l'heutonicorum
3052 1592 3103 1643 in
3129 1591 3215 1644 Li-

367 1682 544 1734 voniae
580 1682 806 1748 partibus
843 1682 1032 1732 directa
1057 1680 1348 1747 („quamdiu
1381 1681 1432 1731 in
1457 1681 1695 1732 Livoniae
1731 1682 1931 1733 servitio
1968 1682 2257 1747 maneant“)
2296 1682 2359 1733 A.
2385 1680 2457 1731 20
2491 1699 2540 1731 n.
2565 1682 2663 1731 133
2700 1681 2877 1732 Latine
2915 1690 2967 1731 et
3002 1680 3215 1733 Germa-

365 1770 494 1822 nice.
535 1800 594 1809 --
636 1771 758 1822 Cum
795 1770 938 1823 dato:
985 1770 1220 1821 Laterani
1265 1770 1298 1820 5
1337 1786 1452 1821 non.
1486 1770 1604 1819 maii
1646 1788 1696 1835 p.
1722 1789 1768 1822 a.
1795 1771 1828 1820 3
1830 1818 1848 1855 Ι
1869 1768 2098 1835 „Baruli“
2138 1771 2203 1821 A.
2233 1770 2297 1819 16
2346 1787 2396 1835 p.
2422 1770 2507 1821 46.
2548 1800 2607 1807 —
2656 1770 2777 1821 Cum
2814 1769 2958 1822 dato:
3008 1770 3241 1849 viterbii·

365 1860 398 1910 5
430 1858 542 1910 idus
567 1859 672 1910 iulii
708 1878 757 1925 p.
783 1878 831 1909 n.
859 1878 904 1909 a.
931 1859 1077 1910 tertio
1120 1858 1524 1925 „preceptoribus
1561 1866 1613 1909 et
1647 1859 1882 1910 statribus
1908 1858 2151 1909 universis
2185 1858 2447 1924 hospitalis
2478 1877 2517 1909 s.
2542 1857 2703 1908 Mar-ie
2727 1858 3143 1909 'theutonicorum
3166 1859 3217 1909 in

363 1946 571 1999 Pruscie
604 1948 830 2015 partibus
866 1948 1196 1999 constitutis“.
1253 1947 1392 2013 Orig.
1431 1964 1541 1997 cum
1576 1947 1710 1999 bulla
1747 1948 1794 1998 in
1833 1948 2032 1999 archivo
2056 1947 2442 2013 Regimontano.
2495 1946 2694 2011 „Secuti
2723 1978 2782 1984 —
2810 1946 3108 1999 Huiusmodi
3144 1948 3213 1999 si-

366 2036 568 2103 qnidem
603 2038 812 2087 obtentu
846 2036 1004 2102 glorie
1040 2054 1128 2088 vos
1164 2035 1282 2087 fidei
1318 2035 1572 2102 negotium
1607 2036 1658 2087 in
1683 2036 1888 2089 Pruscie
1923 2036 2150 2103 partibus
2186 2036 2399 2087 studetis
2434 2052 2546 2087 cum
2572 2035 2706 2087 omni
2729 2035 2989 2101 diligentia
3013 2054 3214 2102 promo-

363 2142 501 2189 uere,
539 2125 778 2177 ducentes
803 2142 893 2192 pro
919 2124 1124 2187 deliciis,
1154 2154 1212 2163 -—
1244 2126 1477 2191 quamdiu
1513 2125 1725 2177 manetis
1761 2125 1812 2177 in
1851 2126 2075 2177 eiusdem
2097 2125 2302 2175 Pruscie
2338 2124 2558 2187 seruitio,
2593 2124 2730 2175 illam
2758 2152 2819 2161 —
2844 2126 3215 2177 transeuntibus

364 2214 418 2265 in
451 2224 585 2265 terre
621 2214 820 2267 sancte“
862 2222 956 2265 etc.
996 2244 1056 2251 —-
1097 2212 1219 2265 Cum
1256 2214 1403 2265 dato:
1456 2214 1488 2263 5
1524 2214 1592 2264 id.
1631 2231 1746 2280 aug.
1785 2214 2000 2265 Viterbii
2034 2232 2083 2281 p.
2108 2231 2159 2265 n.
2196 2233 2240 2265 a.
2265 2214 2299 2264 3
2345 2230 2416 2265 or.
2454 2231 2565 2264 cum
2599 2212 2736 2263 bulla
2782 2213 2833 2263 in
2870 2212 2967 2265 filis
3014 2214 3215 2265 sericeis

363 2320 592 2369 appensa
623 2302 677 2353 in
713 2302 912 2355 archivo
947 2302 1132 2353 ordinis
1169 2301 1464 2353 Theutonici
1489 2302 1883 2355 vindobonensi.
1937 2303 2033 2354 Ed.
2059 2302 2266 2354 Hennes
2290 2302 2331 2365 1,
2364 2302 2463 2353 154
2496 2320 2546 2353 n.
2577 2301 2691 2353 167.

369 2586 545 2659 540.
586 2590 766 2658 1257
794 2592 956 2655 maii
978 2590 1023 2655 3
1053 2590 1360 2655 Laterani
1387 2588 1500 2675 (cf.
1533 2590 1708 2657 1257
1737 2593 1906 2655 iunii
1923 2590 2032 2672 11,
2067 2590 2247 2657 1257
2276 2613 2421 2675 auq.
2446 2589 2553 2672 (8)
2584 2589 2678 2671 9).
2726 2589 3090 2655 Alexander
3112 2588 3222 2655 IV

589 2698 806 2763 ordini
837 2696 1214 2763 Theutonico
1247 2700 1542 2777 concedit,
1589 2711 1659 2764 ut
1685 2698 2008 2763 Fridem'ci
2035 2699 2351 2783 quondam
2379 2700 2776 2783 imperatoris
2806 2711 2918 2765 aut
2928 2698 3217 2781 filiorum

585 2807 716 2870 eius
761 2805 1011 2869 asseclis
1056 2816 1168 2870 aut
1211 2804 1285 2869 ob
1331 2804 1528 2869 aliam
1555 2827 1686 2869 rem
1716 2806 2259 2871 ewcommunioatis
2302 2807 2563 2891 receptis
2596 2808 2667 2870 in
2710 2806 2991 2869 ordinem
3030 2806 3215 2870 huius

585 2912 798 2978 clerici
837 2912 1281 2977 absolutionem
1324 2903 1642 2998 impertiri
1663 2916 1934 2999 possint,
1981 2915 2051 2977 in
2081 2914 2419 2998 pristinam
2453 2915 2815 2978 sententiam
2844 2911 3211 3000 relapsum,

582 3020 646 3084 si
666 3019 846 3106 forte
889 3020 978 3083 ad
1017 3018 1331 3085 saeculum
1373 3021 1650 3085 redeant.

581 3158 942 3227 Alexander
997 3160 1328 3247 episcopus
1374 3180 1590 3227 servus
1639 3180 1962 3227 servorum
2010 3159 2111 3227 dei
2154 3160 2399 3226 dilectis
2442 3158 2589 3226 filiis
2634 3160 2935 3244 magistro
2980 3166 3045 3229 et
3086 3162 3215 3241 fra-

359 3266 562 3335 tribus
607 3266 934 3354 hospitalis
980 3274 1194 3335 sancte
1222 3268 1420 3335 Marie
1451 3267 1971 3335 Theutonieorum
2020 3267 2499 3334 Ierosolimitani
2544 3268 2807 3335 salutem
2855 3274 2919 3335 et
2962 3273 3214 3355 aposto-

360 3375 547 3441 licam
594 3373 1107 3442 benedictionem.
1334 3376 1452 3454 Qui
1499 3397 1576 3442 ex
1621 3374 1950 3462 apostolici
1982 3386 2132 3441 cura
2162 3380 2448 3443 tenemur
2478 3374 2665 3442 officii
2696 3376 2863 3441 circa
2892 3375 3212 3459 religionis

362 3488 766 3567 augmentum
812 3484 1035 3549 attenti
1081 3488 1144 3549 et
1188 3482 1409 3567 vigiles
1453 3482 1741 3567 inveniri,
1788 3502 1978 3567 super
2022 3482 2143 3549 hiis
2190 3483 2377 3567 digne
2408 3484 2569 3549 votis
2600 3484 2826 3550 vestris
2858 3482 3211 3566 annuimuS,

359 3590 428 3656 in
483 3588 708 3675 quibus
766 3590 1062 3657 honorem
1110 3591 1303 3657 vestri
1348 3590 1584 3656 ordinis
1631 3595 1696 3656 et
1739 3589 2093 3656 animarum
2140 3592 2487 3677 profectum
2534 3590 2841 3657 contineri
2885 3590 3209 3657 sentimus.

360 3695 526 3763 Hinc
569 3701 692 3779 est,
741 3697 907 3782 quod
951 3716 1066 3763 nos
1111 3698 1336 3764 vestris
1381 3696 1941 3783 supplicationibus
1987 3697 2273 3764 inclinati
2316 3698 2493 3765 vobis
2542 3698 2911 3764 auctoritate
2955 3717 3213 3784 presen-

359 3804 526 3872 cium
573 3803 988 3889 indulgemUS,
1043 3810 1112 3871 ut
1156 3804 1303 3889 illis,
1352 3804 1458 3889 qui
1503 3825 1617 3891 pro
1662 3804 1876 3871 favore
1921 3805 2206 3891 impenso
2253 3805 2565 3891 quondam
2610 3804 2939 3871 Frederico
2986 3804 3212 3871 Roma-

359 3932 584 3980 norum
631 3912 997 3998 imperatori
1043 3917 1154 3978 aut
1196 3910 1480 3977 Conrado
1528 3932 1636 3978 seu
1683 3910 2041 3996 Manfredo,
2100 3914 2267 3980 natis
2314 3913 2481 3997 ciue,
2538 3912 2634 3979 vel
2681 3934 2797 3999 pro
2845 3932 3211 3998 quacunque

361 4018 488 4086 alia
539 4038 731 4086 causa
787 4019 1216 4105 suspensionis
1276 4024 1384 4088 aut
1436 4018 1753 4085 interdicti
1810 4020 1908 4086 vel
1968 4020 2634 4086 excommunicacionis
2687 4020 3019 4087 sentenciis
3065 4025 3212 4085 sunt

357 4126 537 4210 ligati
585 4132 648 4193 et
689 4132 900 4193 vestro
945 4127 1208 4213 cupiunt
1249 4125 1578 4209 aggregari
1623 4124 1906 4210 collegio,
1951 4127 2179 4192 fratres
2211 4126 2543 4212 presbiteri
2572 4127 2765 4193 vestri
2796 4126 3034 4193 ordinis
3065 4146 3209 4213 pos-

359 4234 488 4299 sint
539 4233 955 4301 absolucionis
1012 4233 1376 4300 beneficium
1437 4234 1616 4299 iuxta
1671 4230 1940 4299 formam
1988 4232 2246 4300 ecclesie
2302 4234 2646 4320 impertiri,
2703 4233 3039 4300 dummodo
3084 4234 3209 4320 ipsi

357 4340 640 4407 habitum
699 4346 976 4408 vestrum
1034 4346 1360 4407 assumant
1404 4346 1467 4407 et
1511 4340 1625 4407 sub
1669 4340 1778 4407 illo
1823 4361 1951 4407 una
1996 4341 2315 4408 vobiscum
2361 4344 2663 4409 virtutum
2710 4342 2961 4409 domino
3005 4341 3209 4407 famu-

357 4446 584 4514 lentur.
657 4447 962 4515 Volumus
1008 4452 1241 4531 tamen,
1289 4449 1474 4533 quod,
1521 4450 1576 4515 si
1622 4447 1814 4533 aliqui
1861 4468 1940 4515 ex
1986 4448 2222 4516 eisdem
2267 4456 2527 4536 propter
2562 4450 2843 4516 debitum
2872 4450 3209 4516 sentenciis

359 4554 714 4621 huiusmodi
759 4560 906 4621 sunt
951 4556 1223 4639 astricti,
1271 4556 1348 4622 de
1388 4556 1526 4642 ipso
1557 4555 1979 4639 satisfaciant,
2024 4559 2096 4621 ut
2127 4563 2447 4640 tenentur3
2496 4578 2569 4623 ac
2598 4558 2816 4641 eciam,
2864 4556 3031 4642 quod
3058 4558 3205 4643 ipsi,

357 4660 414 4727 si
465 4661 627 4727 forte
673 4672 877 4728 vestro
920 4660 1140 4727 habitu
1185 4661 1480 4731 derelicto
1527 4662 1608 4729 ad
1653 4661 1930 4729 seculum
1989 4661 2277 4748 redeant,
2334 4666 2400 4730 in
2446 4664 2779 4752 pristinam
2824 4664 3205 4731 sentenciam

353 4767 734 4837 relabantur.
827 4766 998 4837 Nulli
1054 4787 1200 4851 ergo
1257 4770 1509 4836 omnino
1556 4769 1876 4836 hominum
1921 4769 2110 4837 liceat
2152 4771 2313 4837 hanc
2356 4772 2651 4857 paginam
2700 4776 2911 4838 nostre
2956 4792 3207 4839 conces-

356 4875 550 4945 sionis
593 4877 934 4960 infringere
979 4876 1078 4943 vel
1123 4877 1179 4943 ei
1222 4896 1378 4943 ausu
1407 4878 1738 4944 temerario
1769 4878 2099 4945 contraire.
2171 4877 2241 4944 Si
2270 4878 2411 4963 quis
2442 4883 2651 4945 autem
2680 4878 2799 4946 hoc
2829 4884 3207 4965 attemptare

353 4984 828 5072 presumpserit,
873 4983 1374 5069 indignacionem
1420 4985 1866 5072 omnipotentis
1909 4984 2014 5052 dei
2059 4990 2123 5052 et
2164 4986 2488 5055 beatorum
2526 4984 2699 5053 Petri
2738 4992 2805 5053 et
2832 4985 3013 5054 Pauli
3054 5006 3205 5074 apo-
