3892 5609
1339 376 1730 427 vammu
1779 376 2172 459 Gariannum
3037 363 3185 435 333

308 534 476 601 rium
493 584 514 618 ,
571 539 784 601 vestra
839 534 1142 602 discrecio
1202 540 1372 602 recte
1442 538 1694 623 sapiens
1753 556 1880 602 non
1934 537 2203 620 ignorat.
2290 535 2343 628 ,V
2346 534 2583 602 olentes
2638 534 2832 618 igitur
2891 535 2959 601 in
3014 538 3189 600 tanto

310 640 644 727 dispendio
692 641 1145 728 prenominatis
1173 641 1508 725 fratribus,
1545 644 1715 711 sicut
1739 638 2065 727 debemus,
2110 649 2379 729 paterna
2408 641 2828 708 sollicitudine
2859 641 3191 728 providere

308 746 682 815 discrecioni
742 754 949 815 vestre
1013 769 1128 836 per
1188 749 1536 835 apostolica
1589 750 1832 836 scripta
1885 750 2261 816 mandamus
2324 754 2387 815 et
2442 749 2727 815 districte
2782 750 3187 835 precipimuS,

305 855 612 940 quatinus
679 854 964 922 homines
1025 856 1365 925 eorundem
1421 856 1692 937 fratrum
1749 856 1827 921 ad
1887 857 2235 922 certamina
2288 856 2644 922 communia
2700 855 2793 921 ire
2850 856 2929 921 de
2980 860 3188 920 cetero

309 980 440 1028 non
486 962 724 1047 cogatis
777 982 894 1029 nec
941 963 1018 1029 ab
1066 963 1156 1029 eis
1205 946 1466 1049 propter
1509 962 1627 1029 hoc
1671 962 1910 1048 aliquid
1958 963 2209 1046 exigere
2252 963 2666 1048 presumatiS,
2724 961 2834 1027 sed
2878 962 2971 1027 ita
3014 963 3188 1047 ipsos

311 1087 431 1135 sua
472 1068 857 1155 permittatis
905 1068 1195 1135 libertate
1241 1070 1533 1153 gaudere,
1583 1070 1747 1155 quod
1793 1090 1910 1137 nec
1955 1070 2079 1157 ipsi
2125 1070 2203 1135 de
2247 1070 2425 1136 vobis
2471 1070 2701 1135 iustam
2748 1068 3024 1135 habeant
3054 1088 3189 1134 ma-

310 1175 540 1242 teriam
587 1176 1006 1261 conquerendi
1052 1196 1169 1243 nec
1213 1196 1328 1243 nos
1374 1198 1450 1244 ea
1491 1179 1813 1263 requirere
1858 1178 2212 1244 districcius
2245 1175 2714 1262 compellamur.
2784 1174 3023 1241 Datum
3068 1180 3184 1241 etc.

524 1314 646 1383 Sgne
683 1315 830 1367 dato:
878 1314 945 1378 11,
971 1314 1040 1367 92
1055 1334 1130 1376 V.;
1179 1317 1242 1368 A.
1269 1316 1338 1367 20
1374 1334 1424 1368 n.
1454 1317 1520 1368 10
1555 1318 1736 1369 Latine
1773 1327 1825 1369 et
1862 1317 2163 1370 Germanice
2173 1336 2189 1380 ;
2238 1326 2433 1367 tantum
2470 1334 2581 1367 cum
2616 1314 2727 1367 loco
2764 1314 3001 1369 Laterani
3035 1314 3185 1383 „uni-

309 1403 470 1456 versis
497 1404 680 1455 Christi
713 1403 966 1466 fidelibus,
1003 1405 1072 1456 ad
1107 1420 1231 1471 quos
1265 1404 1432 1457 littere
1466 1406 1563 1457 iste
1599 1408 1936 1473 pervenerint,
1974 1407 2216 1472 inscripta
2250 1406 2293 1467 Ι,
2314 1405 2383 1455 66
2394 1422 2440 1456 v.

311 1668 493 1739 402.
536 1666 744 1753 (Inter
786 1672 964 1739 1216
1007 1674 1158 1739 iulii
1183 1675 1272 1739 24
1319 1687 1374 1739 et
1422 1675 1604 1739 1227
1651 1678 1872 1740 ‘martii
1913 1674 2058 1757 18.)
2134 1674 2461 1738 Honorius
2496 1673 2619 1737 III
2654 1685 2819 1737 vetat
2868 1673 3189 1758 praelatos

537 1782 819 1844 ordinem
872 1778 1320 1845 Theutonicum
1361 1782 1914 1867 procurationibus
1960 1780 2059 1845 vel
2103 1781 2527 1845 exactionibus
2574 1802 2943 1867 aqqravare.

537 1918 855 1985 Honorius
913 1920 1244 2007 episcopus
1301 1940 1517 1987 servus
1575 1941 1902 1986 servorum
1958 1921 2060 1986 dei
2106 1919 2565 1987 venerabilibus
2620 1920 2921 1985 fratribus
2984 1900 3211 1991 arohi-'

317 2024 630 2111 episcopis
677 2029 741 2092 et
786 2026 1098 2114 episcopis
1145 2032 1259 2093 etc.
1523 2026 1681 2093 Cum
1727 2048 1805 2092 ex
1853 2032 2141 2113 suscepte
2188 2028 2781 2093 amministracionis
2830 2026 3034 2093 officio
3080 2026 3189 2093 de-

314 2131 517 2198 beatis
563 2133 734 2199 viros
790 2132 1116 2216 religiosos
1174 2155 1210 2199 a
1255 2154 1595 2220 pravorum
1641 2134 2037 2217 malignitate
2084 2132 2417 2201 defendere
2464 2139 2528 2199 et
2570 2134 2743 2219 ipsos
2792 2154 2829 2199 a
2872 2132 3188 2216 gravami-

311 2238 499 2305 nibus
565 2239 878 2323 relevare,
947 2259 1342 2324 nequaquam
1413 2241 1504 2305 eis
1567 2260 1790 2323 graves
1859 2260 1998 2306 esse
2064 2239 2305 2306 debetis
2372 2259 2489 2305 nec
2557 2240 2923 2306 exacciones
2990 2260 3186 2306 novas

310 2346 638 2431 imponere
669 2351 795 2413 ‘aut
841 2345 1082 2431 aliquas
1127 2346 1393 2412 iniurias
1439 2365 1716 2430 erogare.
1798 2344 2096 2413 Pervenit
2140 2351 2349 2412 autem
2399 2344 2477 2411 ad
2524 2367 2669 2429 nos,
2720 2346 2882 2431 quod
2931 2346 3187 2431 quidam

313 2470 393 2517 ex
439 2452 618 2519 vobis
673 2453 932 2519 dilectos
989 2452 1153 2519 filios
1208 2454 1435 2520 fratres
1495 2453 1716 2519 domus
1769 2452 2102 2539 hospitalis
2157 2457 2370 2519 sancte
2418 2451 2614 2520 Marie
2661 2453 3191 2529 Theotonicorum

312 2558 798 2626 lerosolimitani
841 2560 1078 2627 crebris
1124 2560 1671 2646 procurationibus
1717 2563 1782 2627 et
1825 2560 1969 2626 aliis
2014 2560 2455 2627 exaccionibus
2512 2560 2788 2643 graviter
2832 2560 3189 2643 inquietant

313 2670 379 2733 et
432 2665 599 2733 bona
653 2686 902 2750 eorum,
961 2686 1082 2752 que
1137 2668 1218 2734 ad
1275 2666 1698 2733 defensionem
1758 2668 2081 2734 orientalis
2136 2666 2395 2733 ecclesie
2440 2667 2797 2732 necessaria
2844 2646 3187 2753 plurimum

313 2790 452 2837 esse
495 2778 859 2857 noscuntur,
907 2794 1024 2859 pro
1069 2796 1180 2841 sue
1210 2774 1552 2841 voluntatis
1600 2774 1860 2841 arbitrio
1891 2774 2179 2840 minuere
2214 2793 2340 2839 non
2370 2772 2730 2839 formidant.
2790 2772 3187 2860 Quapropter

313 2878 788 2946 universitatem
848 2886 1122 2947 vestram
1181 2883 1490 2948 attencius
1546 2881 1841 2948 duximus
1899 2882 2385 2949 ammonendum
2446 2900 2560 2966 per
2620 2881 2963 2965 apostolica
3006 2881 3185 2947 vobis

313 2984 553 3071 scripta
609 2987 1014 3078 precipiendo
1071 2987 1475 3071 mandantes,
1523 2988 1830 3073 quatinus
1880 2989 2111 3055 fratres
2155 2989 2329 3075 ipsos
2377 3006 2566 3072 super
2612 2986 2936 3071 premissis
2980 2987 3188 3053 nulla-

312 3096 497 3157 tenus
543 3094 921 3178 aggravetis,
967 3114 1186 3161 verum
1216 3094 1389 3181 ipsos
1422 3095 1639 3180 pocius
1673 3115 1712 3159 a
1745 3096 2227 3182 presumpcione
2258 3093 2743 3175 malignancium
2781 3093 2939 3159 etin
2970 3114 3185 3159 eorum

313 3197 480 3265 bona
521 3201 1028 3285 presumencium
1073 3201 1430 3285 debachari,
1478 3202 1774 3286 quociens
1821 3202 1901 3268 ad
1945 3222 2059 3268 vos
2106 3200 2362 3286 querela
2406 3199 2783 3286 pervenerit,
2828 3199 3042 3266 taliter
3079 3201 3185 3267 de-

311 3304 585 3372 fendatis
631 3311 696 3372 et
739 3328 918 3373 suam
963 3308 1212 3374 faciatis
1257 3306 1576 3374 iusticiam
1621 3308 1924 3393 obtinere,
1973 3307 2138 3393 quod
2186 3328 2265 3373 ex
2294 3306 2412 3372 hoc
2443 3307 2620 3373 vobis
2652 3326 2691 3372 a
2720 3306 2837 3372 deo
2870 3308 3186 3393 premium

313 3418 617 3495 augeatur
649 3417 715 3480 et
755 3414 882 3500 ipsi
923 3413 1106 3480 liberi
1138 3414 1391 3481 valeant
1434 3415 1706 3481 inimicis
1753 3416 1956 3481 crucis
1988 3414 2221 3482 Christi
2257 3414 2563 3481 'resistere
2607 3418 2674 3479 et
2714 3413 2842 3479 illis
2888 3414 3186 3481 resisten-

311 3517 482 3585 tibus
527 3524 710 3603 grata
751 3521 1034 3587 subsidia
1078 3522 1458 3587 ministrare.
1529 3521 1764 3588 Datum
1811 3528 1929 3589 etc.

525 3658 648 3711 Sine
673 3660 820 3711 dato:
857 3661 898 3724 1,
924 3659 992 3713 73
1003 3678 1078 3723 v.;
1115 3662 1181 3724 11,
1207 3662 1277 3713 96
1311 3680 1363 3713 ιι.
1382 3662 1479 3725 2ος
1515 3664 1580 3715 Δ.
1600 3662 1670 3715 20
1705 3682 1757 3715 ιι.
1777 3664 1847 3715 20
1882 3664 2063 3715 Latine
2087 3670 2141 3715 et
2166 3662 2465 3715 Germanice
2490 3679 2603 3713 cum
2625 3672 2770 3715 nota:
2806 3662 2858 3713 in
2882 3660 3067 3714 Buken
3091 3670 3186 3713 etc.

313 3906 496 3979 403.-
538 3882 746 3991 (Ιηιὲν
771 3912 950 3978 1216
979 3914 1128 3979 iulii
1151 3914 1242 3979 24
1273 3926 1328 3979 et
1356 3913 1542 3979 1227
1571 3916 1791 3979 marta:
1816 3913 1961 3996 18.)
2018 3914 2343 3981 Honorius
2367 3914 2494 3979 m
2512 3926 2720 3981 monet
2744 3914 3188 4006 praelatos-ut

527 4018 959 4105 parochianos
1006 4020 1084 4087 ab
1128 4022 1387 4085 inim-iis
1434 4022 1676 4085 ordinis
1731 4020 2103 4087 Theutonici
2142 4000 2643 4109 posseeffonibus
2686 4022 3031 4107 inferendis
3076 4045 3185 4087 ar·

540 4138 733 4191 ceant.

540 4256 856 4325 Honorius
915 4260 1248 4347 episcopus
1310 4280 1529 4326 servus
1573 4280 1898 4327 servorum
1958 4260 2061 4327 dei
2104 4259 2567 4327 venerabilibus
2622 4260 2923 4327 fratribus
2982 4260 3187 4327 archi·

315 4363 630 4451 episcopis
693 4370 757 4432 et
813 4365 1124 4453 episcopis
1180 4373 1245 4433 et
1303 4366 1548 4433 dilectis
1603 4365 1750 4433 filiis
1807 4366 2167 4451 abbatibus,
2239 4366 2575 4452 prioribus,
2641 4368 2893 4433 decanis
2908 4416 2925 4449 ,
2984 4366 3187 4433 archi-

313 4470 618 4554 diaconis,
664 4472 1024 4559 prepositis,
1071 4472 1612 4561 archipresbiteris
1643 4477 1708 4539 et
1741 4472 1884 4539 aliis
1915 4474 2319 4541 ecclesiarum
2351 4473 2633 4560 prelatis,
2680 4473 2760 4539 ad
2792 4493 2946 4556 quos
2976 4473 3187 4539 littere

311 4578 434 4645 iste
473 4578 896 4665 pervenerint,
937 4578 1205 4647 salutem
1237 4586 1300 4646 et
1329 4579 1739 4666 apostolicam
1771 4579 2288 4649 benedictionem.
2515 4580 2677 4647 Cum
2704 4580 2932 4646 fratres
2964 4580 3185 4646 domus

311 4684 648 4773 hospitalis
703 4690 920 4752 sancte
965 4685 1166 4754 Maris
1211 4685 1734 4753 Theotonicorum
1792 4688 2279 4755 lerosolimitani
2334 4692 2637 4770 tanquam
2682 4688 2817 4753 veri
2860 4686 3219 4765 Machabei,

313 4810 561 4858 crucem
607 4792 988 4861 dominicam
1033 4794 1100 4859 in
1145 4794 1400 4879 proprio
1447 4812 1710 4879 corpore
1753 4794 2107 4861 bajulantes
2154 4814 2293 4860 sese
2336 4813 2454 4880 pro
2488 4793 2851 4860 defensione
2897 4794 3186 4861 christia-

313 4898 534 4966 nitatis
581 4900 882 4967 extremis
927 4905 1248 4986 exponant
1289 4900 1590 4985 periculis
1635 4905 1701 4968 et
1743 4900 2025 4967 carnalia
2068 4901 2381 4969 desideria
2423 4900 2811 4984 negligentes
2846 4900 3185 4987 discipulos

314 5026 454 5073 sese
495 5008 940 5075 constituerint
979 5006 1166 5075 Ihesu
1211 5006 1468 5092 Christi,
1515 5007 1772 5092 dignum
1823 5012 1920 5075 est
1965 5013 2030 5075 et
2072 5008 2312 5076 racioni
2354 5015 2877 5093 consentaneum,
2932 5013 3005 5073 ut
3050 5026 3186 5078 eos-
