3892 5609
680 284 826 356 142
1641 293 1909 342 Arum.
1982 287 2198 342 nous.
2269 291 2568 340 Famem

670 460 885 520 nostre
931 453 1277 521 munimine
1319 452 1388 520 in
1432 457 1806 540 perpetuum
1850 451 2294 519 confirmamus
2340 451 2557 516 vineas
2603 454 2668 516 et
2711 453 2920 515 ortum
2973 449 3322 532 integrum,
3381 449 3544 514 sicut

673 561 990 646 qnondam
1032 559 1436 626 Berteramus
1482 559 1761 626 medicus
1799 558 2034 642 Baroli‚
2082 560 2232 625 dum
2277 557 2527 640 vixerit,
2572 557 2641 621 in
2685 556 2972 622 demanio
3019 560 3262 638 nostro,
3311 555 3541 641 palude

669 666 907 749 Baruli,
952 667 1159 732 tenuit
1202 671 1266 731 et
1307 665 1609 753 possedit,
1657 684 1796 731 cum
1846 665 2135 732 omnibus
2173 664 2579 752 pertinenciis
2625 663 2748 729 orti
2781 667 2844 728 et
2871 663 3202 729 vinearum
3235 662 3540 748 ipsarum,

672 778 1020 840 statuentes
1066 778 1130 838 et
1182 773 1601 859 precipientes
1649 771 1945 856 firmiter,
2014 778 2085 837 ut
2141 771 2364 838 amodo
2421 775 2488 837 et
2538 771 2605 835 in
2659 775 3032 856 perpetuum
3100 769 3545 856 prenominata

673 865 939 949 ecclesia
982 899 1056 946 ac
1099 883 1539 966 procuratores
1585 879 1684 945 sui
1727 879 1965 946 dictum
2012 884 2220 945 ortum
2264 879 2333 944 in
2375 878 2694 961 integrum
2739 881 2803 943 et
2841 877 3079 961 vineas,
3127 877 3294 942 sicut
3337 875 3543 942 dictus

670 987 1075 1055 Ber-teramus
1118 1005 1317 1069 usque
1361 985 1443 1052 ad
1486 984 1779 1051 ultimum
1824 986 1954 1052 vite
1999 1005 2110 1052 sne
2155 986 2359 1052 tenuit
2403 989 2467 1051 et
2512 983 2825 1069 possedit,
2881 983 3089 1068 quiete
3134 987 3201 1048 et
3243 983 3385 1048 sine
3429 981 3546 1048 ali-

673 1094 851 1160 cuius
895 1093 1389 1159 contradictione
1435 1092 1813 1158 hereditario
1856 1093 1995 1158 iure
2039 1095 2297 1158 teneant
2340 1095 2404 1157 et
2447 1090 2814 1176 possideant
2854 1089 3086 1156 liberas
3117 1093 3182 1156 et
3223 1087 3547 1155 absolutas

674 1200 753 1268 ab
800 1200 973 1266 omni
1017 1198 1270 1266 datione
1315 1219 1427 1266 seu
1472 1197 1849 1285 calumpnia.
1918 1198 2006 1264 Et
2047 1197 2206 1264 nulli
2237 1197 2320 1264 sit
2363 1197 2607 1264 licitum
2651 1195 2768 1264 sub
2813 1215 2978 1282 pena
3023 1216 3236 1263 rerum
3285 1215 3548 1261 suarum

675 1312 741 1374 et
782 1311 996 1372 nostre
1040 1306 1250 1389 gracie
1305 1305 1736 1389 indignatione
1780 1307 1859 1372 de
1903 1305 2202 1391 predictis
2255 1303 2759 1390 possessionibus
2803 1304 3006 1390 ipsam
3055 1302 3388 1370 ecclesiam
3433 1321 3550 1368 seu

672 1412 904 1479 fratres
941 1413 1083 1478 eius
1129 1416 1193 1478 et
1235 1413 1520 1480 homines
1564 1413 1809 1480 ratione
1853 1412 1957 1478 vel
2002 1412 2327 1478 occasione
2372 1409 2651 1495 qualibet
2687 1409 3018 1496 impedire‚
3064 1408 3406 1476 molestare
3433 1429 3552 1475 sen

675 1517 961 1602 fatigare.
1041 1518 1148 1585 Ad
1198 1519 1385 1584 huius
1442 1522 1653 1585 autem
1720 1518 2171 1601 concessionis,
2241 1517 2596 1584 donationis
2657 1522 2720 1583 et
2777 1515 3271 1583 confirmationis
3329 1521 3550 1583 nostre

678 1625 1050 1692 memoriam
1095 1629 1161 1691 et
1212 1623 1577 1692 firmitatem
1631 1631 1935 1712 perpetuo
1982 1625 2320 1692 valituram
2363 1643 2624 1711 presens
2677 1623 3080 1710 privilegium
3125 1624 3185 1690 ei
3243 1623 3438 1690 scribi
3483 1627 3554 1688 et

678 1730 1027 1798 maiestatis
1072 1735 1287 1798 nostre
1330 1730 1536 1815 sig-illo
1593 1731 1892 1797 iussimus
1944 1731 2320 1798 communiri
2363 1750 2560 1814 anne,
2617 1751 2832 1797 mense
2879 1735 2945 1798 et
2997 1729 3347 1797 indictione
3398 1727 3551 1798 sub-

678 1837 953 1924 scriptis.
1030 1836 1267 1904 Datum
1312 1837 1382 1904 in
1434 1838 1590 1905 urbe
1642 1837 1813 1906 felici
1864 1837 2166 1905 Panormi
2220 1857 2384 1904 anno
2443 1837 2755 1904 dominice
2807 1837 3258 1904 incarnationis
3315 1846 3408 1903 m⁶
3449 1846 3550 1902 cc·

677 1943 798 2010 iiii⁰
838 1961 1054 2011 mense
1100 1943 1476 2032 septembris
1526 1943 1890 2010 indictionis
1935 1944 2070 2010 viii·
2109 1933 2288 2028 regni
2332 1965 2480 2012 vero
2525 1943 2767 2010 domini
2819 1944 3020 2010 nostri
3066 1942 3386 2010 Frederici
3443 1942 3550 2008 dei

676 2051 883 2133 gratia
926 2050 1339 2117 illustrissimi
1384 2051 1553 2135 regis
1600 2049 1813 2118 Sicilie
1826 2046 1879 2136 ⁸,
1938 2051 2200 2118 ducatus
2245 2051 2479 2137 Apulie
2524 2055 2589 2118 et
2631 2051 3024 2138 principatus
3069 2049 3285 2136 Capue
3299 2099 3320 2134 ‚
3379 2069 3548 2116 anno

678 2158 791 2224 vii⁰
835 2155 1121 2224 feliciter.
1192 2158 1419 2224 Amen.

889 2289 931 2351 Ι,
968 2286 1037 2340 37
1050 2305 1098 2340 ν.
1134 2305 1185 2339 n.
1211 2287 1295 2340 86.
1362 2288 1524 2350 Nota,
1574 2287 1709 2354 quod
1744 2287 2291 2340 Huillard-Breholles
2327 2288 2370 2350 1,
2412 2287 2512 2339 110
2554 2305 2616 2339 ex
2651 2288 2883 2354 originali
2919 2288 3104 2340 archivi
3141 2285 3470 2353 Neapolitani
3503 2305 3548 2338 s.

678 2376 907 2428 Severini
950 2377 1112 2428 edidit
1161 2377 1387 2428 eiusdem
1436 2376 1659 2443 diploma
1692 2376 1759 2427 de
1798 2375 1936 2427 1204
1973 2377 2129 2429 octbr.
2166 2377 2219 2428 in
2253 2378 2380 2428 urbe
2413 2375 2550 2428 felici
2581 2377 2844 2438 Panormi,
2892 2394 2989 2443 quo
3024 2377 3252 2427 Heinrici
3276 2375 3352 2426 VI
3385 2377 3548 2442 patris
3645 2419 3664 2442 ,

678 2465 900 2531 diploma
924 2465 989 2516 de
1016 2462 1152 2516 1197
1176 2465 1293 2515 mai.
1313 2465 1383 2515 20
1421 2464 1596 2530 (supra
1630 2481 1683 2532 p.
1706 2465 1803 2516 141
1832 2483 1881 2517 n.
1906 2466 2030 2532 141)
2068 2465 2329 2518 confirmat
2361 2473 2415 2516 et
2450 2475 2618 2532 auget.
2764 2466 2811 2516 1.
2847 2473 3096 2516 venerunt
3119 2465 3178 2516 B.
3324 2463 3376 2516 2.
3412 2473 3544 2515 tem-

676 2569 857 2619 porum
892 2552 951 2605 B.
1164 2553 1215 2605 3.
1252 2552 1441 2606 scilicet
1476 2553 1538 2604 B.

686 2755 861 2828 143.
903 2759 1081 2826 1206
1124 2761 1422 2826 ianuario
1479 2761 1551 2824 in
1608 2759 1760 2824 urbe
1796 2759 1992 2843 felici
2032 2761 2364 2826 Panormi.
2449 2760 2818 2825 Fridericue
2867 2759 3130 2826 Siciliae
3181 2781 3295 2826 rex
3351 2761 3548 2825 donat

904 2865 1193 2932 ecclesiae
1235 2889 1285 2931 s.
1320 2868 1575 2932 Mariae
1626 2879 1687 2932 et
1720 2867 2046 2950 fratribus
2100 2867 2430 2953 hospitalis
2483 2867 3008 2933 Theutonicorum
3067 2867 3247 2954 apud
3289 2867 3542 2932 Ima-

904 2972 1023 3038 lem
1080 2973 1286 3038 casale
1336 2973 1696 3038 Tmoanum
1749 2975 1913 3038 inter
1968 2973 2308 3039 Salernum
2363 2987 2420 3040 et
2475 2973 2748 3040 Ebolum
2801 2976 2990 3038 eitum
3047 2986 3105 3038 et
3163 2977 3418 3054 statuit,
3477 2987 3548 3038 ut

901 3102 1099 3166 porro
1145 3082 1357 3144 omnia
1401 3080 1567 3144 bona
1608 3082 1680 3144 in
1722 3101 1914 3166 reyno
1964 3079 2162 3145 libera
2199 3082 2570 3166 possideant
2611 3080 2690 3144 ab
2739 3083 2914 3144 omni
2955 3079 3186 3146 tributo
3233 3093 3292 3146 et
3329 3084 3543 3166 requi-

903 3189 1143 3252 sitione.
1217 3185 1300 3253 Si
1337 3189 1479 3272 quis
1506 3187 1801 3271 fram-um
1842 3186 1941 3250 vel
1983 3189 2380 3252 servientium
2411 3199 2848 3252 extraneorum
2889 3187 2988 3252 vel
3031 3187 3354 3252 hominum
3397 3187 3544 3252 illo·-

900 3314 1046 3357 rum
1100 3294 1416 3377 praedicti
1467 3292 1697 3358 casalis
1742 3294 1819 3357 de
1862 3293 2080 3378 aliquo
2129 3296 2562 3374 conveniatur,
2621 3315 2750 3358 non
2796 3306 3057 3379 coqalw·
3099 3296 3231 3358 m'si
3270 3297 3342 3358 in
3383 3295 3546 3378 foro

904 3399 1194 3465 ecclesiae
1234 3401 1630 3485 respondere,
1680 3402 2016 3466 dummodo
2061 3421 2192 3465 non
2216 3399 2431 3484 fuerit
2449 3402 2552 3476 ,de
2581 3399 3014 3465 criminalibus
3045 3400 3424 3486 appellatus,
3473 3401 3550 3464 de

904 3506 1129 3592 quibus
1176 3506 1491 3591 confessus
1536 3507 1635 3572 vel
1676 3507 2113 3593 comprobatus
2149 3529 2428 3594 poenam
2471 3508 2756 3592 corporis
2801 3507 2899 3571 vel
2939 3507 3359 3572 membrorum
3403 3529 3546 3570 mu-

906 3612 1194 3678 tilitatem
1236 3613 1447 3678 subire
1492 3613 1725 3679 debeat.
2651 3603 2657 3612 ’

897 3750 939 3813 Ι,
974 3750 1047 3802 39
1081 3768 1133 3802 n.
1157 3749 1245 3802 88.
1310 3751 1389 3802 Ex
1422 3751 1715 3818 apographo
1752 3750 2020 3802 difficiliori
2063 3751 2197 3802 lectu
2241 3753 2376 3804 inter
2409 3751 2733 3817 Neapolitani
2777 3751 2966 3803 archivi
3011 3752 3304 3804 membrana
3338 3751 3440 3802 vol.
3460 3751 3551 3813 VI,

686 3835 899 3890 1203-
916 3838 1052 3889 1212
1097 3845 1355 3891 asservato
1401 3839 1482 3890 ed.
1518 3837 2070 3892 Huillard-Breholles
2107 3840 2159 3902 1,
2197 3840 2330 3902 9113
2377 3841 2466 3892 ubi
2511 3839 2722 3892 lacunae
2767 3856 2798 3891 e
2844 3840 3016 3892 codice
3057 3840 3102 3890 B
3147 3840 3222 3890 sic
3267 3839 3552 3906 supplean-

681 3933 787 3976 tur:
824 3926 966 3992 regia
999 3925 1265 3992 largitione
1300 3926 1598 3978 subsidia
1633 3927 1894 3994 dignum
1928 3929 2172 3988 maximeg
2214 3957 2275 3966 -—
2315 3929 2580 3995 presertim
2617 3945 2748 3980 oum
2784 3945 2886 3981 non
2920 3929 3034 3992 uni;
3066 3959 3126 3967 —
3154 3927 3410 3980 exnaneis
3449 3928 3556 3979 rel

683 4011 759 4065 de
804 4013 1164 4067 hominibus
1212 4014 1493 4081 predicti
1540 4013 1735 4067 casalis.

690 4243 864 4314 144.
905 4247 1082 4314 1214
1125 4248 1353 4333 aprilis
1382 4247 1474 4312 22
1518 4247 1759 4312 Romae
1802 4271 1908 4334 ap.
1944 4246 2016 4314 S.
2041 4248 2324 4315 Petrum.
2392 4249 2793 4315 Innocentius
2829 4273 3016 4336 papa
3059 4248 3183 4314 III
3227 4249 3560 4331 confirmat

896 4351 1221 4436 fratribus
1279 4353 1609 4440 hospitalis
1660 4353 2186 4420 Thaeulonicorum
2230 4357 2308 4420 de
2352 4354 2569 4420 Accon
2621 4379 2664 4420 a
2707 4354 3036 4421 Friderico
3087 4354 3354 4422 Siciliae
3407 4378 3558 4442 rege

907 4459 1209 4525 donatum
1252 4461 1457 4526 casale
1508 4459 1883 4526 Tuaeauum.

905 4597 1305 4666 Innocentius
1328 4601 1659 4688 episcopus
1684 4621 1901 4667 servus
1924 4621 2250 4668 servorum
2272 4601 2374 4668 dei
2398 4600 2643 4668 dilectis
2663 4599 2812 4668 filiis
2835 4602 3138 4686 magistro
3163 4607 3228 4670 et
3247 4602 3554 4670 stati-ibus

682 4704 1015 4791 hospitalis
1037 4705 1563 4774 Theutonicorum
1596 4707 1673 4773 de
1699 4708 1911 4775 Accon
1939 4708 2212 4775 salutem
2241 4713 2306 4774 et
2335 4707 2746 4794 apostolicam
2775 4708 3292 4808 benedictionem.
3359 4707 3552 4776 Iustis

680 4812 1039 4896 petencium
1084 4812 1411 4880 desideriis
1456 4813 1715 4898 dignum
1760 4820 1859 4880 est
1900 4833 2015 4882 nos
2059 4815 2310 4883 facilem
2353 4815 2618 4901 prebere
2667 4833 3040 4882 consensum
3085 4820 3150 4883 et
3192 4821 3368 4899 vota,
3429 4834 3553 4900 que

684 4939 725 4984 a
765 4919 1031 4986 rationis
1087 4921 1341 4986 tramite
1392 4940 1519 4986 non
1563 4920 1956 5005 discordant,
2015 4919 2240 4990 effectu
2297 4927 2712 5013 prosequente
2757 4921 3091 5009 complere.
3169 4921 3550 5009 Eapropter,
