3892 5609
667 322 820 396 284
1650 331 2076 381 Pom-moun
2124 328 2568 378 noufflonmu

664 494 1021 563 tenentibus
1067 493 1441 561 fervenciori
1497 492 1760 560 caritate
1818 491 2049 559 debent
2102 489 2280 573 diligi
2336 494 2399 556 et
2456 508 2674 555 eorum
2730 489 2872 556 iura
2925 488 3081 576 ipsis
3140 490 3541 576 propensiori

664 602 1084 670 sollicitudine
1128 601 1510 684 conservari,
1555 606 1657 685 ut,
1705 601 1814 685 qui
1857 620 1975 686 pro
2022 600 2458 665 universorum
2503 595 2705 663 salute
2750 602 3035 664 extrema
3076 616 3207 663 non
3252 597 3547 665 dubitant

665 710 940 797 experiri
985 709 1284 796 pericula,
1336 709 1414 774 ab
1459 708 1748 791 omnibus
1793 712 1979 791 grata
2022 706 2308 794 senciant
2349 706 2753 771 incrementa.
2822 703 2975 771 Inde
3022 710 3138 789 est,
3186 704 3359 791 quod
3402 704 3545 769 uni-

663 818 1025 884 versitatem
1057 821 1330 883 vestram
1378 835 1706 881 monemus
1755 834 1828 881 ac
1871 834 1986 901 per
2034 812 2379 900 apostolica
2422 811 2599 877 vobis
2646 812 2886 897 scripta
2928 812 3305 878 mandamus
3354 817 3545 897 atque

661 924 1083 1012 precipimus,
1141 924 1434 1009 quatinus
1480 921 1794 1009 predictos
1840 920 2069 987 fratres
2116 941 2304 1008 super
2347 919 2734 1005 elemosiniS,
2782 939 2903 1005 que
2946 919 3105 1007 ipsis
3154 940 3193 985 a
3238 918 3343 985 dei
3388 917 3545 985 fide-

660 1032 826 1099 libus
871 1032 1298 1116 conferuntur,
1347 1051 1384 1097 a
1429 1031 1681 1096 nemine
1725 1028 2111 1116 permittatis
2152 1028 2437 1103 ,indebita
2481 1029 2961 1114 presumpcione
3007 1028 3246 1110 vexari,
3300 1026 3437 1109 sed,
3486 1026 3546 1093 si

663 1139 860 1224 aliqui
905 1160 1010 1205 eos
1069 1160 1260 1225 super
1316 1139 1440 1204 hiis
1501 1137 1734 1221 absque
1793 1136 2011 1203 ordine
2061 1136 2389 1201 iudiciario
2442 1154 2707 1218 gravare
2752 1134 3284 1221 presumpserint,
3344 1134 3545 1219 ipsos,

661 1243 817 1313 nisi¹
863 1247 1227 1341 commoniti
1283 1246 1451 1311 infra
1503 1244 1768 1327 triginta
1824 1243 1958 1309 dies
2016 1248 2162 1329 post
2218 1242 2775 1308 commonicionem
2820 1246 3095 1307 vestram
3156 1239 3543 1324 destiterint,

661 1373 861 1438 usque
908 1354 986 1419 ad
1034 1353 1536 1419 satisfaccionem
1580 1351 1955 1434 condignam
2001 1350 2249 1416 sublato
2303 1348 2744 1436 appellationis
2790 1348 3067 1415 remedio
3114 1348 3547 1415 ecclesiastica

668 1460 990 1527 sentencia
1016 1460 1279 1526 feriatis.
1349 1459 1588 1525 Datum
1617 1456 1914 1525 Laterani
1956 1458 2116 1524 xviii
2160 1458 2286 1523 kal.
2332 1456 2633 1523 februarii
2679 1454 3077 1543 pontificatus
3122 1456 3326 1521 nostri
3372 1476 3543 1521 anno

667 1568 905 1654 quinto.

878 1672 1000 1723 Sine
1037 1672 1184 1723 dato:
1220 1671 1262 1734 I,
1299 1672 1395 1733 743
1439 1672 1508 1732 11,
1549 1669 1704 1721 108v.
1741 1687 1792 1719 n.
1819 1668 1917 1731 62;
1965 1670 2029 1721 A.
2056 1669 2126 1727 20
2163 1688 2214 1721 n.
2240 1669 2308 1720 60
2344 1668 2523 1720 Latine
2562 1678 2613 1719 et
2650 1667 2951 1721 Germanice
2986 1684 3097 1719 cum
3132 1676 3282 1721 nota:
3326 1668 3427 1734 „Et
3458 1678 3547 1721 est

663 1762 717 1813 in
753 1760 1202 1827 Mergentheym“;
1246 1760 1309 1811 D.
1337 1760 1421 1810 61.
1463 1790 1524 1797 -
1566 1759 1688 1810 Cum
1725 1757 1869 1809 dato:
1920 1742 1984 1809 R'.
2012 1759 2081 1810 43
2119 1760 2250 1810 inter
2286 1756 2598 1823 Ellingensia
2634 1758 2733 1821 29,
2778 1766 3137 1809 transsumtum
3182 1775 3278 1824 per
3312 1758 3547 1825 Iringmn

664 1850 1084 1915 Herbipolensem
1123 1836 1414 1915 episcopum
1451 1848 1510 1913 (r.
1535 1846 1947 1913 1254—1266);
1984 1848 2047 1898 R.
2070 1846 2139 1897 76
2175 1848 2307 1899 inter
2331 1847 2829 1914 Mergenthemensia
2864 1864 2914 1897 n.
2940 1846 3026 1898 28.
3082 1846 3343 1912 originale
3370 1864 3541 1913 quon-

666 1938 782 1990 dam
806 1938 1298 2005 Mergenthemense‚
1336 1955 1369 1988 a
1404 1953 1502 2003 quo
1539 1936 1836 2003 appendens
1873 1934 2125 2002 quondam
2162 1936 2301 1988 bulla
2335 1935 2511 1988 avulsa
2546 1944 2641 1998 est,
2679 1946 2965 1987 asservatur
2989 1936 3325 1987 vindobonae
3359 1936 3414 1987 in
3451 1954 3541 1987 sr-

663 2027 808 2078 chivo
844 2026 1032 2078 ordinis
1061 2026 1374 2078 Theutonici.
1698 2026 1745 2075 l.
1796 2026 1861 2076 116
1897 2026 1940 2076 Ι.

671 2294 848 2369 313.
887 2297 1061 2364 1221
1108 2298 1399 2364 ianuarii
1426 2296 1511 2363 16
1556 2295 1881 2361 Laterani.
1952 2294 2277 2360 Honorius
2304 2293 2426 2359 III
2460 2296 2682 2381 repetit
2724 2318 2789 2359 n.
2820 2294 2954 2361 305
2998 2296 3076 2361 de
3104 2295 3285 2361 1218
3329 2308 3447 2363 oct.
3478 2296 3539 2361 1.

886 2438 1201 2506 Honorius
1233 2442 1349 2503 cet.
1416 2436 1576 2504 Cum
1607 2437 1818 2504 dilecti
1847 2443 1964 2504 cet.
2034 2435 2271 2502 Datum
2299 2433 2599 2501 Laterani
2639 2436 2775 2507 xvii
2802 2435 2927 2502 kal.
2960 2435 3117 2503 febr.
3160 2456 3223 2522 p.
3258 2456 3321 2503 n.
3354 2457 3413 2503 a.
3448 2448 3537 2503 νο.

671 2722 846 2797 314.
887 2724 1058 2790 1221
1107 2726 1396 2789 ianuarii
1423 2724 1513 2791 16
1555 2723 1867 2789 Laterani
1909 2720 2023 2807 (cf.
2058 2722 2236 2788 1223
2278 2725 2569 2789 ianuarii
2593 2723 2703 2802 13,
2753 2722 2929 2791 1226
2971 2722 3123 2788 iulii
3152 2674 3257 2804 2).'
3308 2723 3535 2791 Hono-

885 2835 1022 2897 rius
1064 2831 1187 2896 III
1223 2831 1532 2917 praelatis
1591 2832 1872 2898 ordinem
1924 2828 2372 2909 Theutonicum
2430 2832 2815 2896 commendat
2871 2831 2945 2895 ob
3008 2831 3540 2917 eleemosynarum

891 2939 1324 3019 collectionem,
1374 2950 1479 3003 cet.

888 3063 1206 3130 Honorius
1264 3062 1596 3149 episcopus
1651 3080 1868 3127 servus
1925 3080 2251 3127 servorum
2308 3060 2409 3127 dei
2452 3061 2915 3129 venerabilibus
2970 3062 3273 3129 fratribus
3330 3062 3537 3129 archi-

667 3171 980 3257 episcopis
1049 3175 1114 3236 et
1179 3170 1490 3255 episcopis
1559 3175 1623 3235 et
1687 3168 1929 3235 dilectis
1993 3167 2141 3234 filiis
2210 3168 2569 3252 abbatibuS,
2638 3169 2987 3255 prioribus,
3054 3168 3536 3253 archidiaconis,

667 3278 919 3345 decanis
977 3282 1040 3343 et
1098 3276 1239 3343 aliis
1289 3275 1689 3345 ecclesiarum
1734 3275 2067 3361 praelatis,
2130 3274 2211 3342 ad
2256 3296 2411 3361 quos
2455 3275 2665 3343 littere
2708 3276 2827 3343 iste
2873 3278 3308 3363 pervenerint,
3364 3276 3537 3343 salu-

633 3391 801 3465 ,tem
848 3390 910 3451 et
955 3384 1366 3470 apostolicam
1401 3382 1915 3450 benedictionem.
2142 3381 2302 3448 Cum
2348 3383 2592 3449 dilectis
2638 3381 2807 3468 filiis,
2852 3384 3153 3451 fratribus
3200 3384 3535 3471 hospitalis

667 3496 882 3560 sancte
923 3490 1124 3558 Mario
1171 3491 1690 3557 Theotonicorum
1740 3488 2246 3574 Ierosolimitani,
2293 3489 2657 3557 duxerimus
2702 3490 3174 3576 indulgendum,
3220 3496 3294 3557 ut
3338 3492 3536 3560 semel

665 3601 734 3667 in
793 3618 958 3665 anno
1013 3598 1399 3684 recipiantur
1449 3599 1518 3663 in
1569 3598 1846 3665 ecclesiis
1905 3597 1982 3663 ad
2042 3595 2415 3663 elemosinas
2468 3598 2878 3683 colligendas,
2938 3599 3193 3684 quidam
3250 3606 3533 3667 vestrum

670 3707 944 3773 avaricie
990 3706 1212 3771 ardore
1249 3706 1529 3772 succensi
1575 3704 1947 3771 confratrias
1992 3724 2138 3770 suas
2170 3705 2527 3771 confratriis
2566 3706 2818 3771 illorum
2849 3705 3067 3773 eadem
3110 3706 3212 3773 die
3254 3708 3323 3773 in
3362 3709 3533 3795 ipso-

667 3835 809 3881 rum
875 3814 1147 3879 adventu
1191 3818 1568 3899 preponunt,
1616 3817 1679 3879 et
1724 3812 1814 3878 sic
1858 3812 2087 3879 fratres
2132 3812 2255 3899 ipsi
2316 3812 2557 3878 confusi
2604 3818 2713 3879 aut
2754 3812 2913 3879 nihil
2960 3814 3185 3880 exinde
3243 3820 3354 3881 aut
3394 3834 3531 3881 mo-

668 3923 876 3989 dicum
922 3926 1404 4003 consequuntur.
1475 3919 1636 3998 Quia
1690 3920 1882 4005 igitur
1937 3920 2055 3985 hoc
2100 3920 2396 3986 indecens
2442 3926 2539 3986 est
2594 3924 2658 3987 et
2712 3921 2781 3987 in
2834 3926 3261 4007 contemptum
3320 3922 3422 3989 dei
3464 3928 3533 3989 et

669 4029 926 4097 ecclesie
981 4026 1262 4095 Romane
1319 4026 1659 4111 redundat,
1730 4027 2131 4093 universitati
2187 4032 2393 4095 vestre
2462 4048 2575 4114 per
2634 4027 2981 4115 apostolica
3033 4030 3273 4116 scripta
3330 4031 3533 4118 preci-

667 4136 896 4225 piendo
943 4135 1349 4219 mandamuS,
1396 4135 1690 4219 quatinus
1707 4183 1725 4218 ‚
1785 4154 1926 4201 cum
1970 4136 2198 4201 fratres
2241 4134 2368 4221 ipsi
2413 4134 2495 4203 ad
2538 4135 2677 4201 loca
2720 4140 2932 4202 vestra
2975 4156 3089 4223 pro
3136 4136 3531 4205 eleemosinis

671 4243 1046 4311 accesserint
1089 4242 1473 4327 colligendis,
1523 4240 1788 4325 benigne
1832 4243 2207 4328 recipientes
2254 4240 2507 4309 eosdem
2562 4248 2626 4307 et
2664 4242 2924 4311 honeste
2964 4250 3309 4311 tractantes
3358 4245 3529 4332 ipsos

667 4352 735 4418 in
783 4350 1059 4417 ecclesiis
1107 4351 1329 4416 vestris
1364 4369 1722 4416 ammonere
1752 4350 2058 4436 populum
2090 4355 2153 4415 et
2182 4349 2555 4416 elemosinas
2596 4348 2789 4417 libere
2834 4372 3095 4437 querere
3122 4353 3527 4440 permittatis,

667 4456 1041 4525 confratrias
1071 4463 1334 4541 vestras,
1381 4477 1535 4542 quas
1576 4457 1784 4523 facere
1814 4458 2078 4543 potestis
2110 4456 2386 4541 cottidie,
2432 4458 2713 4543 ipsorum
2746 4459 3124 4543 confratriis,
3173 4480 3293 4545 que
3334 4459 3531 4527 semel

667 4566 736 4632 in
781 4584 945 4629 anno
989 4563 1178 4647 fiunt,
1231 4563 1588 4631 nullatenus
1631 4568 2081 4652 preponentes,
2128 4583 2209 4631 ne
2252 4565 2577 4643 occasione
2620 4565 2870 4633 illarum
2916 4566 3255 4634 elemosine
3296 4566 3531 4635 Christi

669 4690 1019 4761 pauperum
1067 4670 1408 4757 depereant
1452 4677 1516 4737 et
1557 4672 1983 4758 impediantur
2026 4692 2220 4759 opera
2246 4673 2521 4759 pietatis.
2594 4672 2943 4740 Statuimus
2974 4674 3189 4759 etiam,
3234 4680 3307 4741 ut
3345 4696 3529 4743 nemo

671 4778 1170 4847 excommunicet
1211 4779 1441 4845 fratres
1485 4780 1660 4866 ipsos
1705 4780 1807 4846 vel
1850 4800 2062 4846 eorum
2112 4781 2389 4847 oratoria
2428 4781 2765 4849 interdicat
2817 4783 2954 4847 sine
3009 4782 3306 4849 mandato
3364 4782 3529 4849 sedis

672 4888 1012 4975 apostolice
1057 4887 1347 4974 speciali,
1393 4888 1780 4974 presentium
1827 4887 2005 4955 vobis
2052 4889 2423 4955 auctoritate
2479 4888 2883 4974 mandantes,
2939 4894 3013 4955 ut
3053 4890 3227 4977 ipsos
3282 4910 3529 4957 excom-

669 4996 992 5061 municare
1021 5000 1132 5061 aut
1163 5014 1374 5061 eorum
1409 4994 1700 5061 ecclesias
1729 4995 2104 5063 interdicere
2142 4990 2499 5063 nullatenus
2538 4996 2948 5084 presumatis;
2994 4996 3072 5064 de
3100 4998 3531 5085 parrochianis
