3892 5609
792 301 890 372 46
903 302 944 372 2
1762 313 2183 364 rourmouu
2226 312 2665 360 nomuonou

787 473 996 538 minus
1041 479 1106 540 et
1149 471 1304 540 alias
1351 474 1480 540 suis
1526 473 1866 542 subsistere
1909 472 2149 540 viribus
2194 473 2563 539 auctoritate
2592 471 2933 559 apostolica
2960 471 3369 540 decernentes
3398 470 3639 538 eisdem

789 578 1353 666 supplicacionibus
1397 580 1684 648 inclinati
1727 581 1973 648 indulta
2017 580 2411 662 donaciones,
2458 580 2915 664 concessiones,
2972 579 3460 664 acquisiciones,
3506 597 3639 644 ere-

789 687 1022 753 ctiones
1067 706 1308 753 necnon
1352 689 1634 772 uniones,
1682 688 2063 756 annexiones
2110 692 2177 754 et
2216 686 2755 772 incorporaciones
2801 686 3111 773 predictas
3150 693 3217 754 et
3246 705 3639 772 quecumque

785 794 932 860 inde
976 800 1188 861 secuta
1229 800 1371 862 rata
1412 794 1712 863 habentes
1759 801 1822 862 et
1874 801 2056 880 grata
2113 794 2225 860 illa
2282 793 2496 860 eadem
2558 793 2925 863 auctoritate
2978 815 3057 860 ex
3110 793 3305 860 simili
3366 793 3641 860 sciencia

787 900 1226 968 confirmamus
1281 906 1347 968 et
1399 903 1708 988 presentis
1765 902 1983 989 scripti
2042 900 2388 988 patrocinio
2447 901 2899 967 communimus
2912 951 2931 985 ‚
2990 901 3359 989 supplentes
3420 919 3639 966 omnoe

787 1007 1082 1092 defectus,
1130 1009 1184 1074 si
1232 1009 1338 1094 qui
1381 1009 1594 1075 forsan
1637 1009 2091 1077 intervenerint
2132 1009 2200 1074 in
2246 1008 2479 1075 eisdem
2525 1027 2653 1073 non
2696 1007 3086 1076 obstantibus
3127 1008 3465 1095 premissis
3494 1027 3639 1073 nec·

787 1133 913 1181 non
981 1115 1530 1183 constitucionibus
1589 1122 1654 1184 et
1709 1115 2214 1183 ordinacionibus
2276 1113 2637 1200 apostolicis
2691 1115 2890 1182 eciam
2949 1115 3309 1182 huiusmodi
3366 1114 3637 1196 valores,

787 1223 1045 1306 fructus,
1091 1222 1370 1290 redditus
1417 1228 1482 1290 et
1525 1228 1862 1309 proventus
1907 1223 2245 1290 secundum
2292 1221 2521 1288 dictam
2568 1220 3043 1290 extimacionem
3087 1221 3363 1310 exprimi
3406 1221 3637 1288 debere

787 1327 1284 1416 disponentibus,
1332 1331 1584 1397 statutis
1629 1351 1873 1418 quoque
1918 1334 1983 1397 et
2028 1328 2574 1398 consuetudinibus
2620 1327 2949 1414 hospitalis
2976 1325 3245 1416 predicti
3274 1329 3635 1396 iuramento

787 1435 1256 1504 confirmatione
1302 1437 1644 1525 apostolica
1686 1437 1786 1507 vel
1831 1438 2051 1524 quavis
2096 1436 2221 1504 alia
2262 1435 2559 1502 firmitate
2601 1435 2853 1502 vallatis
2902 1438 3250 1523 ceterisque
3294 1435 3635 1504 conta-ariis

790 1542 1296 1630 quibuscumque.
1377 1543 1548 1610 Nulli
1593 1565 1740 1629 ergo
1787 1545 2038 1612 omnino
2083 1544 2401 1611 hominum
2448 1541 2637 1611 liceat
2676 1542 2838 1610 hanc
2880 1545 3176 1630 paginam
3221 1553 3445 1610 nostre
3486 1562 3633 1610 con-

786 1649 925 1716 firm
933 1651 1164 1719 acionis
1211 1656 1276 1718 et
1317 1652 1826 1720 communicionis
1879 1652 2221 1736 infringere
2274 1649 2375 1718 vel
2430 1651 2491 1718 ei
2546 1671 2701 1717 ausu
2758 1652 3090 1719 temerario
3144 1651 3489 1718 contraire.
3566 1647 3633 1715 Si

789 1757 927 1842 quis
971 1763 1182 1842 autem
1224 1757 1344 1826 hoc
1387 1765 1764 1847 attemptare
1819 1757 2301 1846 presumpserit,
2357 1757 2855 1842 indignacionem
2908 1758 3357 1845 omnipotentis
3418 1757 3524 1824 dei
3570 1762 3631 1824 et

787 1863 1110 1932 beatorum
1154 1863 1326 1932 Petri
1370 1872 1436 1934 et
1475 1865 1657 1935 Pauli
1701 1865 2123 1954 apostolorum
2170 1865 2303 1933 eius
2349 1884 2417 1932 se
2458 1865 2705 1932 noverit
2730 1865 3143 1934 incursurum.
3212 1865 3459 1933 Datum
3486 1863 3631 1931 Flo·

785 1973 994 2042 rencie
1037 1972 1146 2040 xvi
1189 1973 1314 2040 kal.
1360 1974 1519 2040 iunii
1535 1974 1542 1980 ’
1561 1973 1961 2062 pontificatus
2004 1972 2205 2040 nostri
2249 1993 2411 2040 anno
2456 1973 2746 2041 secundo.

996 2113 1086 2176 IV,
1111 2113 1210 2164 241
1227 2131 1273 2164 v.
1331 2114 1740 2182 Transsumptum
1775 2116 1866 2167 sub
1903 2113 2066 2181 sigillo
2100 2115 2236 2165 curie
2271 2113 2559 2180 apostolice,
2595 2113 2860 2165 autoritate
2883 2111 3205 2164 Pantaleonis
3242 2112 3307 2164 de
3344 2111 3531 2164 Bredas
3568 2111 3629 2162 de

787 2201 955 2264 Utine,
980 2202 1042 2252 D.
1060 2202 1125 2252 D.
1151 2211 1204 2254 et
1225 2219 1349 2254 cam.
1375 2213 1535 2270 apost.
1561 2204 1799 2256 auditoris
1823 2203 2089 2270 generalis,
2113 2203 2247 2254 dato.
2303 2201 2588 2254 Florentiae
2616 2201 2751 2252 1419
2773 2203 2945 2254 novbr.
2975 2201 3055 2253 10.
3108 2191 3329 2253 Exstant
3346 2202 3400 2252 in
3424 2201 3627 2252 achivo

786 2291 1154 2357 Regimontano
1189 2291 1288 2344 duo
1323 2292 1641 2358 exemplaria.
1706 2292 1814 2345 1011.
1839 2294 1924 2344 50.
1990 2291 2119 2343 Edd.
2148 2291 2413 2344 Caorsinus
2447 2291 2511 2343 D.
2536 2290 2584 2341 2.
2646 2291 2839 2342 Senner
2872 2291 2931 2342 F.
2957 2291 3007 2341 6.
3084 2289 3219 2342 1419
3255 2307 3373 2356 aug.
3398 2290 3472 2341 25
3508 2289 3625 2340 1³10-

785 2379 977 2431 rentiae
1011 2379 1254 2432 Martinus
1279 2379 1326 2430 V
1361 2381 1620 2433 confirmat
1665 2381 1825 2434 ordini
1861 2380 2167 2432 Theutonico
2178 2417 2195 2442 ,
2241 2380 2373 2446 quod
2418 2380 2597 2432 invitus
2633 2397 2731 2432 non
2768 2387 2999 2432 teneamr
3034 2379 3343 2445 respondere
3378 2379 3623 2446 provisio-

785 2467 931 2519 nibus
967 2468 1251 2534 apostolicis
1288 2487 1376 2521 seu
1411 2469 1714 2538 legatorum,
1754 2470 2015 2523 occasione
2049 2469 2364 2536 praelaturae
2400 2468 2657 2521 cuiusdam
2694 2467 3022 2520 Guroniensis.
3088 2467 3220 2519 Vide
3256 2485 3412 2536 supra
3446 2485 3501 2518 n.
3524 2467 3621 2518 251

785 2573 836 2622 p.
871 2556 991 2609 236.

793 2797 832 2867 7
847 2796 882 2866 1
895 2797 965 2868 Ο.
1003 2800 1182 2868 1420
1223 2800 1448 2887 septbr.
1482 2801 1570 2868 24
1621 2801 1896 2870 Viterbii.
1988 2803 2305 2868 Martinus
2353 2802 2412 2867 V
2462 2802 2675 2868 ordini
2732 2799 3106 2866 Theatonico
3164 2813 3624 2865 conservatores

1006 2909 1318 2974 constituit
1351 2908 1697 2995 Ρήυίίερίί,
1745 2931 1820 2975 em
1865 2931 1989 2995 quo
2035 2912 2168 2976 sine
2211 2912 2525 2976 exactione
2570 2909 2753 2974 liceat
2791 2919 3192 2994 praeamara
3233 2909 3493 2974 idoneos
3540 2909 3627 2974 ad

1004 3013 1288 3082 ecclesiae
1330 3017 1436 3080 sui
1471 3027 1865 3101 patronatus.

1003 3146 1310 3214 Martinus
1354 3148 1683 3234 episcopus
1728 3168 1945 3216 servus
1992 3167 2312 3214 servorum
2356 3149 2459 3216 dei
2504 3147 2746 3214 dilectis
2788 3145 2936 3214 filiis
2992 3145 3205 3214 abbati
3256 3148 3623 3214 monasterii

783 3254 985 3322 sancti
1026 3253 1238 3339 Egidii
1281 3253 1816 3340 Nurenbergensis
1872 3260 1936 3322 et
1996 3256 2195 3323 sancti
2242 3255 2513 3342 Spiritus
2557 3253 3098 3338 Heidelbergensis
3140 3253 3623 3338 Bambergensis

783 3366 848 3428 et
874 3359 1356 3428 warmaciensis
1401 3361 1740 3430 diocesium
1789 3381 1862 3429 ac
1906 3363 2109 3431 sancti
2138 3361 2451 3447 Gungolffi
2480 3361 2882 3446 Magantinae
2926 3360 3329 3428 ecclesiarum
3370 3362 3623 3428 deeanis

783 3468 1048 3535 salutem
1105 3471 1169 3534 et
1229 3466 1632 3554 apostolicam
1689 3469 2202 3537 benedictionem.
2468 3468 2752 3553 Regnum
2804 3469 3196 3555 presidentes
3244 3469 3623 3536 universalis

784 3574 1043 3642 ecclesie
1085 3593 1202 3662 pro
1245 3572 1522 3643 fidelium
1567 3577 1898 3663 presertim
1945 3575 2380 3661 religiosorum
2424 3595 2499 3642 ac
2541 3575 2787 3663 piorum
2815 3575 3095 3642 locorum
3126 3580 3192 3642 et
3218 3575 3623 3643 ecclamarum

783 3680 1204 3767 quarumlibet
1245 3687 1415 3749 statu
1459 3682 1794 3751 salubriter
1838 3684 2161 3768 dirigendo
2176 3733 2195 3768 ‚
2252 3689 2441 3771 prout
2492 3703 2570 3751 ex
2614 3682 2823 3750 debito
2864 3682 3047 3750 nobis
3100 3682 3367 3750 iniuncti
3410 3689 3623 3770 pasto-

779 3787 933 3856 ralis
991 3795 1275 3856 tenemur
1329 3787 1549 3874 officii,
1605 3790 1870 3858 sollicite
1927 3790 2449 3858 consideracionis
2506 3791 2803 3858 intuitum
2848 3789 3244 3857 extendimus
3290 3796 3357 3858 et
3400 3790 3484 3856 ad
3526 3811 3619 3874 ea,

780 3917 896 3984 per
940 3915 1060 3981 que
1103 3895 1376 3964 cuiusvis
1421 3895 1734 3983 dispendii
1779 3896 2026 3965 sublata
2066 3897 2335 3966 materia
2374 3897 2625 3965 illorum
2666 3897 3225 3984 indempnitatibus
3250 3897 3619 3981 consulitur,

779 4003 1046 4070 libenter
1099 4003 1464 4070 adhibemus
1517 4009 1730 4072 nostre
1783 4003 2223 4072 sollicitudinis
2286 4012 2517 4092 partes.
2610 4003 2775 4072 Sane
2828 4024 2944 4090 pro
3010 4009 3191 4091 parte
3252 4003 3619 4072 dilectorum

778 4111 1050 4178 filiorum
1093 4111 1380 4195 magistri
1427 4116 1490 4178 et
1532 4111 1799 4178 fratrum
1843 4111 2171 4198 hospitalis
2215 4111 2396 4179 beate
2438 4111 2639 4180 Marie
2682 4111 3201 4178 Theotonicorum
3246 4110 3619 4178 lerosolimi-

779 4218 914 4286 tani
956 4217 1136 4286 nobis
1180 4237 1382 4305 nuper
1426 4217 1704 4286 exhibita
1745 4219 1975 4306 peticio
2020 4219 2409 4303 continebat,
2471 4218 2666 4304 quod,
2722 4219 2871 4286 licet
2924 4218 3047 4304 ipsi
3098 4217 3280 4284 iuxta
3322 4217 3619 4306 specialia

781 4326 873 4393 eis
918 4346 958 4392 a
1000 4324 1147 4393 sede
1193 4325 1536 4412 apostolica
1579 4345 1872 4394 concessa
1915 4325 2266 4413 privilegia,
2313 4325 2537 4412 quibus
2580 4326 2647 4391 in
2695 4325 2899 4410 aliquo
2932 4325 3301 4408 derogatum
3328 4345 3459 4391 non
3486 4325 3615 4392 exi—

780 4433 911 4516 stit,
959 4432 1038 4498 ad
1081 4431 1500 4518 parrochiales
1545 4433 1836 4500 ecclesias
1883 4437 1947 4499 et
1992 4432 2116 4499 alia
2160 4432 2456 4500 beneficia
2500 4431 2941 4516 ecelesiastica,
2984 4432 3053 4498 in
3097 4432 3322 4517 quibus
3368 4434 3467 4498 ius
3510 4431 3615 4498 ob-

777 4540 984 4606 tinent
1025 4527 1392 4626 patronatus
1437 4539 1570 4606 sive
1611 4540 2034 4626 presentandi‚
2080 4559 2222 4607 cum
2266 4539 2380 4606 illa
2423 4559 2645 4607 vacare
2689 4539 3049 4624 contigerit,
3108 4559 3410 4626 personas
3464 4539 3615 4626 ydo-

778 4666 932 4713 neas
973 4644 1248 4714 locorum
1293 4645 1624 4713 ordinariis
1665 4645 1824 4714 iuris
1867 4647 2086 4714 ordine
2126 4645 2453 4714 observato
2480 4651 2843 4733 presentare
2870 4647 3116 4734 ipsique
3144 4646 3449 4714 ordinarii
3474 4665 3611 4734 per-

780 4773 967 4820 sonas
1014 4754 1261 4821 easdem
1308 4754 1389 4822 ad
1434 4753 1728 4822 ecclesias
1775 4759 1838 4821 et
1881 4753 2182 4824 beneficia
2222 4753 2576 4821 huiusmodi
2622 4755 2719 4822 sic
2768 4759 3161 4842 presentatas
3216 4753 3357 4820 sine
3410 4753 3615 4838 aliqua

779 4861 1270 4929 contradictione
1313 4881 1426 4929 seu
1469 4861 1792 4930 exactione
1837 4861 2169 4928 admittere
2215 4866 2279 4928 et
2321 4881 2426 4930 eas
2470 4863 2539 4928 in
2566 4867 2844 4930 rectores
2878 4861 3279 4930 ecelesiarum
3326 4867 3395 4928 et
3432 4860 3613 4927 bene-

777 4965 1060 5036 ficiorum
1126 4969 1454 5038 instituere
1508 4969 1946 5038 consueverint
1998 4969 2451 5038 antedictorum
2467 5017 2487 5055 ‚
2542 4967 2823 5037 nonnulli
2878 4973 3091 5038 tamen
3146 4989 3225 5036 ex
3284 4967 3611 5036 ordinariis
