3892 5609
557 280 708 377 ,44'
1391 306 1619 355 mana
1649 288 1950 357 'smera
2020 304 2351 355 anunm.
2424 305 2689 355 crenus

601 469 779 537 euius
824 468 1007 535 tercii
1053 486 1302 533 summa
1347 473 1443 534 est
1487 466 1742 535 ducenti
1789 468 2121 553 sexaginta
2164 467 2252 533 vii
2297 466 2564 535 bisancii
2608 466 2817 533 minus
2862 466 3078 552 tercia,
3126 486 3284 552 quos
3328 486 3475 555 pre-

602 576 718 644 fati
761 577 1062 661 magister
1107 580 1172 642 et
1211 576 1442 643 fratres
1489 575 1644 641 mihi
1692 581 1756 643 et
1801 576 2264 643 successoribus
2309 575 2469 641 meis
2512 575 2579 641 in
2625 580 3003 662 perpetuum
3050 575 3471 661 quitaverunt.

599 683 1035 751 vendiderunt
1079 681 1370 750 similiter
1413 683 1644 770 prefati
1690 703 1898 750 comes
1955 689 2019 751 et
2068 704 2229 751 uxor
2274 704 2389 750 sua
2436 688 2500 749 et
2544 702 2763 750 eorum
2804 664 2971 749 filius
3026 682 3289 770 prefatis
3336 702 3475 750 ma-

599 794 798 877 gistro
858 798 923 858 et
973 789 1275 857 fratribus
1336 790 1624 857 assisiam
1675 790 1941 857 duorum
1987 791 2232 857 milium
2280 790 2703 886 bisanciorum
2758 790 2839 857 ad
2884 790 3210 857 cathenam
3258 789 3473 857 Accon

601 901 1100 987 assignatorum,
1136 918 1290 985 quos
1337 898 1630 965 similiter
1676 898 1946 984 predicti
1993 899 2293 983 magister
2338 904 2402 965 et
2434 898 2661 965 fratres
2692 898 2850 964 mihi
2900 901 2965 965 et
3007 898 3473 966 successoribus

598 1009 760 1075 meis
790 1009 858 1073 in
885 1010 1262 1094 perpetuum
1297 1006 1718 1092 quitaverunt.
1790 1005 2206 1084 Quitaverunt
2237 1007 2435 1074 eciam
2484 1005 2749 1094 predicti
2794 1006 3098 1090 magister
3136 1011 3200 1073 et
3242 1006 3472 1073 fratres

598 1116 756 1182 mihi
802 1121 865 1182 et
909 1113 1372 1181 successoribus
1419 1114 1576 1180 meis
1623 1113 1922 1204 quicquid
1970 1114 2049 1180 ad
2094 1134 2355 1201 presens
2403 1120 2499 1181 est
2538 1114 2605 1180 in
2636 1112 2929 1180 manibus
2960 1112 3472 1198 sarracenorum,

601 1223 770 1311 quod
825 1222 1106 1309 pertinet
1159 1220 1242 1286 ad
1301 1241 1405 1306 ea,
1465 1242 1586 1307 que
1630 1221 2051 1289 vendiderunt
2103 1222 2333 1308 prefati
2390 1241 2599 1288 comes
2657 1226 2721 1288 et
2772 1241 2933 1287 uxor
2976 1242 3093 1289 sua
3148 1226 3212 1287 et
3254 1240 3473 1289 eorum

601 1329 768 1397 filius
782 1381 801 1414 ,
863 1350 1003 1397 cum
1053 1348 1091 1395 a
1133 1327 1423 1395 fidelibus
1469 1330 1662 1397 fuerit
1709 1330 2105 1413 acquisitum.
2178 1328 2611 1396 vendiderunt
2652 1334 2943 1416 preterea
2986 1328 3219 1415 prefati
3262 1349 3473 1396 comes

603 1442 666 1505 et
723 1457 882 1503 uxor
943 1456 1060 1503 sua
1115 1443 1179 1503 et
1229 1456 1446 1503 eorum
1492 1435 1660 1503 filius
1703 1435 2005 1523 predictis
2052 1436 2353 1521 magistro
2400 1441 2465 1503 et
2506 1436 2808 1504 fratribus
2854 1436 3169 1522 quandam
3216 1435 3475 1503 domum

601 1546 668 1611 in
712 1545 959 1629 Accon,
1021 1564 1140 1629 que
1184 1544 1306 1610 fuit
1349 1544 1598 1610 comitis
1650 1542 1969 1628 loscelini,
2034 1546 2208 1611 cuius
2264 1545 2424 1611 situs
2480 1542 2625 1611 talis
2686 1549 2810 1611 est:
2871 1543 2950 1610 ab
2998 1544 3239 1612 oriente
3282 1543 3477 1611 habet

602 1651 918 1738 quandam
962 1650 1247 1736 ruellam,
1296 1648 1374 1716 ab
1407 1650 1728 1719 occidente
1759 1651 2076 1737 quandam
2109 1651 2465 1719 clausuram
2498 1651 2818 1735 domuum,
2867 1671 2989 1736 que
3033 1657 3181 1718 sunt
3226 1650 3473 1718 abbatis

599 1759 836 1828 Montis
869 1758 1148 1841 Thabor3
1198 1778 1237 1823 a
1280 1758 1541 1825 meridie
1586 1766 1684 1825 est
1727 1760 1832 1827 via
1875 1757 2160 1845 publica;
2211 1780 2249 1825 a
2294 1759 2743 1846 septemtrione
2790 1758 3043 1825 coheret
3087 1757 3302 1825 domui
3347 1758 3473 1825 Ro-

599 1865 784 1933 hardi
828 1866 1068 1932 domini
1099 1864 1374 1953 Cayphe.
1445 1865 1514 1933 Si
1544 1887 1692 1933 vero
1736 1868 1805 1933 in
1845 1866 2207 1933 civitatibus
2239 1867 2392 1954 Tyri
2422 1866 2522 1933 vel
2550 1867 2767 1933 Accon
2816 1866 3023 1951 alique
3068 1866 3292 1933 domus
3337 1866 3473 1933 fue-

601 1974 750 2059 rint,
798 1994 918 2060 que
965 1974 1047 2040 ad
1092 1973 1520 2060 supradictam
1549 1974 1985 2041 vendicionem
2030 1974 2408 2060 pertineant,
2456 1994 2596 2040 cum
2630 1994 2669 2041 a
2701 1974 3003 2057 magistro
3034 1972 3137 2040 vel
3170 1973 3473 2043 fratribus
3536 1968 3549 1974 ’

603 2081 754 2149 dicti
798 2080 1130 2169 hospitalis
1175 2081 1480 2149 fuerimus
1523 2081 1834 2168 requisiti,
1888 2082 1958 2146 in
2002 2082 2181 2147 curia
2224 2086 2441 2149 nostra
2485 2081 2743 2169 plenum
2787 2081 2885 2148 ius
2931 2081 3277 2149 secundum
3322 2101 3475 2148 con-

603 2190 964 2256 suetudines
1011 2194 1177 2255 terre
1221 2189 1525 2256 faciemus
1573 2188 1872 2255 exhiberi.
1943 2187 2069 2254 Pro
2098 2188 2219 2255 hao
2258 2194 2469 2255 autem
2500 2188 2881 2274 venditione,
2928 2189 3031 2255 cui
3074 2190 3364 2256 consensi
3408 2196 3475 2257 et

603 2297 908 2381 acquievi,
955 2296 1166 2383 recepi
1212 2316 1327 2380 ego
1376 2296 1750 2381 quingentas
1797 2294 2087 2361 marchas
2136 2296 2381 2379 argenti
2429 2317 2468 2362 a
2509 2297 2773 2383 prefatis
2808 2294 3223 2381 H(ermanno)
3268 2297 3473 2383 magi-

603 2409 734 2470 stro
781 2409 845 2470 et
887 2403 1208 2470 fratribus.
1289 2402 1377 2469 Ut
1418 2403 1538 2470 hoc
1583 2408 1794 2470 autem
1837 2408 2051 2470 ratum
2096 2404 2181 2471 sit
2238 2410 2303 2472 et
2350 2403 2605 2471 firmum
2646 2404 2716 2470 in
2761 2408 3169 2491 perpetuum,
3230 2425 3343 2490 ego
3390 2404 3473 2472 ad

601 2512 930 2596 utriusque
987 2512 1190 2598 partis
1248 2510 1625 2597 peticionem
1681 2531 1943 2598 presens
1993 2512 2300 2599 scriptum
2344 2512 2601 2598 precepi
2644 2511 2783 2577 fieri
2830 2517 2893 2577 et
2938 2511 3145 2596 sig-illo
3192 2532 3332 2579 meo
3378 2518 3472 2580 te-

603 2618 803 2686 stibus
849 2618 1222 2705 subscriptis
1267 2616 1646 2683 confirmari.
1719 2616 1923 2684 Huius
1972 2625 2182 2685 autem
2227 2619 2323 2685 rei
2368 2625 2518 2685 sunt
2560 2624 2754 2687 testes
2800 2618 2947 2687 Otto
2994 2619 3073 2687 de
3106 2618 3323 2688 Monte
3349 2619 3473 2688 Be-

471 2776 480 2785 .
599 2726 824 2811 liardo,
868 2726 1048 2809 reg-ni
1078 2724 1475 2807 constabilis;
1522 2724 1828 2791 Radulfus
1859 2726 2253 2812 Tyberiadis,
2300 2727 2479 2811 regni
2518 2727 2949 2809 senescalcus3
2993 2726 3315 2814 Balianus,
3358 2727 3472 2794 do-

601 2836 812 2900 minus
846 2832 1152 2920 Sydonis3
1202 2832 1521 2901 Garnerus
1550 2833 1975 2915 Alemannus3
2027 2831 2166 2900 Gilo
2214 2834 2293 2900 de
2325 2832 2613 2916 Berith03
2660 2833 2989 2901 Rohardus
3034 2835 3113 2901 de
3142 2834 3467 2923 Gaypha83

604 2939 942 3008 Gaufridus
983 2940 1062 3007 de
1103 2938 1366 3023 Gafran3
1415 2936 1680 3007 Haimo'
1711 2940 2133 3023 Alamannus3
2180 2940 2429 3027 Danyel
2472 2942 2549 3008 de
2578 2940 2963 3009 Malenbech.
3031 2942 3267 3009 Actum
3306 2962 3469 3009 anno

602 3048 843 3115 domini
889 3054 977 3114 m⁶
1007 3054 1099 3113 cc‘
1131 3054 1242 3113 xx·
1287 3068 1504 3115 mense
1551 3068 1754 3135 mayo.

813 3188 856 3251 1,
897 3188 962 3240 12
998 3205 1050 3240 n.
1073 3188 1159 3240 20.
1213 3188 1310 3241 Ed.
1334 3190 1374 3242 Ι.
1394 3188 1550 3256 Voigt
1583 3189 1616 3240 l.
1643 3206 1685 3241 c.
1711 3188 1796 3241 71.
1990 3190 2033 3242 1.
2068 3189 2369 3241 hennebeck
2405 3189 2465 3242 B.
2642 3191 2693 3242 2.
2728 3191 2895 3243 haimo
2931 3189 2991 3243 B.

608 3543 732 3616 54.
779 3546 964 3611 1220
1009 3560 1130 3612 oct.
1163 3548 1261 3613 27
1292 3546 1621 3615 Laterani.
1689 3546 2017 3615 Honorius
2054 3572 2239 3638 papa
2272 3550 2395 3615 III
2430 3550 2755 3634 confirmat
2794 3553 3097 3637 maqietro
3144 3563 3203 3617 et
3226 3551 3471 3635 fratri-

781 3654 894 3719 bus
922 3655 1143 3720 domus
1174 3677 1222 3718 ε.
1249 3656 1506 3721 Mariae
1533 3656 2059 3723 Theutonicorum
2088 3656 2701 3743 Hierosolymitanae
2740 3658 2821 3723 ab
2856 3656 3098 3739 Ottone,
3149 3662 3369 3724 comite
3396 3660 3493 3724 de·

779 3762 1172 3848 Henneberq,
1221 3763 1514 3829 Beato-ico
1555 3786 1772 3845 umore,
1826 3764 2051 3831 ottone
2084 3765 2231 3848 filio
2279 3786 2491 3829 eorum
2534 3767 2853 3831 venditum
2892 3764 3223 3831 Castellum
3258 3767 3467 3853 Regis.

823 3902 1141 3970 Honorius
1189 3904 1521 3991 episcopus
1569 3925 1788 3972 servus
1836 3925 2157 3973 servorum
2207 3905 2307 3973 dei
2358 3905 2604 3973 dilectis
2660 3904 2809 3972 filiis
2866 3908 3170 3991 magistro
3229 3912 3293 3975 et
3344 3908 3471 3975 fra-

601 4012 803 4079 tribus
851 4010 1072 4078 domus
1120 4017 1333 4078 sancte
1365 4008 1564 4077 Marie
1595 4012 2124 4079 Theutonicorum
2156 4010 2608 4080 lherosolimis¹
2639 4014 2903 4081 salutem
2951 4020 3015 4082 et
3059 4014 3468 4102 apostolicam

601 4117 1121 4185 benedictionem.
1213 4119 1402 4185 Iustis
1459 4121 1819 4205 petencium
1877 4120 2205 4187 desideriis
2264 4121 2524 4205 dignum
2582 4127 2679 4188 est
2730 4142 2846 4187 nos
2902 4122 3151 4189 facilem
3209 4123 3473 4210 prebere

601 4245 976 4293 consensum
1023 4226 1282 4310 et⁸vota‚
1331 4245 1452 4312 que
1481 4224 1554 4292 a'
1586 4228 1850 4294 rationis
1887 4229 2140 4296 tramite
2184 4249 2313 4295 non
2358 4228 2738 4313 discordant,
2787 4228 3009 4297 effectu
3054 4236 3471 4317 prosequente

601 4331 936 4419 complere.
1009 4331 1166 4398 Cum
1213 4333 1408 4419 igitur
1437 4333 1780 4429 Castellum
1811 4335 1999 4420 Regis
2046 4356 2186 4403 cum
2234 4336 2523 4402 omnibus
2569 4337 2993 4435 pertinenciis
3008 4338 3159 4423 suiS,
3207 4344 3471 4426 excepto

601 4440 827 4525 casali,
886 4439 1053 4528 quod
1097 4446 1356 4508 vocatur
1401 4437 1690 4527 Ihazon⁸,
1749 4462 1789 4509 a
1832 4442 2028 4510 nobili
2074 4444 2210 4509 viro
2258 4444 2485 4511 comite
2532 4444 2627 4511 de·
2653 4444 3109 4512 Hennenberch
3168 4450 3233 4513 et
3273 4445 3471 4514 nobili

601 4547 866 4615 muliere
909 4547 1229 4632 Beatrice,
1288 4568 1486 4615 uxore
1544 4569 1689 4633 sua,
1751 4556 1815 4616 et
1859 4551 2091 4617 Ottone
2135 4548 2263 4617 filio
2324 4570 2570 4637 eorum,
2632 4573 2667 4619 e
2710 4553 2955 4620 meritis
3010 4553 3347 4621 karissimo
3404 4556 3472 4621 in

602 4655 852 4723 Christo
897 4654 1026 4721 filio
1072 4662 1286 4723 nostro
1320 4655 1612 4743 Iohanne,
1659 4656 1888 4724 illustri
1935 4678 2083 4742 rege
2117 4656 2641 4746 Ierosolimitano,
2686 4666 2979 4748 presente
3027 4681 3102 4728 ac
3145 4667 3472 4749 prestante

601 4782 1006 4849 consensum,
1062 4765 1225 4830 sicut
1273 4765 1340 4830 in
1388 4766 1522 4831 eius
1567 4762 1964 4851 patentibus⁴
2008 4765 2237 4832 litteris
2282 4766 2581 4853 plumbea
2624 4767 2797 4835 bulla
2838 4769 3100 4835 munitis
3144 4771 3473 4858 perspexi-

602 4890 744 4937 mus
775 4871 1102 4970 contineri,
1148 4892 1263 4938 nos
1310 4872 1602 4958 precibus
1632 4874 1862 4940 vestris
1891 4873 2247 4958 benignum’
2275 4873 2715 4962 impercientes
2748 4896 3097 4961 assensum,
3143 4877 3471 4945 castellum

601 4979 830 5065 ipsum,
859 4996 1002 5047 oum
1047 4978 1337 5047 omnibus
1384 4980 1787 5066 pertinenciis
1834 4982 2001 5067 eius,
2062 4986 2324 5069 excepto
2372 4980 2565 5049 casali
2610 4983 2893 5069 predicto
2908 5036 2927 5069 ,
2982 4984 3145 5053 sicut
3188 5006 3264 5053 ea
3308 4987 3473 5054 iuste

3272 5162 3309 5177 Ι
