3892 5609
1881 299 1894 338 l

722 395 878 490 5420
1697 431 2119 480 ron-rmctm
2160 428 2603 488 sommonuu

713 609 874 656 novo
905 589 1238 656 multitudo
1269 595 1596 676 perempta
1622 589 1897 657 fidelium
1931 595 1997 657 et
2032 589 2314 676 ipsorum
2360 588 2611 685 residuo
2654 589 2721 654 in
2766 589 3051 674 persenis
3082 595 3148 658 et
3174 588 3365 656 rebus
3396 591 3572 674 quasi

713 716 828 782 per
873 696 1006 762 dies
1051 697 1328 780 singulos
1376 698 1707 785 multiplex
1751 699 2080 765 immineat
2122 697 2563 763 detrimentum
2582 745 2601 779 ,
2646 701 2837 780 prout
2878 695 2991 762 illa
3030 697 3419 762 mestissima
3460 716 3577 761 nos

712 803 782 868 in
829 804 1104 889 presenti
1151 803 1368 871 edocet
1415 805 1802 891 coniectura,
1864 803 2029 892 quod
2074 803 2283 869 dilecti
2326 799 2443 868 filii
2488 851 2502 867 .
2532 852 2547 867 .
2575 853 2589 867 .
2638 803 2940 894 magister
2982 811 3048 869 et
3087 803 3318 869 fratres
3364 803 3577 888 hospi-

713 910 860 976 talis
905 932 954 977 s.
989 909 1186 978 Marie
1221 911 1744 978 Theutonicorum
1787 910 2288 993 lerosolimitani‚
2333 909 2721 976 devotissimi
2764 910 3018 995 quidem
3048 909 3285 976 Christi
3330 909 3579 996 pugiles

715 1023 778 1084 et
812 1018 1094 1104 predicte
1137 1025 1306 1086 terre
1347 1021 1759 1106 imperterriti
1805 1020 2181 1102 defensoreS,
2227 1017 2373 1084 licet
2416 1017 2483 1082 in
2529 1017 2691 1082 votis
2736 1037 2985 1104 semper
3026 1017 3335 1102 habeant,
3379 1025 3453 1082 ut
3496 1016 3577 1081 ad

711 1123 977 1208 gloriam
1007 1126 1205 1193 divini
1236 1129 1508 1194 nominis
1541 1127 1759 1193 bibant
1789 1127 2045 1193 calicem
2077 1125 2396 1192 salutifere
2432 1123 2760 1210 passionis,
2806 1143 2974 1190 nunc
3014 1129 3228 1190 tamen
3275 1125 3357 1190 ob
3402 1122 3579 1189 illam

713 1252 965 1299 causam
1020 1233 1378 1301 afficiuntur
1421 1235 1548 1300 vite
1591 1234 1791 1317 tedio,
1847 1234 1997 1318 quia
2041 1253 2155 1320 per
2196 1232 2405 1298 hostes
2450 1230 2653 1297 crucis
2700 1231 2947 1297 sublata
2990 1237 3089 1296 est
3130 1232 3221 1297 eis
3270 1231 3579 1298 bonorum

711 1337 1217 1406 desiderabilium
1275 1341 1610 1408 multitudo
1625 1391 1644 1424 ‚
1701 1342 1793 1407 ita
1846 1348 1919 1408 ut
1971 1359 2089 1407 nec
2135 1339 2318 1406 solite
2374 1337 2821 1424 hospitalitatis
2876 1337 3277 1423 frequentare
3332 1337 3583 1424 possint

713 1444 988 1512 officium
1039 1468 1156 1514 nec
1214 1449 1323 1534 pia
1377 1454 1658 1535 prestare
1713 1447 1995 1514 subsidia
2036 1445 2515 1514 necessitatibus
2560 1465 2929 1528 egenorum,
2986 1445 3179 1510 immo
3194 1493 3213 1528 ,
3268 1444 3439 1530 quod
3480 1451 3583 1511 est

712 1553 966 1635 gravius
1027 1561 1090 1620 et
1147 1555 1538 1622 amarissime
1595 1554 2048 1642 deplorandum
2064 1603 2084 1637 ,
2138 1554 2367 1620 fratres
2410 1553 2557 1638 ipsi,
2604 1552 2711 1636 qui
2738 1551 3209 1618 ‘Saracenorum
3252 1553 3581 1618 incursum

711 1659 863 1724 olim
907 1661 975 1726 in
1019 1661 1306 1746 partibus
1351 1662 1478 1728 illis
1523 1662 1989 1749 triumphaliter
2031 1661 2451 1743 refrenabant,
2496 1661 2623 1726 iam
2668 1659 2835 1725 infra
2877 1659 3150 1726 civitatis
3190 1659 3579 1725 Acconensis

711 1765 924 1833 menia
973 1775 1280 1852 coguntur
1324 1768 1697 1836 tabescendo
1754 1769 2091 1855 persistere
2144 1769 2389 1851 gravati
2440 1767 2638 1833 nimia
2692 1771 3083 1853 paupertate.
3162 1764 3296 1832 Hec
3340 1765 3581 1832 etenim

709 1875 978 1941 fratrum
1029 1875 1309 1962 ipsorum
1370 1875 1621 1942 afflictio
1681 1895 1789 1942 cor
1832 1881 2115 1942 nostrum
2173 1875 2240 1940 in
2296 1873 2633 1941 anxietatis
2679 1877 3015 1957 augmento
3068 1873 3283 1960 posuit
3336 1879 3402 1939 et
3452 1871 3581 1938 sibi

711 1979 1036 2048 cuiusdam
1093 1983 1242 2048 novi
1299 1982 1530 2050 doloris
1587 1983 1989 2049 acerbitatem
2044 1982 2325 2064 induxit,
2380 1981 2713 2068 presertim
2768 2001 2909 2046 cum
2964 1979 3116 2046 olim
3158 1980 3353 2046 fuerit
3392 1979 3581 2046 nobis

711 2088 1045 2155 multitudo
1075 2089 1319 2173 fiducie,
1368 2090 1533 2176 quod
1579 2089 1656 2156 ab
1703 2089 1937 2156 eisdem
1982 2089 2301 2172 fratribus,
2350 2088 2612 2155 aliorum
2658 2086 2935 2154 fidelium
2978 2088 3229 2154 favente
3272 2085 3579 2170 subsidio,

711 2196 962 2262 assidue
1016 2197 1253 2262 conteri
1309 2197 1609 2263 deberent
1659 2197 1984 2263 christiani
2028 2197 2299 2262 nominis
2346 2196 2601 2262 inimici.
2682 2195 2843 2274 Quia
2886 2215 3037 2262 vero
3080 2194 3166 2261 ad
3208 2193 3379 2260 sedis
3424 2211 3581 2279 apo-

711 2301 929 2377 stolice
957 2303 1256 2388 pietatem
1303 2310 1587 2391 spectare
1631 2303 1993 2386 dinoscitur,
2039 2308 2112 2368 ut
2153 2304 2297 2389 ipsa
2338 2323 2641 2389 personas
2687 2321 2800 2388 pro
2848 2301 3230 2368 exaltatione
3272 2299 3583 2367 catholice

709 2407 857 2474 fidei
922 2410 1262 2495 preliantes
1329 2411 1589 2494 gratiosi
1655 2411 1890 2477 favoris
1956 2409 2277 2476 affluentia
2340 2415 2784 2496 prosequatur,
2854 2409 2965 2474 sed
3018 2415 3171 2474 tunc
3222 2408 3579 2494 potissime,

712 2513 959 2601 quando
1027 2537 1292 2602 persone
1363 2518 1716 2584 huiusmodi
1777 2518 1892 2585 sub
1951 2517 2245 2601 egestatis
2302 2517 2497 2584 multe
2554 2517 2803 2583 sarcina
2856 2515 3207 2582 lacrimosis
3266 2523 3581 2599 coguntur

711 2623 1000 2709 suspiriis
1030 2623 1366 2706 inundare;
1411 2625 1809 2691 universitati
1852 2631 2061 2691 vestre
2102 2645 2216 2710 per
2250 2624 2596 2710 apostolica
2636 2624 2876 2710 scripta
2916 2623 3289 2689 mandamus
3303 2673 3325 2706 ,
3372 2624 3580 2706 quati-

709 2749 826 2794 nus
882 2749 999 2814 pro
1059 2731 1414 2796 reverentia
1467 2732 1634 2814 regis
1691 2731 1922 2813 eterni,
1983 2731 2159 2797 cuius
2213 2731 2279 2797 in
2334 2730 2451 2796 hac
2506 2737 2687 2816 parte
2740 2751 2929 2796 causa
2982 2730 3221 2814 geritur
3277 2717 3581 2812 cuiusque

709 2835 908 2902 honor
937 2837 1372 2923 principaliter
1403 2844 1825 2924 promovetur,
1871 2858 1983 2904 vos
2012 2838 2276 2904 fratrum
2322 2838 2605 2922 ipsorum
2652 2837 2955 2921 angustiis
3003 2843 3066 2903 et
3110 2837 3424 2923 pressuris
3470 2835 3579 2922 pio

709 2943 1107 3010 condolentes
1167 2943 1391 3010 affectu
1448 2951 1512 3011 et
1556 2946 1721 3011 circa
1761 2946 1932 3031 ipsos
1974 2944 2291 3011 fructuose
2330 2943 2746 3010 benivolentie
2788 2943 3353 3031 promptitudinem
3396 2963 3583 3009 exer-

709 3059 918 3117 centes
962 3052 1030 3117 in
1083 3051 1632 3137 predicationibus,
1679 3073 1834 3136 quas
1877 3072 1993 3138 pro
2039 3050 2317 3137 predicte
2363 3057 2529 3116 terre
2574 3050 2852 3117 subsidio
2897 3050 3105 3118 facitis
3150 3050 3230 3116 ad
3274 3048 3583 3115 humilem

708 3159 1177 3242 requisitionem
1236 3159 1598 3225 nuntiorum
1668 3159 1999 3246 hospitalis
2055 3159 2364 3242 eiusdem,
2422 3155 2656 3224 Christi
2710 3157 2925 3224 fideles
2982 3158 3061 3223 ad
3116 3157 3580 3244 predicationes

707 3265 1066 3335 huiusmodi
1124 3271 1562 3334 concurrentes
1617 3267 1742 3353 piis
1803 3267 2059 3333 monitis
2118 3265 2451 3333 efficaciter
2508 3265 2854 3350 inducatis,
2913 3265 3080 3350 quod
3132 3264 3260 3350 ipsi
3314 3265 3579 3330 obtentu

711 3373 1071 3458 perempnis
1117 3373 1314 3457 glorie
1359 3374 1718 3440 necessitati
1763 3373 2029 3440 fratrum
2073 3375 2355 3460 ipsorum
2395 3372 2474 3438 de
2506 3373 2636 3438 suis
2666 3372 3067 3439 facultatibus
3096 3372 3394 3437 studeant
3419 3369 3581 3438 libe-

707 3479 927 3545 raliter
983 3480 1315 3546 subvenire
1330 3531 1348 3562 ‚
1405 3481 1495 3546 ita
1563 3480 1729 3565 quod
1785 3479 1977 3548 iidem
2032 3481 2260 3547 fratres
2317 3477 2549 3545 talibus
2606 3479 2803 3546 adiuti
2853 3479 3148 3546 remediis
3204 3499 3355 3564 sepe
3410 3477 3581 3544 dicte

709 3591 877 3652 terre
933 3587 1252 3670 negotium
1312 3587 1794 3670 magnanimiter
1849 3607 2219 3673 promovere
2272 3586 2525 3652 valeant
2578 3585 2755 3652 iuxta
2808 3594 3025 3653 votum
3090 3585 3397 3670 nobisque
3462 3604 3579 3671 per

709 3713 1092 3778 consequens
1149 3693 1549 3760 exultationis
1607 3693 1988 3780 producatur
2042 3695 2191 3760 inde
2245 3693 2513 3760 materia
2571 3699 2634 3760 et
2676 3692 2853 3760 vobis
2906 3694 3108 3777 gratie
3162 3692 3375 3758 divine
3432 3711 3580 3778 pre-

709 3799 904 3866 mium
955 3819 1028 3866 ac
1069 3802 1268 3868 nostri
1307 3802 1540 3867 favoris
1570 3802 1899 3887 proveniat
1927 3802 2400 3869 incrementum.
2468 3799 2704 3867 Datum
2750 3799 3016 3869 Viterbii
3058 3801 3132 3867 iii
3170 3799 3258 3866 id.
3304 3800 3581 3866 ianuarii

708 3905 1108 3993 pontificatus
1153 3909 1356 3974 nostri
1397 3927 1562 3974 anno
1608 3908 1899 3975 secundo.

921 4047 1179 4114 originale
1225 4049 1477 4116 quondam
1514 4047 1938 4110 confluentinum,
1990 4067 2099 4100 cum
2143 4048 2281 4100 bulla
2322 4049 2374 4100 in
2424 4048 2641 4102 fimieulo
2670 4011 2966 4102 ‘cannabino
3013 4063 3243 4116 appensa
3282 4047 3337 4099 in
3370 4047 3579 4100 archivo

710 4135 898 4188 ordinis
932 4137 1230 4189 'Theutonici
1256 4137 1657 4200 vindobonensi3
1694 4139 1775 4190 ed.
1801 4139 2010 4190 Hennes
2046 4139 2089 4199 Ι,
2116 4137 2217 4192 182
2253 4155 2305 4188 ιι.
2329 4136 2450 4191 207.
2510 4138 2569 4189 In
2606 4139 2785 4190 eodem
2820 4138 3033 4190 archivo
3056 4137 3209 4188 etiam
3244 4136 3382 4188 aliud
3416 4137 3575 4204 origi·

710 4217 828 4276 n'ale
861 4241 973 4276 cum
1006 4225 1143 4277 bulla
1175 4226 1227 4277 in
1261 4226 1480 4278 funiculo
1519 4227 1797 4279 cannabino
1827 4244 2071 4294 appensa.
2124 4227 2189 4278 A.
2218 4226 2282 4278 16
2318 4244 2368 4293 p.
2392 4224 2461 4276 77
2490 4226 2775 4292 „Colonie“.
2840 4227 3011 4278 Antea
3045 4225 3127 4278 ed.
3159 4225 3386 4277 Duellius
3408 4226 3483 4290 Π,
3510 4228 3575 4278 15

709 4331 761 4365 ιι.
781 4313 872 4376 23.
1091 4317 1136 4366 1.
1183 4332 1298 4366 ven.
1333 4315 1393 4367 fr.
1432 4315 1819 4382 archiepiscopis
1861 4326 1914 4367 et
1945 4316 2197 4382 episcopis
2234 4323 2287 4366 et
2322 4315 2517 4370 dilectis
2552 4315 2669 4369 filiis
2704 4316 2999 4378 abbatibus,
3034 4315 3313 4383 prioribus,
3350 4315 3576 4379 decanis,

707 4401 1070 4455 archidiaconis
1107 4414 1160 4456 et
1195 4403 1304 4455 aliis
1341 4403 1662 4456 ecclesiarum
1695 4405 1973 4458 rectoribus
2008 4405 2071 4456 A.
2096 4405 2162 4456 16
2198 4422 2249 4471 p.
2268 4403 2354 4456 77.

716 4606 890 4679 648.
933 4609 1142 4692 (Inter
1171 4611 1356 4677 1267
1381 4613 1676 4696 februar.
1709 4613 1800 4678 22
1829 4625 1888 4680 et
1917 4613 2092 4679 1268
2102 4612 2397 4696 februar.
2430 4611 2574 4694 21.)
2650 4610 2923 4678 Clemens
2956 4613 3003 4678 I
3004 4613 3067 4680 V
3084 4615 3307 4700 repetit
3342 4637 3405 4679 n.
3438 4613 3573 4680 636

932 4721 1008 4784 de
1053 4718 1434 4800 1265maii
1473 4721 1598 4798 11,·
1641 4743 1705 4784 n.
1738 4719 1877 4786 637
1922 4722 1999 4786 de
2043 4719 2220 4786 1265
2264 4722 2424 4786 maii
2450 4719 2555 4784 20.

932 4849 1220 4919 Clemens
1267 4857 1382 4920 etc.
1581 4849 1736 4918 Cum
1783 4871 1824 4918 a
1865 4851 2047 4918 nobis
2094 4856 2210 4918 etc.
2278 4850 2513 4919 Datum
2558 4857 2675 4919 etc.
2723 4849 3119 4938 pontificatus
3164 4852 3365 4920 nostri
3408 4873 3573 4920 anno

711 4957 929 5026 tercie.
