3892 5609
743 294 894 365 302
1237 260 1256 285 ‘
1472 318 1482 339 ι
1721 305 2147 354 Pon‘rmcnu
2192 268 2637 353 aomnoanu

738 570 976 637 bruarii
1021 569 1422 657 pontificatus
1467 572 1670 637 nostri
1719 592 1881 638 anno
1927 593 1986 638 v.

948 710 1070 761 Sine
1096 711 1238 763 dato:
1277 712 1318 772 1,
1347 711 1442 772 673
1477 710 1543 773 ΙΙ,
1575 711 1732 763 100v.
1767 730 1818 763 ιι.
1840 712 1925 763 37.
1962 712 2029 763 D.
2046 711 2134 764 36.
2154 742 2213 749 ——
2244 713 2367 763 Cum
2391 712 2537 763 dato:
2573 712 2637 763 R.
2658 708 2727 762 76
2762 728 2814 762 n.
2834 710 2903 761 27
2939 711 3073 762 inter
3094 707 3622 775 Mergentheme‘nsia.

736 798 801 850 A.
821 797 891 849 20
925 816 976 850 n.
1002 800 1070 851 35
1109 800 1290 851 Latine
1327 808 1380 851 et
1405 800 1720 864 Germanice,
1759 818 1870 851 cum
1893 801 2028 853 notis
2070 802 2115 851 1.
2152 801 2246 851 Dis
2282 801 2324 852 is
2360 818 2451 853 zcu
2476 800 2628 853 Akon
2664 800 2774 851 adit
2798 816 2890 851 zcu
2914 798 3313 866 Mergintheym.
3364 796 3419 847 2.
3455 796 3508 847 Is
3530 812 3622 847 ιω

735 887 889 939 Alton
925 888 1031 939 und
1067 904 1156 939 zcu
1192 888 1584 957 Mergintheym.

743 1171 918 1242 336.
959 1174 1134 1240 1221
1182 1178 1472 1240 ianuarii
1515 1176 1600 1241 19
1646 1176 1970 1240 Late-rani.
2060 1174 2388 1240 Honorius
2436 1176 2559 1239 III
2605 1178 2885 1241 concedit
2941 1176 3158 1239 ord-ini
3206 1170 3617 1249 Theutoniw,

957 1294 1029 1346 ut
1081 1284 1360 1367 undique
1405 1283 1804 1369 presbyteros
1859 1284 1949 1347 ad
2001 1285 2322 1348 servitium
2376 1304 2557 1346 suum
2615 1305 2929 1347 assumere
2982 1284 3184 1369 possit
3240 1293 3299 1344 et
3349 1282 3423 1343 in
3472 1279 3619 1342 loce

959 1390 1086 1453 eibi
1126 1389 1368 1454 collatis
1416 1393 1697 1455 oratoria
1743 1402 1800 1454 et
1843 1393 2203 1455 coemeteria
2238 1412 2365 1476 pro
2411 1412 2531 1455 usu
2568 1392 2841 1477 proprio
2889 1402 3260 1454 construere.

960 1528 1277 1595 Honorius
1323 1528 1656 1616 episcopus
1702 1551 1918 1598 servus
1968 1551 2291 1597 servorum
2340 1531 2441 1597 dei
2483 1531 2945 1597 venerabilibus
2996 1528 3301 1595 fratribus
3348 1526 3621 1612 patriar-

737 1633 871 1700 chis
885 1630 922 1719 ¹,
979 1635 1468 1722 archiepiscopis
1519 1642 1582 1701 et
1642 1638 1989 1724 episcopiS,
2052 1643 2116 1703 et
2170 1637 2415 1703 dilectis
2462 1636 2607 1703 filiis
2656 1638 3019 1719 abbatibuS,
3076 1635 3156 1702 ad
3202 1654 3367 1720 quos
3410 1633 3619 1699 littere

733 1740 856 1806 iste
901 1744 1322 1827 pervenerint,
1368 1744 1636 1809 salutem
1683 1750 1747 1809 et
1777 1744 2187 1831 apostolicam
2218 1744 2737 1811 benedictionem.
2928 1742 3165 1809 Milicia
3194 1742 3321 1825 dei,
3370 1760 3497 1825 que
3526 1740 3619 1804 di-

735 1848 899 1915 citur
929 1848 1152 1915 domus
1179 1849 1446 1916 fratrum
1495 1850 1824 1935 hospitalis
1855 1858 2073 1917 sancte
2102 1850 2303 1917 Marie
2332 1850 2857 1918 Theutonicorum
2890 1848 3399 1931 lerosolimitani,
3432 1866 3619 1931 quam

735 1955 821 2021 sit
866 1956 1155 2023 orientali
1201 1956 1462 2023 ecclesie
1507 1958 1852 2043 commoda,
1891 1956 2118 2041 digna²
2148 1959 2414 2042 meritiS,
2448 1959 2562 2025 deo
2594 1964 2795 2043 grata,
2830 1956 3303 2023 universitatem
3338 1960 3621 2021 vestram

735 2062 1048 2129 credimus
1116 2083 1243 2129 non
1297 2064 1514 2129 latere.
1592 2064 1900 2131 Fraterna
1942 2066 2139 2149 igitur
2185 2066 2416 2131 caritas
2473 2086 2588 2131 nos
2635 2064 2953 2149 hortatur,
3010 2068 3112 2146 ut,
3178 2063 3250 2127 in
3306 2066 3619 2146 quantum

735 2188 1092 2255 possumuS,
1138 2171 1495 2237 necessaria
1537 2171 1626 2237 eis
1674 2170 1957 2237 subsidia
2001 2172 2450 2237 ministremus
2520 2171 2623 2255 Et,
2658 2172 2953 2257 quoniam
2996 2170 3287 2253 religiose
3328 2168 3619 2234 viventes

737 2276 960 2342 devote
1017 2278 1273 2344 student
1340 2276 1571 2343 divinis
1641 2277 1862 2343 officiis
1917 2280 2253 2362 interesse,
2310 2278 2576 2345 liberam
2636 2280 2725 2345 eis
2783 2278 3180 2345 concedimus
3235 2274 3610 2341 facultatem

733 2379 1028 2449 idoneos³
1077 2383 1458 2470 presbiteros
1507 2384 1588 2449 ad
1633 2405 1817 2450 suum
1863 2386 2187 2451 servitium
2240 2404 2559 2451 assumere
2606 2384 3037 2468 undecunque,
3086 2382 3193 2469 qui
3233 2388 3453 2448 tamen
3494 2381 3619 2447 rite

736 2490 866 2555 sint
911 2491 976 2555 in
1023 2490 1408 2576 presbiteros
1452 2491 1725 2557 ordinati
1775 2496 1838 2557 et
1885 2512 1923 2557 a
1968 2492 2243 2578 propriis
2291 2491 2601 2578 episeopis
2647 2491 2968 2559 licentiam
3015 2488 3443 2577 impetrarint.
3514 2488 3621 2553 Ad

735 2596 850 2663 hec
907 2597 1144 2663 eisdem
1202 2596 1504 2663 fratribus
1552 2598 1872 2684 cupientes
1933 2598 2322 2665 commodius
2367 2599 2731 2683 providere,
2786 2601 3071 2665 minuere
3116 2602 3332 2663 tamen
3377 2594 3616 2661 nullius

736 2710 1018 2769 vestrum
1065 2704 1163 2769 ius
1210 2704 1601 2789 parrochiale
1646 2705 1928 2772 volentes
1962 2704 2063 2771 vel
2109 2706 2382 2771 decimas
2414 2706 2545 2772 sive
2593 2706 2939 2772 oblationes
2972 2710 3083 2770 aut
3110 2703 3471 2791 sepulturas
3504 2722 3617 2767 au-

730 2810 918 2893 ferre,
965 2810 1033 2875 in
1077 2808 1231 2875 locis
1279 2809 1399 2875 sibi
1445 2810 1711 2893 collatis,
1759 2810 1867 2876 ubi
1911 2810 2152 2878 familia
2188 2810 2482 2877 videlicet
2522 2812 2787 2896 habitat,
2834 2810 3179 2878 eorundem
3208 2808 3615 2876 construendi

736 2918 827 2983 eis
883 2918 1158 2982 oratoria
1200 2915 1516 2983 licentiam
1569 2918 1876 3002 dedimus,
1925 2920 1991 2983 in
2039 2920 2263 3003 quibus
2310 2920 2715 2987 celebrationi
2761 2919 3117 2985 divinorum
3161 2917 3480 2999 intersint,
3528 2920 3613 2999 et,

732 3023 788 3088 si
835 3024 974 3109 quis
1032 3024 1110 3089 de
1165 3024 1324 3110 ipsis
1381 3024 1682 3090 fratribus
1730 3032 1840 3091 aut
1886 3046 2104 3092 eorum
2150 3026 2567 3093 servientibus
2624 3034 2907 3093 mortuns
2952 3026 3176 3108 fuerit,
3236 3023 3606 3089 tumuletur.

731 3129 852 3197 Est
909 3131 1075 3197 enim
1119 3131 1417 3199 indecens
1473 3136 1537 3197 et
1581 3132 1752 3217 parit
1804 3132 2121 3199 interdum
2182 3134 2529 3218 periculum
2588 3135 2977 3216 animarum,
3036 3134 3091 3197 si
3152 3131 3273 3197 viri
3328 3129 3613 3213 religiosi

731 3236 1058 3303 occasione
1105 3236 1364 3303 ecclesie
1410 3234 1730 3304 adeunde⁸
1775 3259 1843 3304 se
1876 3239 2155 3305 virorum
2202 3238 2403 3305 turbis
2451 3245 2514 3306 et
2558 3240 3163 3324 frequentationibus
3208 3238 3611 3303 immisceant

729 3343 1086 3410 mulierum.
1147 3342 1545 3431 Quapropter
1575 3346 1976 3414 universitati
2006 3352 2216 3413 vestre
2260 3368 2376 3433 per
2417 3347 2763 3433 apostolica
2807 3346 3047 3432 scripta
3090 3344 3471 3410 mandamus
3516 3348 3611 3408 at-

732 3470 854 3537 que
897 3451 1314 3537 precipimus,
1363 3456 1692 3536 quatenus,
1739 3472 1885 3519 cum
1921 3472 2056 3537 vos,
2106 3454 2335 3520 fratres
2380 3452 2771 3539 patriarche,
2826 3439 3282 3538 archiepiscopi
3328 3450 3433 3517 vel
3476 3450 3608 3535 epi·

731 3558 924 3644 scopi,
973 3558 1053 3625 ab
1100 3558 1334 3624 eisdem
1367 3559 1670 3626 fratribus
1699 3558 1949 3625 fueritis
1979 3560 2288 3645 requisiti,
2338 3561 2615 3626 oratoria·
2645 3559 3007 3626 eorumdem
3036 3558 3341 3625 dedicetis
3373 3558 3607 3641 absque

733 3663 944 3748 aliqua
995 3666 1312 3751 pravitate
1371 3686 1446 3732 ac
1499 3687 1616 3753 pro
1675 3666 2038 3753 sepelienda
2095 3686 2309 3733 eorum
2370 3666 2613 3732 familia
2656 3666 2723 3733 in
2778 3667 3043 3753 prefatis
3086 3666 3243 3733 locis
3298 3664 3609 3731 cimiteria

731 3770 1098 3838 benedicere
1143 3774 1493 3857 procuretis
1508 3770 1550 3857 ⁴,
1598 3775 1734 3839 sine
1778 3774 1934 3839 iuris
1980 3774 2327 3859 preiudicio
2360 3772 2567 3839 alieni.
2637 3772 3027 3839 Presbiteros
3074 3792 3323 3857 quoque
3352 3790 3607 3837 manere

731 3877 954 3943 sinatis
999 3879 1068 3944 in
1111 3898 1288 3965 pace,
1337 3899 1492 3963 quos
1538 3880 1662 3966 ipsi
1707 3878 1832 3967 pro’
1867 3880 2219 3947 exhibendo
2251 3881 2375 3946 sibi
2418 3880 2628 3947 divino
2660 3881 2918 3947 servitio
2950 3881 3287 3946 sociarunt.
3357 3878 3463 3943 Ad
3492 3878 3605 3943 hoc
3687 3866 3693 3872 ’

733 4004 881 4069 ergo
925 3984 1365 4071 complendum
1409 3991 1621 4053 vestra
1661 3988 2027 4054 fraternitas
2074 4008 2255 4074 opem
2304 3987 2631 4054 consilium
2676 3988 2941 4073 prebeat
2984 3992 3048 4053 et
3085 4005 3447 4067 assensum,
3492 4002 3605 4050 nec

733 4110 839 4157 eos
884 4092 952 4156 in
997 4092 1289 4158 oratoriis
1335 4094 1769 4160 construendis
1814 4095 2123 4180 impediat
2164 4102 2273 4161 aut
2300 4094 2595 4180 impediri
2624 4094 2970 4180 permittat.
3040 4092 3277 4159 Datum
3307 4092 3601 4159 Laterani

730 4198 865 4263 xiiii
901 4196 1028 4263 kal.
1059 4198 1360 4266 februarii
1405 4200 1806 4287 pontificatus
1853 4202 2055 4267 nostri
2100 4220 2265 4267 anno
2312 4220 2373 4265 v.

943 4338 1066 4391 Sine
1104 4340 1251 4391 dato:
1289 4340 1363 4402 11,
1395 4342 1494 4393 103
1509 4360 1554 4392 v.
1592 4360 1642 4393 n.
1667 4343 1767 4403 503
1805 4340 1868 4391 A.
1889 4341 1961 4394 20
1996 4340 2136 4391 n.48
2172 4340 2353 4391 Latine
2390 4350 2443 4391 et
2479 4340 2777 4391 Germanice
2814 4356 2927 4391 cum
2960 4350 3109 4393 nota:
3146 4340 3207 4390 In
3241 4336 3505 4405 Marpurk.
3534 4368 3591 4377 —

734 4428 857 4479 Cum
893 4429 1038 4480 dato:
1074 4428 1313 4479 Laterani
1347 4428 1430 4477 xiv
1465 4428 1567 4479 kal.
1605 4430 1844 4481 februarii
1879 4446 1928 4496 p.
1953 4447 2005 4481 ιι.
2030 4448 2075 4479 a.
2103 4429 2153 4479 ὅ.
2208 4428 2470 4495 originale
2506 4446 2619 4479 cum
2654 4428 2794 4479 bulla
2829 4436 2883 4479 et
2917 4426 3284 4493 subscriptione
3320 4425 3599 4478 cancellarii

729 4516 1006 4569 Zachariae
1040 4517 1094 4567 in
1129 4516 1330 4568 archivo
1365 4516 1754 4583 Regimontana.
1935 4518 1982 4568 1.
2020 4518 2166 4568 deest
2188 4518 2255 4569 Π.
2292 4518 2356 4569 A.
2375 4516 2461 4569 20.
2627 4516 2679 4568 2.
2716 4514 2873 4583 digni
2908 4516 2976 4568 11.
3144 4516 3197 4569 3.
3232 4516 3301 4567 ad
3336 4516 3499 4566 eundi
3532 4514 3597 4565 11.

731 4604 784 4657 4.
821 4605 932 4657 sine
967 4605 1090 4656 iuris
1125 4605 1400 4671 preiudicio
1439 4606 1590 4657 alieni
1623 4604 1676 4659 11
1711 4606 1868 4658 eddit.
1896 4605 1961 4657 A.
1983 4605 2069 4657 20.
