3892 5609
1383 420 1769 466 PRJVILEGIA
1817 419 2206 466 canamus
3068 408 3219 479 435

373 575 548 646 687.
590 579 768 644 1394
822 581 1044 643 martii
1085 579 1172 644 18
1219 579 1434 643 Rome.
1515 579 1894 662 Bonffacius
1937 579 2045 643 IX
2094 580 2315 664 repetit
2357 580 2652 644 usitatam
2698 581 3221 662 confirmationem

593 687 866 749 omniu-m
913 687 1128 750 ordini
1179 685 1556 751 Theutonico
1603 708 2037 752 concessarum
2084 685 2437 750 libertatum
2482 697 2587 750 etc.

586 832 942 900 Bonifacius
992 841 1106 900 etc.
1155 835 1396 902 dilectis
1443 835 1590 901 filiis
1634 837 1936 920 magistro
1984 839 2048 902 et
2090 835 2389 902 fratribus
2435 835 2762 922 hospitalis
2808 834 2987 902 beate
3026 835 3222 903 Marie

367 939 890 1008 Theutonicorum
937 941 1415 1010 lerosolimitani
1461 949 1574 1010 etc.
1773 943 1945 1009 Solet
1992 964 2263 1010 annuere
2310 983 2393 993 —-
2443 944 2915 1010 communimus.
2987 943 3221 1010 Datum

366 1047 563 1115 Rome
609 1049 776 1134 apud
823 1071 871 1114 S.
919 1049 1176 1115 Petrum
1221 1071 1304 1116 xv
1348 1050 1472 1116 kal.
1523 1049 1742 1136 aprilis
1786 1049 2185 1136 pontificatus
2231 1050 2432 1116 nostri
2478 1070 2641 1116 anno
2688 1051 2925 1136 quinto,

579 1189 956 1242 Transsumtum
991 1191 1040 1242 d.
1067 1191 1116 1242 d.
1153 1191 1314 1242 Reval
1343 1191 1475 1241 1415
1513 1191 1682 1242 decbr.
1709 1191 1778 1240 24
1815 1191 2082 1242 autoritate
2119 1189 2340 1256 episcopi
2365 1189 2677 1242 Revaliensis
2717 1199 2769 1242 ct
2792 1191 2885 1242 sub
2910 1189 3085 1258 sigillis
3109 1192 3220 1257 epi·

369 1276 508 1342 scopi
545 1276 664 1326 dicti
698 1279 903 1344 eiusque
940 1277 1160 1346 capituli,
1197 1295 1390 1330 necnon
1429 1279 1625 1330 abbatis
1665 1279 1728 1329 de
1753 1279 1906 1330 Padis
1943 1280 2130 1329 factum
2166 1286 2331 1330 exstat
2366 1278 2419 1328 in
2454 1279 2654 1330 archivo
2678 1278 3061 1346 Regimontano.
3118 1279 3225 1330 Iam

369 1381 499 1416 anno
537 1382 586 1430 p.
625 1367 701 1415 sui
736 1367 772 1417 4
809 1368 939 1417 idem
975 1367 1260 1418 Bonifacius
1309 1367 1496 1418 eisdem
1544 1385 1603 1418 ac
1649 1367 1940 1434 magistrum
1987 1365 2275 1432 generalem
2321 1366 2370 1416 in
2406 1365 2611 1418 Prussia
2657 1367 2929 1434 privilegiis
2966 1377 3019 1418 et
3054 1368 3221 1419 indul-

367 1453 550 1518 gentiis
586 1453 682 1504 frui
717 1455 1006 1520 magistrum
1043 1465 1093 1505 et
1128 1456 1352 1506 ordinem
1385 1456 1436 1506 in
1473 1455 1683 1507 Livonia
1717 1457 1958 1515 iusserat3
1996 1457 2058 1505 cf.
2098 1455 2495 1520 designationem
2524 1455 2834 1508 Mitovicnsis
2872 1457 3059 1509 archivi
3092 1457 3222 1510 Hol-

367 1541 518 1593 miam
557 1542 687 1594 1621
730 1543 884 1594 delati
918 1562 999 1610 ap.
1025 1543 1258 1595 Schirrcn
1295 1541 1470 1610 p.137
1507 1561 1557 1594 n.
1577 1543 1697 1596 327.
1755 1543 1830 1595 Of.
1867 1543 1999 1594 infra
2032 1561 2084 1594 n.
2112 1542 2233 1594 690.

373 1781 549 1853 688.
589 1783 767 1850 1394
810 1787 1031 1848 martii
1065 1783 1152 1848 20
1200 1785 1314 1868 (cf.
1347 1788 1568 1850 martii
1603 1785 1724 1866 25)
1775 1787 2014 1850 Romae
2060 1787 2235 1872 apud
2278 1809 2327 1850 8.
2362 1787 2639 1852 Petrum.
2710 1787 3090 1872 Bonifaeius
3122 1787 3227 1854 IX

592 1893 870 1977 indulqet
915 1893 1299 1978 presbyteris
1355 1895 1596 1957 ordinis
1654 1891 2024 1958 Theutonici
2045 1893 2427 1978 facultatem
2472 1894 2985 1960 absolvendorum
3011 1895 3222 1980 fami-

597 1999 852 2063 liam'um
896 2025 937 2064 a
975 2004 1248 2086 peccatis
1294 2004 1364 2066 in
1411 2001 1686 2080 casibus,
1735 2002 1806 2064 in
1860 2000 2085 2086 quibus
2112 1999 2361 2084 fratres
2405 2000 2720 2066 absolvere
2758 2005 3023 2088 possim.

589 2147 946 2216 Bonifacius
991 2151 1318 2238 episcopus
1366 2172 1583 2216 servus
1629 2170 1957 2216 servorum
2004 2150 2103 2216 dei
2148 2150 2393 2217 dilectis
2438 2149 2583 2217 filiis
2614 2152 2913 2234 magistro
2943 2152 3221 2236 generali

369 2261 433 2322 et
475 2256 782 2322 universis
827 2257 1126 2322 fratribus
1173 2257 1500 2344 hospitalis
1548 2257 1607 2324 b.
1641 2256 1839 2323 Marie
1871 2256 2397 2324 Theutonicorum
2428 2257 2907 2324 lerosolimitani
2952 2259 3219 2326 salutem

369 2368 436 2429 et
487 2363 896 2449 apostolicam
953 2363 1465 2432 benedictionem.
1695 2364 1953 2430 Sincere
2011 2365 2359 2432 devotionis
2406 2365 2693 2449 affectus,
2751 2386 2933 2451 quem
2982 2367 3061 2432 ad
3104 2387 3221 2434 nos

369 2477 433 2536 et
461 2470 804 2536 Romanam
852 2471 1068 2554 geritis
1111 2471 1456 2554 ecclesiam,
1502 2478 1918 2557 promeretur,
1966 2477 2037 2538 ut
2066 2473 2227 2540 votis
2258 2473 2504 2556 vestriS,
2551 2473 2677 2538 illis
2706 2474 3059 2558 presertim,
3106 2495 3223 2561 per

370 2598 490 2663 que
535 2578 700 2643 anim
710 2597 885 2642 arum
933 2577 1120 2643 saluti
1165 2578 1529 2662 consulitur,
1577 2585 1880 2663 quantum
1921 2600 2065 2646 cum
2108 2581 2223 2646 deo
2254 2601 2607 2668 possumne,
2652 2580 3081 2648 favorabiliter
3112 2602 3223 2648 an-

367 2705 658 2752 nuamus.
729 2685 892 2750 Hinc
935 2691 1048 2768 est,
1098 2685 1258 2769 quod
1305 2705 1419 2752 nos
1466 2685 1690 2753 vestris
1737 2687 1980 2754 devotis
2027 2687 2582 2774 supplicationibus
2628 2687 2931 2770 inclinati,
2979 2693 3051 2756 ut
3086 2689 3222 2774 qui·-

365 2791 526 2858 libet
568 2797 844 2858 vestrum
889 2792 954 2857 in
1001 2791 1452 2877 presbiteratus
1486 2794 1703 2860 ordine
1747 2795 2125 2860 constitutus
2172 2815 2568 2880 quoscunque
2608 2794 2950 2862 familiares
2980 2800 3221 2862 vestros

367 2919 478 2966 seu
514 2900 773 2966 alicuius
805 2904 1102 2981 vestrum,
1151 2900 1437 2983 quotiens
1470 2900 1527 2966 ei
1556 2900 1970 2968 confiteantur
1984 2898 2019 2984 ¹,
2068 2902 2145 2969 ab
2178 2923 2394 2968 eorum
2426 2904 2721 2988 peccatis,
2770 2923 2889 2988 que
2922 2903 3043 2970 sibi
3074 2923 3221 2970 con-

367 3008 518 3074 fessi
561 3008 814 3090 suerint,
861 3008 926 3072 in
971 3005 1098 3070 illis
1146 3004 1242 3072 vel
1287 3007 1594 3074 similibus
1632 3008 1878 3076 casibus
1911 3008 2255 3094 apostolica
2284 3010 2653 3076 auctoritate
2684 3009 3005 3076 absolvere
3034 3011 3222 3096 ipsis-

369 3134 490 3200 que
547 3135 660 3200 pro
706 3113 1055 3180 commissis
1103 3112 1442 3180 salutarem
1485 3115 1897 3201 penitentiam
1946 3116 2271 3199 iniungere
2316 3116 2551 3200 valeat,
2613 3117 2677 3182 in
2724 3116 2947 3201 quibus
2996 3117 3222 3202 aliquis
3278 3166 3287 3175 .

371 3221 640 3306 aliquem
687 3226 962 3288 vestrum
1009 3219 1130 3286 sibi
1175 3219 1572 3287 confitentem
1620 3222 1832 3306 vigore
1877 3222 2294 3289 concessionis
2329 3224 2699 3290 auctoritate
2731 3223 3015 3310 predicta
3044 3223 3221 3290 vobis

371 3335 435 3394 et
478 3333 684 3394 vestro
730 3327 1026 3414 hospitali
1070 3329 1232 3394 facte
1271 3333 1486 3416 posset
1517 3328 1858 3414 absolvere,
1905 3334 2124 3395 tenore
2154 3331 2537 3416 presentium
2569 3330 2981 3414 indulgemus.
3050 3329 3221 3396 Nulli

372 3455 518 3517 ergo
565 3441 680 3500 etc.
751 3435 988 3502 Datum
1033 3434 1227 3502 Rome
1273 3435 1440 3522 apud
1487 3441 1768 3502 sanctum
1817 3436 2074 3504 Petrum
2107 3436 2220 3504 xiii
2253 3436 2545 3504 calendas
2577 3437 2795 3524 aprilis
2824 3436 3223 3524 pontificatus

369 3542 574 3608 nostri
617 3563 780 3609 anno
827 3543 1063 3630 quinto.

1007 3647 1074 3716 C.

1006 3755 1076 3822 C.

1006 3861 1074 3928 C.

794 3966 950 4033 Mar.
1107 3966 1178 4032 B.
1213 3967 1290 4034 de
1335 3967 1624 4034 Pistorio.
2024 3969 2119 4036 ·P.
2156 3969 2233 4036 de
2276 3968 2496 4036 Bosco.

1108 4072 1238 4140 Ioh.
1274 4074 1350 4140 de
1397 4074 1628 4158 Ortcga
1675 4079 1788 4141 etc.

581 4205 656 4256 Ex
703 4204 932 4270 originali
975 4205 1162 4257 archivi
1197 4206 1500 4258 Holmiensis
1543 4205 1622 4257 ed.
1659 4207 1712 4256 in
1747 4205 1872 4256 Livl.
1898 4205 1962 4258 U.
1988 4205 2047 4256 Β.
2073 4207 2163 4268 lv,
2189 4207 2222 4258 9
2259 4225 2309 4258 n.
2335 4207 2483 4259 1354.
2559 4208 2749 4258 citatur
2785 4209 2837 4258 in
2874 4207 3225 4274 designatione

373 4295 560 4345 archivi
594 4293 904 4344 Mitoviensis
944 4295 1072 4344 1621
1113 4295 1362 4346 Holmiam
1410 4295 1562 4346 delati
1609 4311 1690 4360 ap.
1728 4295 1962 4346 Schirren
2008 4313 2059 4362 p.
2092 4294 2188 4347 137
2238 4313 2288 4346 ιι.
2318 4296 2436 4347 330.
2510 4296 2887 4348 Transsumtum
2923 4297 2971 4346 d.
3000 4297 3048 4347 d.
3091 4296 3223 4348 1415

373 4383 538 4434 decbr.
577 4383 666 4444 15,
715 4382 801 4432 ubi
838 4382 1008 4433 datum
1044 4392 1214 4434 sonat:
1263 4385 1296 4434 8
1333 4383 1433 4435 kal.
1470 4383 1666 4449 aprilis,
1709 4383 1761 4433 in
1797 4383 2165 4449 Regimontano
2204 4383 2430 4445 archivo;
2478 4385 2540 4436 cf.
2574 4384 2701 4437 Livl.
2726 4385 2791 4437 U.
2806 4383 2866 4435 B.
2890 4385 2961 4436 lv
3001 4385 3227 4451 Regesta

371 4491 421 4523 n.
453 4473 602 4523 1641.
798 4473 843 4523 1.
883 4472 1177 4524 confiteatur
1211 4473 1269 4523 L.
1291 4471 1351 4523 U.

378 4643 552 4714 689.
593 4647 770 4713 1394
827 4650 1046 4712 martii
1087 4647 1175 4712 25
1223 4648 1462 4712 Romae
1507 4648 1682 4734 apud
1724 4670 1774 4712 8.
1807 4649 2089 4712 Pet-rum.
2172 4647 2549 4732 Bonffaciue
2590 4647 2697 4712 IX
2736 4650 2955 4733 repetit
2998 4671 3063 4712 n.
3093 4647 3228 4712 688

594 4755 671 4818 dc
698 4754 876 4821 1394
919 4757 1138 4820 munii
1165 4755 1270 4820 20.

592 4885 956 4968 Bonifacius
981 4893 1095 4954 etc.
1279 4885 1532 4953 Sincere
1578 4887 1922 4954 devotionis
1966 4891 2086 4980 ‚⁰¹³⁰-
2158 4886 2392 4953 Datum
2422 4885 2618 4954 Rome
2664 4885 2831 4972 apud
2876 4905 2926 4952 s.
2968 4883 3227 4950 Petrum

373 4993 483 5058 viii
527 4993 829 5060 kalendas
875 4993 1092 5080 aprilis
1137 4993 1535 5080 pontificatus
1580 4994 1782 5061 nostri
1827 5015 1990 5061 anno
2036 4995 2271 5080 quinto.

1485 5175 1563 5184 α..-

2684 5195 2803 5252 28⁶1·
