3892 5609
1339 330 1734 383 parvane-era
1777 332 2163 381 assumam
3030 321 3126 393 28
3140 323 3176 391 1

312 498 461 561 tuta
505 498 652 559 sunt
695 493 956 580 provide
1004 498 1066 559 et
1113 494 1453 581 apostolice
1500 484 1682 561 sedis
1713 494 2061 560 munimine
2105 493 2421 578 roborata,
2466 482 2838 560 inconcussa
2883 493 3062 559 decet
3090 488 3185 559 et’

310 600 568 667 illib'ata
625 602 865 667 servari
913 607 976 668 et
1030 603 1302 685 gaudere
1357 608 1662 689 perpetua
1717 600 2036 668 firmitate.
2116 599 2273 666 Cum
2332 594 2525 685 ig‘itur
2581 601 2863 668 ordinem
2917 601 3185 666 fratrum

311 708 673 796 Hospitalis
739 709 1218 776 Ierosolimitani
1287 712 1455 777 circa
1523 729 1830 797 pauperes
1898 714 1964 774 et
2023 706 2336 792 infirmos,
2412 710 2680 776 fratrum
2743 729 2891 774 vero
2953 708 3187 775 milicie

313 813 572 903 Templi
615 818 782 883 circa
826 817 1083 884 clericos
1129 823 1194 884 et
1235 817 1469 884 milites
1517 837 1589 884 ac
1639 817 1794 883 alios
1837 816 2067 882 fratres
2115 816 2181 881 in
2227 816 2413 882 domo
2443 822 2654 883 vestra
2698 815 3045 883 statueritis
3078 814 3185 883 ob-

313 924 720 1006 servandum,
768 923 955 1010 idque
1001 926 1083 991 sit
1127 925 1294 992 sedis
1339 923 1683 1012 apostolice
1729 918 2092 1010 privilegio⁸
2139 922 2604 1006 confirmatum3
2662 925 3033 990 auctoritate
3079 944 3185 989 vo-

315 1030 420 1097 bis
466 1031 862 1118 presencium
908 1032 1334 1117 indulgemus,
1393 1038 1466 1098 ut
1520 1031 1754 1097 nullius
1811 1031 2300 1097 contradictione
2348 1031 2636 1097 obstante
2680 1031 2876 1098 libere
2922 1030 3186 1097 utamini

313 1129 748 1205 mantellis'et
792 1138 931 1204 aliis
977 1140 1255 1206 vestibus
1303 1140 1648 1206 secundum
1695 1142 2000 1205 statutum
2048 1138 2287 1204 ordinis
2332 1140 2528 1205 vestri
2586 1144 2799 1205 nostro
2859 1138 3185 1225 privilegio

315 1244 794 1331 confirmatum,
847 1246 1195 1314 districtius
1239 1246 1623 1329 inhibentes,
1681 1267 1760 1311 ne
1808 1246 1946 1331 quis
1992 1246 2059 1311 id
2108 1244 2501 1331 aliquatenus
2546 1245 2879 1332 prohibere
2921 1246 3022 1312 vel
3066 1245 3185 1312 im-

314 1352 542 1439 pedire
585 1360 924 1439 presumat.
993 1354 1166 1421 Nulli
1215 1374 1360 1438 ergo
1409 1355 1660 1420 omnino
1705 1354 2029 1420 hominum
2060 1352 2249 1419 liceat
2277 1353 2438 1419 hanc
2468 1354 2764 1440 paginam
2795 1358 3007 1419 nostre
3038 1373 3185 1420 con·

317 1460 626 1527 cessionis
683 1468 746 1527 et
796 1462 1186 1530 inhibitionis
1241 1462 1584 1545 infringere
1640 1460 1740 1528 vel
1795 1462 1852 1527 ei
1901 1480 2057 1527 ausu
2112 1462 2446 1527 temerario
2506 1461 2835 1527 contraire.
2920 1458 2988 1527 Si
3047 1461 3185 1545 quis

319 1572 542 1634 autem.
589 1567 709 1634 hoc
767 1575 1142 1657 attemptare
1195 1569 1680 1656 presumpserit,
1741 1568 2233 1651 indignationem
2283 1568 2731 1655 omnipotentis
2774 1567 2876 1635 dei
2932 1573 2997 1635 et
3038 1568 3185 1634 bea-

316 1680 532 1741 torum
560 1672 732 1743 Petri
779 1684 842 1743 et
869 1675 1050 1743 Pauli
1097 1677 1520 1763 apostolorum
1568 1678 1700 1743 eius
1731 1696 1800 1743 se
1843 1677 2090 1742 noverit
2130 1676 2548 1743 incursurum.
2610 1674 2844 1741 Datum
2885 1673 3186 1741 Laterani

319 1802 362 1846 v
408 1782 550 1847 idus
593 1781 865 1849 ianuarii
911 1784 1310 1869 pontificatus
1357 1785 1558 1852 nostri
1605 1804 1766 1851 anno
1814 1784 2051 1869 quinto,

535 1922 656 1975 Sine
683 1923 828 1975 dato:
863 1924 905 1987 1,
931 1923 1000 1975 70
1013 1942 1086 1986 r.;
1123 1925 1188 1987 11,
1213 1924 1299 1976 92.
1339 1925 1400 1975 A.
1428 1924 1498 1975 20
1534 1943 1584 1975 n.
1611 1924 1644 1974 8
1680 1924 1860 1975 Latine
1887 1932 1939 1975 et
1966 1922 2280 1985 Germanice,
2316 1924 2403 1975 ubi
2426 1922 2704 1975 Hermanni
2728 1940 2906 1975 nomen
2934 1924 3095 1975 deest.
3118 1924 3184 1975 D.

319 2012 450 2063 Cum
488 2012 631 2063 dato:
679 2013 918 2063 Laterani
952 2032 981 2063 v
1019 2014 1087 2065 id.
1120 2014 1310 2065 ianuar.
1349 2032 1399 2079 p.
1426 2031 1472 2064 a.
1501 2015 1551 2064 5'.
1615 2012 1679 2064 R.
1707 2013 1776 2063 66
1811 2014 1942 2064 inter
1978 2012 2471 2078 Mergenthemensia
2506 2012 2557 2063 6.
2601 2042 2659 2051 --
2700 2014 2764 2065 A.
2796 2012 2859 2063 16
2894 2030 2944 2079 p.
2971 2013 3007 2064 4
3047 2012 3183 2077 „Ve-

315 2100 525 2153 netiis“.
575 2101 778 2153 Partem
813 2102 894 2153 ed.
918 2103 1128 2153 Hennes
1152 2103 1194 2163 1,
1229 2102 1299 2153 55
1334 2110 1458 2153 nota
1486 2102 1532 2153 1.
1680 2104 1726 2153 1.
1763 2100 1910 2153 deest
1931 2102 1999 2163 11,
2037 2102 2101 2153 A.
2121 2100 2205 2153 20.
2350 2102 2399 2153 2.
2436 2102 2583 2153 deest
2602 2101 2669 2153 11.
2811 2102 2861 2153 3.
2900 2101 2974 2153 Of.
2998 2100 3187 2153 bullam

317 2206 372 2239 n.
393 2189 518 2241 309.
559 2190 778 2255 „Vestra
811 2191 1037 2257 religio“.
1093 2190 1142 2243 d.
1171 2192 1220 2242 d.
1252 2190 1378 2241 1221
1421 2190 1634 2243 ianuarii
1669 2191 1720 2241 9.

1801 2350 2071 2360 ψ-

325 2492 507 2565 309.
549 2496 722 2563 1221
769 2499 1058 2562 ianuarii
1098 2498 1142 2563 9
1187 2496 1495 2561 Laterani
1539 2492 1653 2581 (cf.
1689 2495 1863 2561 1223
1907 2497 2196 2559 ianuarii
2238 2496 2346 2577 12,
2394 2497 2573 2563 1226
2616 2497 2765 2562 iulii
2796 2496 2891 2577 1).
2962 2496 3185 2563 Hono-

547 2607 684 2671 rius
715 2604 838 2670 III
875 2606 1090 2671 ordini
1140 2603 1517 2669 Theutonico
1565 2604 1844 2669 concedit
1885 2605 2305 2669 immunitates
2351 2603 2707 2691 Hospitalis
2754 2617 2810 2669 et
2860 2602 3123 2689 Templi.

547 2743 862 2811 Honorius
919 2746 1251 2831 episcopus
1309 2764 1526 2810 servus
1583 2762 1904 2809 servorum
1966 2743 2068 2809 dei
2124 2744 2367 2811 dilectis
2432 2744 2579 2811 filiis
2636 2744 2997 2811 Hermanno
3051 2764 3187 2812 ma-

321 2852 524 2936 gistro
571 2858 638 2919 et
685 2853 986 2920 fratribus
1029 2851 1358 2938 hospitalis
1404 2856 1620 2917 sancte
1664 2850 1864 2917 Mario
1911 2850 2437 2917 Theutonicorum
2483 2850 2968 2919 Ierosolimitani
3020 2852 3189 2920 salu-

320 2966 457 3026 tem
505 2965 568 3027 et
611 2960 1015 3047 apostolicam
1066 2960 1582 3026 benedictionem.
1805 2957 2035 3024 Vestra
2063 2958 2306 3043 religio,
2352 2959 2529 3026 cuius
2568 2958 2769 3026 bonus
2812 2961 2965 3027 odor
3004 2959 3187 3045 longe

320 3067 576 3151 lateque
621 3066 1019 3149 diffunditur,
1087 3064 1450 3152 specialem¹
1498 3066 1838 3152 apostolice
1885 3066 2053 3132 sedis
2100 3066 2377 3133 favorem
2437 3073 2501 3133 et
2543 3069 2811 3150 gratiam
2871 3088 3189 3154 promere-

322 3180 450 3240 tur.
519 3173 676 3240 Cum
721 3174 914 3258 igitur
969 3174 1250 3239 ordinem
1308 3176 1576 3240 fratrum
1621 3172 1969 3259 Hospitalis
2012 3171 2495 3239 Ierosolimitani
2550 3175 2721 3241 circa
2773 3196 3080 3261 pauperes
3126 3181 3192 3242 et

321 3280 629 3365 infirmoS,
676 3281 940 3347 fratrum
987 3300 1137 3347 vero
1183 3281 1414 3347 milicie
1446 3279 1689 3367 Templi
1738 3281 1905 3346 circa
1950 3281 2209 3347 clericos
2254 3285 2317 3347 et
2359 3280 2595 3348 milites
2643 3302 2715 3347 ac
2760 3282 2915 3349 alios
2959 3283 3189 3349 fratres

323 3390 394 3455 in
425 3389 610 3455 domo
655 3394 868 3456 vestra
911 3388 1172 3474 provide
1203 3389 1560 3453 institutum
1597 3386 1999 3453 laudabiliter
2031 3388 2395 3472 observetis,
2442 3409 2556 3455 nos
2588 3390 2887 3475 volentes,
2935 3396 3007 3457 ut
3050 3390 3189 3457 sitis

321 3516 513 3583 pares
559 3496 626 3561 in
657 3496 1056 3562 assecucione
1101 3493 1426 3581 apostolici
1474 3494 1776 3579 beneficii,
1825 3495 2050 3580 quibus
2079 3496 2147 3561 in
2177 3497 2540 3582 operatione
2584 3497 2890 3579 virtutum
2918 3498 3025 3585 pio
3056 3503 3189 3564 stu-

325 3604 489 3671 detis
535 3604 856 3691 proposito
903 3602 1222 3687 adequari,
1271 3622 1486 3669 omnes
1531 3602 1876 3687 libertates,
1937 3604 2366 3671 immunitates
2413 3624 2486 3670 ac
2530 3604 2959 3689 indulgencias
3002 3626 3190 3672 vene-

323 3711 543 3777 randis
590 3710 876 3777 domibus
925 3710 1348 3796 predictorum
1379 3710 1728 3797 Hospitalis
1777 3715 1840 3776 et
1869 3709 2116 3796 Templi
2162 3710 2239 3776 ab
2288 3712 2633 3797 apostolica
2670 3712 2819 3779 sede
2864 3732 3189 3780 concessas

325 3816 542 3884 domui
572 3823 780 3885 vestre
825 3818 1254 3900 concedimus3
1305 3822 1388 3901 et,
1437 3823 1506 3883 ut
1551 3818 1640 3884 eis
1689 3818 1957 3883 utamini
1999 3818 2195 3884 libere
2241 3819 2404 3883 sicut
2447 3819 2562 3902 illi,
2608 3820 2785 3886 vobis
2818 3822 3190 3888 auctoritate

325 3926 723 4012 presencium
779 3925 1194 4009 indulgemus.
1277 3924 1447 3991 Nulli
1516 3945 1664 4009 ergo
1723 3926 1977 3990 omnino
2044 3925 2391 4006 hominum*
2431 3925 2622 3993 liceat
2678 3928 2839 3993 hanc
2892 3930 3188 4015 paginam

323 4038 542 4099 nostre
596 4033 1012 4099 concessionis
1058 4033 1398 4116 infringere
1441 4033 1541 4098 vel
1599 4034 1658 4098 ei
1705 4054 1860 4099 ausu
1903 4034 2241 4099 temerario
2288 4035 2618 4101 contraire.
2690 4034 2759 4101 Si
2799 4036 2937 4121 quis
2980 4042 3190 4103 autem

323 4140 446 4206 hoc
477 4143 852 4225 attemptare
881 4140 1359 4225 presumpserit,
1406 4139 1901 4223 indignationem
1933 4141 2383 4227 omnipotentis
2426 4140 2527 4207 dei
2572 4147 2638 4208 et
2664 4142 2988 4209 beatorum
3017 4141 3190 4211 Petri

327 4252 394 4314 et
436 4245 617 4312 Pauli
665 4247 1090 4333 apostolorum
1138 4249 1272 4313 eius
1319 4268 1388 4313 se
1431 4248 1680 4313 noverit
1720 4248 2141 4314 incursurum.
2213 4247 2446 4314 Datum
2488 4248 2786 4316 Laterani
2832 4272 2870 4316 v
2910 4251 3053 4316 idus
3098 4253 3190 4316 ia-

325 4354 537 4421 nuarii
583 4353 980 4441 pontificatus
1023 4356 1224 4421 nostri
1271 4374 1434 4421 anno
1484 4356 1720 4440 quinto.

540 4486 654 4537 Hoc
691 4487 1004 4554 privilegium
1041 4498 1096 4537 ut
1131 4506 1268 4554 papa
1304 4488 1468 4539 ordini
1502 4487 1811 4539 Theutonico
1850 4486 2021 4549 daret,
2058 4487 2341 4540 Fridericus
2370 4488 2421 4540 11
2454 4489 2507 4539 in
2544 4490 2865 4542 coronatione
2901 4507 2993 4541 sua
3026 4490 3188 4558 impe-

324 4574 440 4628 riali
473 4575 668 4627 Romae
708 4576 844 4627 1220
879 4594 992 4628 τιον.
1021 4576 1090 4627 22
1127 4579 1192 4628 ab
1227 4577 1452 4629 Honorio
1487 4576 1562 4628 111
1599 4594 1710 4627 sese
1747 4578 2043 4643 impetrasse
2082 4577 2228 4638 dicit3
2272 4594 2320 4628 ν.
2358 4596 2512 4645 supra
2546 4596 2597 4643 p.
2628 4577 2744 4629 147.
2787 4608 2847 4649 —'
2888 4576 3009 4631 Sine
3045 4580 3190 4644 dato:

326 4666 390 4716 R.
424 4665 524 4716 143
559 4664 691 4715 inter
718 4664 1072 4725 'trever-ensis:
1109 4666 1172 4717 Β.
1204 4668 1264 4718 11
1306 4684 1367 4717 ex
1406 4668 1552 4717 domo
1589 4666 2005 4733 Nurenbergensi
2039 4684 2089 4717 n.
2116 4666 2185 4717 20
2220 4668 2273 4718 in
2310 4667 2603 4733 apographo
2640 4657 2931 4719 transsumti
2965 4684 3057 4735 per
3094 4670 3189 4719 Ot-

325 4763 498 4805 tonem
532 4754 953 4820 Herbipolensem
990 4755 1281 4821 episcopum
1318 4755 1548 4806 confecti.
1605 4756 1667 4806 A.
1691 4756 1762 4805 20
1797 4774 1846 4805 ιι.
1879 4756 1900 4805 1
1943 4772 2055 4805 cum
2092 4766 2235 4807 nota:
2279 4756 2377 4821 „Et
2411 4766 2491 4807 est
2524 4756 2575 4807 in
2602 4756 2923 4807 Confluencia
2959 4756 3039 4807 vel
3064 4759 3189 4809 Tre-

327 4844 461 4904 veri;
501 4842 773 4908 Gregorius
811 4842 1035 4895 eiusdem
1072 4844 1262 4894 tenoris
1299 4844 1351 4894 in
1387 4844 1658 4909 Marcburg
1695 4852 1747 4894 et
1771 4844 2081 4895 Allexander
2116 4845 2167 4895 in
2192 4844 2565 4911 Wysenburg‘·.
2596 4874 2656 4882 -
2696 4846 2817 4895 Cum
2855 4844 2997 4897 dato:
3035 4847 3189 4898 Late-

327 4933 437 4984 rani
473 4948 504 4980 v
541 4932 654 4982 idus
691 4932 880 4983 ianuar.
920 4948 969 4997 p.
995 4949 1044 4981 n.
1071 4950 1117 4981 a.
1145 4934 1194 4982 5.
1255 4932 1296 4993 1,
1336 4932 1490 4993 63v.;
1527 4932 1594 4994 Π,
1631 4933 1729 4993 903
1766 4931 1855 4993 IV,
1900 4932 2016 4983 178.
2071 4932 2133 4983 R.
2161 4934 2229 4984 53
2266 4933 2397 4984 inter
2431 4933 2823 4999 Ratisponensia
2859 4952 2907 4985 n.
2936 4935 2985 4986 2.
3044 4936 3102 4985 A.
3130 4936 3192 4986 16

329 5038 380 5087 p.
410 5020 510 5071 112
556 5020 852 5085 „'l¹reviris“.
917 5021 1001 5071 Or.
1030 5020 1280 5085 quondam
1303 5020 1778 5086 Mergenthemense
1815 5036 1926 5071 cum
1962 5020 2101 5071 bulla
2137 5020 2373 5087 plumbea
2408 5022 2459 5075 in
2496 5020 2595 5073 filis
2633 5022 2833 5075 sericeis
2870 5024 3192 5090 appendente
