3892 5609
745 312 895 384 124
1526 325 1756 374 TERRA
1803 323 2087 372 SANc‘rA.
2157 325 2488 372 Amanum.
2559 323 2825 373 errans

736 503 912 550 mum
956 503 1149 557 unam
1195 489 1378 550 extra
1432 489 1683 571 portam
1742 485 2021 550 civitatis
2077 505 2194 570 pro
2239 505 2310 551 cc
2354 490 2419 553 et
2459 484 2507 550 1·
2551 485 2872 568 bisantiis,
2933 490 2998 551 et
3040 482 3274 551 debent
3317 483 3456 549 dari
3499 503 3605 550 an-

735 591 977 657 nuatim
1026 591 1169 657 iiii⁰⁹
1210 592 1469 659 bisantii
1525 613 1639 678 pro
1686 611 1877 658 censu
1925 591 2224 658 eiusdem.

954 696 1117 764 Item
1162 699 1427 765 emimus
1470 719 1509 764 a
1548 699 1803 764 domina
1840 697 2201 782 Hensalme,
2249 693 2484 764 soceri⁷
2528 698 2765 764 domini
2795 695 3108 780 Menebof,
3154 705 3216 762 v·
3247 703 3604 764 carrucatas

736 807 903 870 terre
948 805 1016 870 in
1065 803 1305 892 Saphet
1348 811 1413 872 et
1458 825 1647 871 unam
1698 805 1953 871 woltam
1999 824 2114 891 pro
2160 826 2224 871 m
2271 809 2334 872 et
2379 825 2486 871 ccc
2527 804 2837 872 bisantiis.

958 907 1151 978 ‘Item
1197 913 1465 979 emimus
1509 914 1577 978 in
1610 913 1777 999 Tyro
1824 933 2016 979 unum
2065 918 2270 978 ortum
2318 933 2509 998 super
2556 932 2808 978 arenam
2855 911 3024 998 p(ro)
3071 931 3143 978 cc
3184 911 3498 978 bisantiis.

955 1015 1148 1084 “Item
1196 1020 1463 1086 emimus
1510 1019 1577 1086 in
1610 1020 1776 1106 Tyro
1822 1019 2069 1105 peciam
2114 1024 2302 1102 tetre,
2350 1038 2471 1102 que
2500 1024 2676 1086 tenet
2703 1027 2764 1084 ν’
2797 1017 3211 1100 (car)rucatas
3243 1023 3418 1086 terre
3465 1019 3608 1106 (que

587 1177 597 1210 ,
731 1125 1013 1208 cohe)ret
1054 1130 1222 1192 terre
1266 1132 1481 1192 nostre
1528 1174 1853 1192 ........
1882 1125 1998 1192 che
2042 1125 2109 1192 in
2155 1131 2369 1192 monte
2419 1175 2478 1191 ..
2507 1177 2522 1191 .
2550 1177 2564 1191 .
2592 1127 2642 1191 ti
2687 1146 2803 1212 pro
2848 1125 2940 1190 lx·
2986 1145 3025 1190 v
3049 1175 3065 1190 .
3093 1175 3152 1190 ..

950 1232 1109 1299 Item
1157 1231 1488 1299 confirmat
1539 1253 1653 1299 rex
1699 1233 2074 1319 Aymericus
2121 1233 2374 1298 domum
2433 1237 2498 1298 et
2554 1232 2902 1316 iardinum,
2961 1231 3072 1318 qui
3121 1231 3382 1298 fuerunt
3425 1231 3606 1298 Pauli

735 1345 800 1407 et
840 1340 1057 1406 fratris
1104 1339 1223 1422 sui,
1270 1338 1543 1406 filiorum
1592 1340 1902 1407 Theodori
1949 1339 2027 1406 de
2073 1339 2358 1424 Sarepta.
2697 1337 2900 1423 [1200
2947 1358 3085 1422 aug.
3135 1359 3196 1425 p.
3234 1341 3320 1406 29
3366 1361 3432 1404 n.
3469 1337 3602 1424 36]

952 1463 1110 1529 Item
1156 1483 1366 1531 comes
1396 1464 1705 1531 Henricus
1751 1462 2082 1530 confirmat
2128 1465 2342 1530 domui
2387 1464 2641 1530 domum
2689 1469 2754 1530 et
2797 1463 3136 1547 iardinum,
3185 1483 3306 1548 que
3349 1463 3608 1530 fuerunt

729 1570 1043 1637 Theodori
1088 1570 1166 1637 de
1214 1571 1501 1657 Sarepta,
1550 1577 1614 1638 et
1657 1572 1751 1637 ir·
1794 1577 2154 1638 carrucatas
2198 1577 2366 1639 terre
2413 1570 2581 1657 apud
2627 1569 2948 1638 Sedinum.

2651 1675 2851 1761 [1195
2900 1675 3082 1762 april.
3129 1696 3192 1762 p.
3231 1679 3315 1743 26
3362 1697 3426 1743 n.
3463 1675 3602 1762 31.]

950 1801 1108 1868 Item
1158 1801 1548 1867 Innorannus
1606 1800 1897 1867 dominus
1929 1801 2106 1868 Bere
2151 1801 2435 1868 vendidit
2489 1801 2702 1868 domui
2755 1821 2948 1868 unam
3003 1800 3258 1866 domum
3319 1801 3388 1866 in
3435 1801 3606 1888 Tyro

724 1905 792 1974 iii
838 1909 1167 1995 presencia
1209 1909 1378 1992 regis
1423 1907 1737 1974 Iohannis.
2320 1927 2328 1936 ·
2653 1906 2854 1991 [1222
2903 1905 3084 1992 april.
3135 1929 3195 1992 p.
3229 1908 3318 1973 45
3364 1927 3428 1974 n.
3460 1907 3600 1993 56.]

950 2032 1106 2100 Item
1152 2052 1267 2099 rex
1313 2030 1620 2098 Iohannes
1667 2029 1997 2098 confirmat
2041 2031 2255 2098 domui
2299 2033 2733 2100 vendicionem
2779 2031 3000 2096 domus
3047 2029 3349 2116 predicte.
3467 2078 3480 2089 .

2650 2135 2850 2222 [1222
2898 2136 3078 2223 april.
3125 2155 3189 2222 p.
3223 2139 3310 2204 46
3357 2159 3422 2204 n.
3459 2137 3594 2224 57.]

947 2264 1108 2331 Item
1139 2261 1463 2330 Conradus
1510 2261 1889 2328 marchionis
1930 2261 2164 2328 Montis
2207 2263 2428 2330 ferrati
2471 2262 2637 2330 filius
2682 2261 2856 2329 dedit
2885 2261 3158 2328 Martino
3187 2260 3430 2328 Rochia
3475 2265 3600 2329 civi

724 2373 1020 2439 Ianuensi
1066 2371 1320 2437 domum
1367 2369 1677 2436 Theodori
1723 2367 1980 2434 Suriani
2022 2369 2090 2434 in
2129 2369 2314 2456 Tyro.
2673 2367 2871 2454 [1189
2920 2374 3077 2454 sept.
3125 2387 3188 2454 p.
3224 2369 3302 2433 21
3358 2389 3422 2434 n.
3457 2368 3596 2454 24.]

946 2495 1102 2561 Item
1146 2494 1467 2582 predictus
1497 2493 1806 2559 Martinus
1836 2492 2074 2558 Rochia
2119 2494 2272 2559 civis
2317 2493 2642 2560 Ianuensis
2687 2493 2860 2560 dedit
2903 2492 3117 2558 domui
3160 2493 3226 2557 in
3272 2494 3598 2580 presentia

722 2602 1083 2691 patriarche
1127 2602 1381 2668 domum
1427 2601 1625 2687 ipsius
1673 2599 1985 2665 Theodori
2031 2597 2284 2666 Suriani
2327 2601 2393 2666 in
2441 2601 2608 2688 Tyro
2653 2620 2769 2687 pro
2817 2619 2887 2667 ce
2929 2599 3238 2665 bisantiis.

2567 2705 2763 2791 [1211.
2813 2704 2969 2772 febr.
3004 2707 3083 2770 14
3127 2726 3190 2790 Ρ.
3225 2707 3310 2772 36
3355 2705 3588 2791 n.·45.]

934 2847 1015 2898 De
1052 2848 1267 2900 cabecia
1302 2847 1353 2899 in
1552 2830 1711 2897 Item
1764 2831 2050 2897 vendidit
2102 2831 2316 2898 domui
2364 2831 2690 2900 Sitalmale
2748 2835 3040 2917 quartam
3097 2833 3345 2916 partem
3405 2831 3589 2898 unius

722 2937 981 3022 casalis,
1038 2939 1203 3022 quod
1250 2943 1511 3005 vocatur
1556 2938 1850 3021 Cabeoie,
1910 2938 2442 3006 consentientibus
2498 2938 2646 3005 filiis
2705 2939 2834 3005 suis
2879 2937 3140 3004 Monsur
3195 2939 3258 3001 et
3311 2937 3586 3032 Silman3

723 3043 1112 3112 confirmatio
1156 3043 1367 3110 Rauili
1406 3045 1721 3132 Tyrensis.
2477 3043 2675 3128 [1239
2723 3047 2966 3112 ianuar.
3000 3052 3087 3116 24
3131 3072 3192 3137 p.
3227 3060 3311 3125 67
3350 3079 3414 3125 n,
3453 3043 3582 3130 85]

933 3166 1014 3219 De
1054 3167 1214 3219 Corfie
1250 3168 1303 3218 in
1339 3169 1615 3236 Tamo-ia).
1696 3152 1850 3218 Item
1909 3151 2201 3218 dominus
2245 3151 2578 3238 Philippus
2628 3153 2710 3220 de·
2749 3151 3082 3238 Malgastel
3138 3169 3203 3229 et
3255 3186 3420 3234 uxor
3476 3186 3589 3233 sua

723 3257 835 3324 dat
877 3258 1095 3324 domui
1139 3257 1345 3325 casale
1392 3279 1585 3324 unum
1630 3259 1697 3325 in
1746 3259 2149 3345 pertinenciis
2196 3259 2481 3343 Tabarie,
2531 3259 2698 3345 quod
2742 3268 3001 3330 vocatur
3047 3265 3281 3338 Corsie.

933 3381 1013 3432 De
1049 3381 1239 3433 Arabia
1274 3391 1327 3432 et
1360 3381 1714 3448 hospitalariis.
1784 3364 1938 3431 Item
1991 3366 2290 3449 magister
2338 3373 2401 3433 et
2453 3373 2797 3434 conventus
2851 3371 3181 3458 hospitalis
3240 3380 3447 3444 sancti
3491 3378 3590 3446 Io-

716 3469 967 3555 hannis,
1015 3477 1348 3557 postquam
1396 3472 1750 3556 receperint
1780 3481 1839 3537 v·
1868 3471 2049 3537 milia
2075 3472 2513 3558 bisantiorum,
2557 3475 2752 3542 nichil
2794 3480 3046 3563 penitus
3092 3481 3328 3550 habent
3369 3491 3590 3572 petere

716 3577 785 3643 in
830 3577 1025 3644 casali
1067 3577 1321 3644 Arabie.
2881 3581 3082 3667 [1240
3125 3610 3189 3674 p.
3219 3591 3304 3656 70
3347 3612 3411 3657 n.
3449 3593 3584 3678 89.]

928 3699 1009 3752 De
1056 3701 1179 3752 turri
1221 3701 1381 3752 saneti
1416 3699 1665 3767 Nicholay
1713 3718 1865 3766 super
1908 3709 2123 3767 portam.
2193 3684 2349 3753 Item
2396 3708 2510 3754 rex
2556 3688 2930 3775 Aymericus
2976 3693 3148 3762 dedit
3191 3697 3408 3765 domui
3455 3707 3590 3768 tur-

716 3809 854 3858 rem
900 3809 1088 3877 super
1133 3797 1381 3878 portam
1430 3791 1631 3856 sancti
1674 3789 2000 3878 Nicholay.
2679 3793 2881 3880 [1198
2931 3820 3069 3884 aug.
3117 3821 3181 3888 Ρ.
3217 3805 3302 3870 28
3348 3825 3410 3871 n.
3449 3807 3588 3890 35.]

930 3912 1010 3965 De
1046 3913 1285 3980 hospitali
1320 3915 1683 3965 Armeniorum.
1754 3895 1913 3963 Item
1957 3919 2072 3964 rex
2117 3896 2321 3966 Guido
2367 3899 2542 3967 dedit
2583 3902 2762 3970 nobis
2809 3904 3093 3993 domum,
3140 3909 3204 3974 in
3253 3929 3380 3994 qua
3425 3913 3590 3980 sole-

714 3999 870 4068 bant
912 4002 1221 4090 hospitari
1266 4003 1549 4087 Armeni,
1600 4008 1709 4069 aut
1757 4003 2034 4089 plateam
2077 4007 2258 4072 iuxta
2301 4007 2563 4073 eandem
2609 4009 2884 4077 domum.

2663 4113 2866 4198 [1190
2909 4125 3068 4207 sept.
3115 4141 3178 4208 p.
3213 4125 3299 4189 22
3345 4144 3410 4189 n.
3445 4125 3581 4211 25]

928 4229 1007 4282 De
1044 4240 1179 4282 terra
1206 4215 1469 4297 'Galopini
1550 4215 1707 4282 Item
1752 4218 2054 4300 magister
2099 4219 2426 4306 hospitalis
2474 4227 2537 4288 et
2581 4230 2922 4292 conventus
2969 4228 3359 4314 reliquerunt
3401 4233 3586 4300 nobis

714 4319 1127 4388 hereditatem
1175 4319 1487 4409 Galopini.
2589 4326 2790 4414 [1192
2833 4333 2993 4400 febr.
3025 4339 3066 4401 2
3111 4356 3173 4423 p.
3210 4339 3295 4404 23
3341 4359 3406 4404 n.
3442 4339 3579 4426 26.]

926 4443 1006 4494 De
1041 4445 1329 4496 barbacana
1364 4463 1523 4512 prope
1560 4454 1755 4512 portam
1792 4465 1832 4498 s.
1858 4448 2106 4502 Nicholai.
2172 4433 2330 4500 Item
2365 4454 2574 4502 0011188
2603 4435 2912 4506 Hem'icus
2958 4441 3132 4508 dedit
3177 4444 3392 4511 domni
3437 4446 3582 4514 bar·-

714 4534 1038 4618 bacanam,
1087 4539 1291 4600 turres
1338 4556 1585 4623 quoque
1633 4544 1695 4604 et
1736 4539 2040 4607 fossatum
2079 4559 2116 4605 a
2144 4547 2316 4608 meta
2358 4543 2670 4629 proprisis
2713 4565 2911 4630 usque
2955 4549 3036 4614 ad
3080 4555 3332 4636 portam
3375 4554 3580 4622 sancti

710 4638 1017 4707 Nicholai.
2865 4651 3066 4737 [1193
3112 4677 3174 4743 Ρ.
3211 4659 3296 4724 24
3340 4679 3404 4725 n.
3441 4659 3574 4745 28.]

922 4761 1001 4814 De
1038 4763 1325 4816 barbaranu
1361 4783 1520 4832 prope.
1558 4767 1757 4818 domum
1793 4767 2084 4820 senescalci.
2156 4753 2311 4821 Item
2358 4777 2472 4822 rex
2507 4756 2816 4825 Iohannes
2861 4760 2972 4827 dat
3017 4762 3232 4830 domui
3277 4765 3576 4834 barbaca-

710 4869 881 4935 nam,
910 4863 1051 4936 *que
1096 4853 1455 4922 extenditur
1501 4856 1579 4922 de
1625 4857 1807 4925 domo
1850 4860 2196 4933 ,senescalci
2242 4881 2438 4947 usque
2485 4865 2564 4931 ad
2611 4871 2860 4952 portam
2906 4865 3194 4936 Gaufridi
3236 4871 3432 4938 Torti.

2675 4969 2871 5055 [1217
2922 4993 3061 5060 aug.
3110 4997 3172 5062 p.
3205 4980 3287 5043 41
3339 4998 3401 5044 n.
3435 4978 3569 5064 50.]
