3892 5609
729 357 880 428 442
1700 366 2124 416 nommetur
2170 366 2611 415 neutrorum

733 527 906 598 696.
949 529 1124 595 1399
1149 530 1479 614 februarii
1515 530 1602 594 25
1651 529 1890 594 Romae
1933 530 2111 615 apud
2152 551 2203 592 s.
2236 528 2515 593 Petrwtn.
2580 526 2961 612 Bonifacins
3000 525 3106 592 IX
3148 527 3433 592 concedit
3474 549 3585 590 or·

948 637 1090 700 dini
1139 634 1536 716 Theutonico,
1585 649 1673 716 ut,
1723 637 1975 722 quando
2018 635 2285 721 placeat,
2332 638 2403 700 in
2448 634 2716 699 ecclesiis
2760 636 2893 700 eius
2931 656 3053 720 per
3096 635 3341 698 ordini-³
3370 655 3585 698 sacer-

948 745 1114 806 dotes
1163 755 1220 808 et
1265 743 1423 808 alios
1473 745 2025 830 praedicat-ioum
2051 742 2295 827 faciat,
2353 741 2865 827 audientibusque
2914 741 3374 826 indulqentiam
3422 763 3585 826 pro-

938 852 1142 935 pom't.

949 980 1307 1049 Bonifacins
1353 983 1680 1069 episcopus
1727 1003 1942 1049 servus
1974 1002 2297 1050 servorum
2342 981 2444 1047 dei
2489 981 2732 1048 dilectis
2776 978 2923 1046 filiis
2952 980 3255 1063 magistro
3300 979 3585 1063 generali

729 1088 1055 1176 hospitalis
1103 1088 1282 1156 beate
1326 1090 1524 1157 Marie
1555 1083 2079 1156 Theotonicorum‘
2120 1087 2599 1156 lerosolimitani
2644 1107 2719 1154 ac
2760 1088 3067 1154 universis
3110 1087 3583 1154 commendato·

725 1195 929 1278 ribuS,
989 1196 1454 1282 preceptoribus
1523 1203 1585 1263 et
1649 1197 1951 1264 fratribus
2004 1197 2330 1262 domorum
2387 1195 2666 1262 eiusdem
2736 1193 3061 1280 hospitalis
3114 1193 3379 1262 ubilibet
3432 1215 3585 1260 con-

726 1304 1090 1371 sistencium
1135 1304 1400 1370 salutem
1447 1311 1511 1371 et
1555 1303 1959 1390 apostolicam
2006 1303 2519 1370 benedictionem.
2744 1300 3000 1368 Sincere
3042 1301 3399 1368 devocionis
3431 1301 3584 1368 sffe-

725 1415 895 1494 ctus,
955 1431 1138 1496 quem
1197 1412 1277 1476 ad
1331 1431 1444 1477 nos
1491 1417 1554 1477 et
1595 1410 1942 1477 Romanam
1986 1411 2205 1494 geritis
2262 1409 2616 1493 ecclesiam,
2672 1429 2797 1476 non
2841 1409 3099 1492 indigne
3142 1413 3451 1490 meretur,
3510 1413 3583 1474 ut

725 1517 1140 1605 peticionibus
1185 1519 1432 1600 vestris,
1478 1518 1602 1584 illis
1649 1518 2003 1605 presertim,
2048 1538 2163 1604 per
2209 1537 2364 1602 quas
2408 1516 2657 1582 divinus
2701 1516 2905 1582 cultus
2950 1523 3015 1582 et
3058 1516 3313 1582 devocio
3360 1515 3581 1602 populi

724 1625 791 1689 in
837 1624 938 1690 dei
983 1623 1230 1690 laudem
1270 1625 1539 1708 feliciter
1585 1629 2044 1708 augmentatur,
2088 1623 2516 1690 favorabiliter
2562 1643 2929 1690 annuamus.
3014 1622 3179 1688 Hinc
3220 1627 3353 1706 est,
3410 1621 3577 1707 quod

723 1751 841 1797 nos
893 1733 1119 1798 vestris
1177 1733 1244 1798 in
1300 1731 1417 1798 hac
1473 1737 1652 1817 parte
1709 1731 2269 1818 supplicationibus
2326 1729 2639 1813 inclinati,
2698 1735 2770 1796 ut
2824 1729 3088 1814 quilibet
3140 1749 3221 1796 ex
3279 1729 3460 1796 vobis
3518 1735 3581 1796 et

723 1838 1022 1905 fratribus
1065 1839 1396 1925 hospitalis
1441 1845 1504 1906 et
1547 1839 1874 1904 domorum
1920 1839 2346 1924 predictorum
2390 1839 2455 1905 in
2502 1837 2857 1904 sacerdocio
2902 1832 3305 1904 constitutus¹
3352 1837 3418 1902 in
3476 1856 3578 1902 ca-

723 1944 907 2032 pellis
963 1951 1027 2011 et
1079 1946 1357 2013 ecclesiis
1413 1946 1610 2013 eciam
1672 1965 1798 2012 non
1843 1945 2336 2032 parrochialibus
2392 1946 2473 2011 ad
2528 1965 2639 2011 vos
2696 1950 2761 2010 et
2805 1949 3045 2010 vestras
3102 1943 3320 2010 domos
3379 1945 3577 2030 perti-

723 2052 1014 2120 nentibus
1058 2054 1316 2119 verbum
1365 2053 1486 2137 dei,
1533 2055 1827 2136 quociens
1872 2053 1991 2118 hoc
2036 2057 2315 2119 vestrum
2360 2051 2545 2118 alicui
2589 2051 2917 2138 placuerit,
2970 2051 3219 2137 publice
3248 2051 3329 2118 ad
3374 2071 3581 2137 popu-

721 2159 852 2225 lum
897 2160 1222 2246 predicare
1267 2181 1378 2226 seu
1422 2181 1536 2247 per
1581 2160 1736 2226 alios
1783 2159 2134 2226 sacerdotes
2178 2160 2384 2226 facere
2427 2159 2740 2245 predicari
2784 2159 3047 2226 alicuius
3086 2158 3344 2225 licentia
3386 2179 3579 2244 super

721 2266 840 2332 hoc
881 2267 1140 2334 minime
1181 2268 1484 2352 requisita
1527 2263 1724 2334 libere
1769 2273 1832 2334 et
1869 2267 2041 2333 licite
2070 2267 2287 2354 possit,
2336 2265 2656 2333 devocioni
2688 2272 2892 2333 vestre
2922 2267 3296 2332 auctoritate
3323 2273 3581 2350 aposto-

721 2372 843 2440 lica
909 2379 1125 2440 tenore
1193 2375 1584 2460 presencium
1651 2373 2079 2457 indulgemus,
2162 2378 2225 2440 et
2294 2373 2733 2440 nichilominus
2814 2373 2891 2440 de
2958 2373 3409 2459 omnipotentis
3474 2372 3581 2440 dei

723 2480 1155 2548 misericordia
1210 2487 1272 2548 et
1329 2482 1652 2548 beatorum
1697 2481 1869 2547 Petri
1929 2487 1993 2548 et
2036 2479 2215 2546 Pauli
2272 2481 2695 2566 apostolorum
2754 2482 2887 2547 eius
2942 2481 3315 2548 auctoritate
3358 2478 3579 2546 confisi

721 2587 1012 2654 omnibus
1067 2609 1212 2654 vere
1269 2589 1688 2674 penitentibus
1749 2594 1812 2654 et
1865 2587 2200 2671 confessiS,
2260 2589 2367 2674 qui
2422 2588 2777 2655 huiusmodi
2832 2587 3296 2674 predicaciones
3350 2586 3577 2652 devote

721 2692 1054 2777 audierint,
1116 2694 1379 2778 singulis
1426 2694 1714 2762 videlicet
1757 2695 2018 2779 vicibus,
2077 2695 2301 2780 quibus
2358 2695 2824 2782 predicaciones
2880 2697 3052 2780 ipsas
3111 2693 3449 2777 audierint,
3506 2699 3578 2758 ut

720 2801 1064 2886 prefertur,
1133 2821 1326 2868 unum
1389 2823 1620 2868 annum
1681 2809 1742 2869 et
1800 2823 1991 2868 unam
2047 2803 2511 2887 quadragenam
2572 2803 2648 2868 de
2705 2803 2999 2870 iniunctis
3054 2801 3145 2868 eis
3200 2801 3575 2888 penitenciis

719 2908 1208 2975 misericorditer
1251 2909 1638 2995 relaxamus,
1692 2911 2003 2976 universis
2050 2916 2113 2976 et
2166 2910 2431 2994 singulis
2477 2911 2847 2978 auctoritate
2892 2909 3186 3014 predicta
3226 2908 3575 2976 districtius

717 3014 1104 3098 inhibentes,
1160 3035 1238 3082 ne
1283 3037 1394 3082 vos
1449 3019 1518 3082 in
1570 3015 1924 3082 huiusmodi
1970 3017 2505 3104 predicacionibus
2566 3016 3029 3102 quomodolibet
3069 3015 3424 3102 impediant
3466 3023 3575 3082 aut

719 3120 954 3189 Christi
999 3121 1212 3190 fideles
1273 3123 1352 3190 ab
1412 3124 1761 3190 huiusmodi
1819 3124 2356 3210 predicacionibus
2409 3125 2735 3191 retrahant
2790 3123 3224 3207 quoquomodo
3268 3123 3571 3190 constitu-

719 3229 1019 3313 cionibuS,
1082 3229 1448 3317 privilegiis,
1505 3231 1916 3315 indulgenciis
1964 3237 2026 3298 et
2069 3232 2296 3298 litteris
2342 3232 2700 3317 apostolicis
2744 3229 3139 3315 generalibus
3184 3229 3285 3297 vel
3329 3232 3571 3318 specia-

717 3335 914 3420 libus,
961 3357 1468 3422 quorumcunque
1511 3343 1800 3406 tenorum
1845 3339 2151 3422 existant,
2198 3359 2308 3425 per
2355 3359 2475 3423 que
2518 3338 2913 3424 presentibus
2954 3357 3081 3403 non
3126 3357 3427 3425 expressa
3468 3338 3569 3405 vel

717 3443 996 3510 totaliter
1039 3465 1166 3511 non
1209 3445 1450 3512 inserta
1492 3443 1744 3512 effectus
1801 3465 2017 3511 earum
2062 3445 2356 3532 impediri
2409 3446 2616 3512 valeat
2670 3445 3136 3532 quomodolibet
3186 3444 3287 3512 vel
3332 3444 3569 3512 differri

719 3557 784 3616 et
827 3550 904 3616 de
949 3551 1172 3635 quibus
1217 3572 1604 3638 quorumque
1647 3553 1796 3618 totis
1842 3553 2163 3618 tenoribus
2209 3553 2497 3620 habenda
2540 3553 2624 3619 sit
2664 3555 2731 3619 in
2774 3554 3008 3620 nostris
3050 3553 3279 3620 litteris
3324 3553 3565 3619 mencio

719 3657 1009 3743 specialis
1056 3663 1119 3724 et
1165 3658 1304 3725 aliis
1363 3659 1690 3726 contrariis
1735 3680 1862 3724 non
1909 3660 2299 3727 obstantibus
2336 3661 2822 3746 quibuscunque.
2902 3659 3071 3727 Nulli
3116 3680 3266 3744 ergo
3310 3659 3563 3726 omnino

717 3763 1042 3830 hominum
1096 3765 1282 3832 liceat
1322 3765 1484 3833 hanc
1527 3766 1820 3852 paginam
1867 3773 2080 3834 nostre
2126 3767 2539 3834 concessionis
2586 3773 2649 3834 et
2702 3767 3171 3835 constitucionis
3228 3767 3563 3851 infringere

717 3871 819 3937 vel
862 3872 920 3938 ei
964 3892 1119 3939 ausu
1163 3874 1496 3940 temerario
1522 3874 1870 3940 contraire.
1958 3873 2025 3939 Si
2073 3874 2211 3959 quis
2256 3880 2463 3941 autem
2510 3875 2625 3941 hoc
2670 3881 3047 3962 attemptare
3090 3875 3561 3962 presumpserit,

717 3977 1214 4062 indignacionem
1263 3981 1708 4067 omnipotentis
1765 3980 1862 4046 dei
1911 3987 1976 4047 et
2030 3981 2353 4048 beatorum
2399 3981 2571 4048 Petri
2628 3987 2691 4048 et
2734 3980 2914 4048 Pauli
2960 3982 3389 4068 apostolorum
3430 3982 3561 4048 eius

717 4105 786 4152 se
829 4086 1074 4154 noverit
1117 4087 1528 4154 incursurum.
1599 4087 1834 4154 Datum
1868 4087 2067 4154 Rome
2109 4089 2277 4174 apud
2312 4087 2609 4155 Sanctum
2641 4087 2895 4156 Petrum
2932 4109 2967 4154 v
2996 4089 3301 4156 kalendas
3344 4089 3561 4156 marcii

717 4191 1116 4279 pontificatus
1161 4196 1360 4261 nostri
1407 4216 1568 4262 anno
1613 4195 1872 4261 decimo.

927 4333 1015 4394 IV,
1041 4333 1201 4386 224sa
1261 4335 1367 4386 Ioh.
1391 4337 1476 4386 41.
1541 4336 1668 4386 Edd.
1697 4336 1962 4387 Caorsinus
1999 4351 2040 4385 c.
2068 4336 2127 4396 ὃς
2164 4335 2360 4387 Senner
2396 4335 2451 4386 F.
2640 4337 2684 4387 1.
2723 4337 3000 4388 constitutis
3036 4337 3096 4388 Β.

722 4554 896 4625 697.
939 4559 1113 4624 1399
1138 4560 1470 4643 februarii
1511 4561 1598 4626 25
1646 4562 1884 4625 Romae
1928 4563 2105 4646 apud
2148 4585 2196 4627 s.
2230 4563 2507 4628 Pet-rum.
2580 4563 2969 4647 Bomjt'acius
3012 4563 3117 4630 IX
3138 4565 3461 4649 fratribus
3506 4577 3561 4630 et

939 4667 1160 4732 oblatis
1208 4671 1450 4733 ordinis
1505 4668 1870 4734 Theutonici
1911 4670 2335 4756 indulyentias
2382 4673 2690 4756 quasdam
2735 4673 3029 4737 concedit.

937 4805 1293 4875 Bonifacins
1341 4810 1670 4896 episcopus
1715 4831 1932 4876 servus
1980 4831 2301 4876 servorum
2346 4811 2450 4876 dei
2506 4812 2584 4878 ad
2628 4819 2995 4899 perpetuam
3041 4813 3133 4880 rei
3175 4816 3557 4880 memoriam.

935 4914 1038 4980 Ad
1083 4935 1158 4982 ea
1202 4936 1278 4981 ex
1326 4916 1662 5002 apostolice
1709 4918 2029 4983 servitutis
2063 4917 2265 4986 officio
2294 4918 2561 4986 libenter
2588 4920 2991 5004 intendimuS,
3037 4941 3149 5009 per
3182 4941 3305 5006 que
3332 4921 3563 4988 Christi

722 5018 996 5087 fidelium
1047 5022 1394 5090 animarum
1453 5023 1642 5091 saluti
1695 5023 2028 5091 salubriter
2083 5026 2467 5112 providetur.
2548 5026 2800 5094 Dudum
2858 5028 3165 5114 siquidem
3220 5049 3339 5116 pro
3384 5033 3563 5117 parte
