3892 5609
1627 288 1945 338 nomm
2677 339 2680 345 .
3077 281 3224 355 133

366 445 539 518 132.
582 449 873 516 0.1237
957 449 1259 515 Fratrum
1304 449 1634 535 hospitalis
1680 453 1887 516 sancti
1928 449 2150 518 Iacobi
2201 453 2278 516 de
2321 452 2700 518 Andrevilla
2745 453 3032 540 querelae
3079 476 3226 520 con-

454 601 458 606 ,
582 567 686 620 tra
732 555 1073 623 Iohannem
1116 569 1585 644 praeceptorem
1626 579 1827 622 auum.

582 676 838 746 Fratres
871 681 1072 746 sancti
1093 679 1301 748 Iacobi
1331 686 1696 766 proponunt
1722 684 1943 747 contra
1969 679 2233 747 fratrem
2255 679 2595 749 Iohannem
2627 687 2692 748 et
2721 682 2955 766 dicunt,
2979 683 3230 769 quando

356 785 573 872 ipsum
616 785 903 852 fecerunt
944 791 1403 873 preceptorem,
1452 786 1618 870 quod
1662 785 1897 852 iuravit
1941 790 2008 852 et
2049 788 2343 872 promisit
2387 787 2551 854 bona
2593 787 2717 855 fide
2748 809 3002 856 servare
3033 790 3231 857 bonos

358 912 511 958 usus
560 896 625 958 et
666 893 1179 959 consuetudinem
1225 891 1475 976 regule,
1532 897 1598 958 et
1652 892 1978 978 promisit,
2038 893 2203 977 quod
2260 893 2421 960 alius
2464 895 2664 961 frater
2707 894 2930 961 domus
2975 895 3234 963 deberet

356 1005 615 1086 portare
658 999 916 1066 bursam
962 1005 1026 1065 et
1072 999 1426 1085 expendere
1471 1019 1574 1080 ea,
1635 1017 1757 1082 que
1800 998 2018 1064 domui
2075 985 2286 1066 essent
2341 1001 2728 1084 necessaria,
2785 1006 2848 1068 et
2894 1002 3061 1086 quod
3103 1023 3232 1068 non

359 1105 632 1172 debebat
662 1105 829 1171 solus
863 1105 1146 1190 equitare
1176 1105 1311 1172 sine
1343 1124 1468 1171 uno
1498 1105 1694 1170 fiatre
1724 1104 1825 1170 vel
1854 1104 2178 1191 capellano
2225 1105 2373 1172 boni
2415 1107 2724 1188 nominis3
2773 1107 2940 1191 quod
2976 1109 3230 1175 omnino

358 1231 488 1278 non
548 1213 853 1294 servavit3
912 1213 1079 1278 unde
1136 1214 1365 1278 fratres
1421 1211 1639 1278 dicunt
1694 1230 1837 1276 eum
1894 1211 2240 1296 periurum.
2331 1210 2702 1298 Proponunt
2756 1214 2953 1280 eciam
3012 1221 3234 1281 contra

360 1318 593 1403 ipsum,
651 1317 817 1402 quod
862 1319 999 1384 sine
1046 1339 1263 1386 eorum
1310 1317 1571 1385 consilio
1618 1317 1901 1384 vendidit
1945 1337 2161 1402 equos„
2215 1318 2590 1400 dextrarios,
2649 1319 2876 1404 mulos,
2934 1319 3122 1387 boves
3169 1327 3236 1388 et

360 1423 646 1508 bubalos,
691 1424 1005 1509 poledroS,
1050 1426 1459 1508 frumentum,
1506 1425 1721 1490 vinum
1770 1430 1834 1490 et
1878 1424 2106 1507 oleum,
2155 1431 2220 1491 et
2249 1424 2327 1490 de
2355 1424 2655 1492 thesauro
2686 1425 2910 1492 domus
2957 1428 3236 1504 extraxit

360 1550 587 1596 aurum
645 1535 708 1596 et
754 1537 1083 1614 argentum
1096 1581 1115 1616 ,
1175 1551 1551 1616 omnemque
1604 1531 1794 1598 istam
1850 1531 2221 1617 peccuniam
2268 1531 2443 1598 dedit
2485 1532 2595 1599 ubi
2641 1533 2845 1598 voluit
2897 1539 2963 1599 et
3007 1533 3234 1619 quibus

361 1635 563 1701 voluit
606 1637 743 1702 sine
786 1637 1055 1704 fratrum
1101 1638 1363 1706 consilio
1410 1643 1475 1705 et
1518 1657 1799 1720 assensu,
1848 1656 1990 1704 cum
2019 1637 2244 1720 regula
2269 1638 2457 1721 dicat,
2506 1638 2674 1723 quod
2705 1659 2919 1706 eorum
2953 1660 3236 1706 summus

361 1742 665 1826 magister
708 1763 837 1809 non
890 1745 1097 1830 possit
1145 1746 1297 1811 dare
1343 1743 1511 1810 ultra
1554 1743 1881 1810 dimidiam
1927 1743 2251 1810 marcham
2297 1744 2533 1829 absque
2577 1746 2846 1811 fratrum
2891 1765 3234 1829 consensu;

360 1849 531 1916 unde
574 1849 808 1917 fratres
850 1850 1099 1935 dicunt,
1158 1851 1326 1936 quod
1378 1855 1637 1936 propter
1683 1849 1845 1915 hanc
1889 1869 2148 1916 causam
2195 1850 2382 1917 debet
2425 1851 2718 1918 amittere
2762 1851 3038 1918 domum.
3120 1853 3238 1919 Di·-

362 1961 515 2022 cunt
573 1957 771 2022 eciam
830 1962 1050 2023 contra
1105 1959 1347 2043 ipsum,
1404 1956 1571 2042 quod
1617 1957 1679 2021 vi
1737 1956 1960 2022 habuit
2015 1977 2150 2022 rem
2207 1976 2349 2022 cum
2403 1957 2677 2042 quadam
2732 1977 2947 2025 sorore
2991 1959 3236 2045 domus,

364 2064 530 2129 sicut
569 2063 715 2149 ipsa
756 2063 1005 2148 publice
1049 2068 1393 2148 conquesta
1433 2063 1556 2130 fuit
1598 2063 1875 2153 capitulo
1914 2069 1980 2129 et
2009 2063 2252 2129 clericis
2287 2081 2360 2129 ac
2389 2062 2567 2130 laicis
2599 2063 3003 2133 secularibus.
3074 2064 3235 2132 Item

363 2174 728 2255 proponunt
768 2168 995 2248 fratres
1009 2219 1028 2253 ,
1086 2170 1253 2255 quod
1308 2169 1582 2236 habebat
1633 2170 1907 2257 puellas,
1969 2190 2111 2236 cum
2159 2169 2386 2255 quibus
2434 2170 2514 2236 ad
2559 2169 2810 2237 libitum
2859 2191 3044 2237 suum
3088 2192 3236 2238 con-

362 2275 701 2344 cumbebat
743 2282 809 2342 et
848 2281 1073 2364 postea
1099 2276 1440 2344 maritabat
1470 2279 1575 2342 eas
1606 2277 1813 2342 dando
1844 2277 1935 2344 eis
1967 2277 2134 2342 bona
2163 2276 2406 2360 domus,
2455 2297 2578 2361 que
2622 2277 2922 2343 fratribus
2972 2283 3036 2344 et
3078 2298 3235 2364 pau-

362 2383 621 2468 peribus
677 2402 937 2466 erogare
994 2382 1279 2450 debebat.
1369 2382 1525 2450 Item
1584 2382 1832 2466 dicunt,
1890 2383 2056 2468 quod
2113 2383 2415 2450 alienavit
2467 2383 2896 2470 possessiones
2952 2382 3234 2468 ecclesie,

364 2490 529 2556 sicut
574 2495 841 2577 apparet
884 2495 949 2556 et
991 2491 1398 2558 manifestum
1444 2494 1559 2556 est.
1640 2488 1880 2556 Dicunt
1922 2491 2142 2574 eciam,
2199 2490 2364 2575 quod
2411 2491 2548 2557 sine
2592 2489 2858 2557 licencia
2901 2495 2966 2556 et
3009 2490 3230 2557 volun·

362 2599 495 2662 tate
541 2616 757 2662 eorum
802 2598 1061 2664 recessit
1104 2598 1183 2664 de
1228 2597 1413 2663 domo
1474 2601 1539 2662 et
1590 2595 1714 2661 fuit
1768 2596 1937 2682 apud
1980 2596 2325 2663 lacinctum
2373 2596 2456 2664 ad
2499 2596 2756 2662 domum
2803 2597 3230 2682 predictorum

362 2703 663 2786 fratrum,
720 2724 841 2788 que
885 2704 1116 2771 dicitur
1160 2704 1363 2770 sancti
1406 2701 1671 2786 Leonis,
1730 2709 1796 2769 et
1840 2701 2087 2789 expulit
2140 2703 2287 2769 inde
2329 2703 2591 2769 fratrem
2644 2708 2710 2769 et
2753 2723 3064 2788 sororem,
3121 2705 3230 2788 qui

363 2810 571 2898 ipsam
602 2810 857 2876 domum
888 2811 1342 2894 custodiebant,
1389 2815 1453 2876 et
1493 2809 1764 2876 detinuit
1806 2829 1947 2876 eam
1978 2810 2043 2875 vi
2089 2814 2170 2892 et,
2219 2809 2384 2894 quod
2429 2810 2610 2894 peius
2657 2814 2772 2893 est,
2819 2809 2986 2877 bona
3028 2810 3228 2896 ipsius

365 2916 591 2982 domus
636 2915 811 2984 dedit
840 2916 1215 3004 Templariis
1261 2923 1345 3000 et,
1390 2915 1692 3001 quamdiu
1722 2916 1981 2998 ibifuit,
2029 2917 2191 2982 vixit
2231 2915 2572 2982 luxuriose.
2643 2914 2824 3000 Item,
2869 2917 3036 3000 quod
3081 2936 3230 2983 con-

365 3027 469 3089 tra
508 3022 864 3090 libertatem
910 3029 974 3090 et
1018 3024 1351 3109 privilegia
1394 3023 1617 3089 domus
1661 3022 1785 3088 fuit
1826 3021 2052 3088 Patras
2109 3027 2174 3088 et
2222 3023 2590 3108 impetravit
2635 3022 2714 3088 ab
2760 3022 3229 3108 archiepiscopo

366 3134 434 3195 et
488 3129 566 3195 ab
622 3129 819 3197 electo
865 3128 1162 3197 Olonensi
1218 3131 1606 3197 sentenciam
1662 3129 2334 3195 excommunicacionis
2394 3134 2458 3195 et
2513 3129 2836 3196 interdicti
2885 3129 3108 3197 domus
3166 3134 3231 3196 et

362 3236 655 3320 fratrum,
700 3255 841 3302 cum
889 3238 1177 3304 omnibus
1222 3242 1468 3305 constet
1496 3236 1755 3302 domum
1784 3235 1989 3301 sancti
2017 3234 2226 3301 Iacchi
2270 3239 2334 3301 et
2375 3254 2680 3321 personas
2723 3235 2814 3301 ibi
2858 3237 3230 3302 constitutas

368 3341 563 3408 alium
605 3341 921 3427 prelatum
955 3363 1083 3410 non
1112 3343 1343 3410 habere
1370 3343 1497 3409 nisi
1527 3343 1849 3408 dominum
1894 3361 2148 3428 papam.
2219 3341 2375 3408 Item
2407 3340 2644 3425 dicunt,
2692 3340 2860 3426 quod
2903 3343 3038 3408 sine
3082 3361 3230 3408 con-

366 3467 557 3514 sensu
600 3448 863 3516 fratrem
908 3451 1221 3536 quendam
1265 3448 1572 3515 violenter
1625 3449 1842 3534 rapuit
1895 3447 1976 3514 de
2027 3447 2212 3513 domo
2271 3453 2336 3513 et
2389 3447 2670 3530 fugiebat
2721 3447 2790 3512 in
2847 3468 2950 3529 θος
3009 3453 3233 3534 postea

364 3554 595 3620 fratres
638 3557 1017 3622 invenerunt
1058 3558 1265 3643 ipsum
1312 3556 1381 3622 in
1428 3556 1613 3621 domo
1658 3555 1899 3621 domini
1944 3552 2185 3620 Thome
2239 3560 2304 3620 et
2355 3559 2737 3636 rogaverunt
2787 3573 2960 3638 eum,
3016 3559 3090 3620 ut
3130 3575 3232 3620 re-

368 3659 535 3726 diret
588 3660 671 3726 ad
725 3661 1012 3745 domum,
1074 3662 1250 3728 cuius
1306 3682 1375 3728 se
1430 3662 1585 3727 dicit
1641 3681 1779 3729 esse
1832 3662 2125 3740 fratrem3
2185 3664 2250 3725 et
2302 3660 2558 3726 omnino
2613 3661 2930 3727 recusavit
2983 3661 3230 3727 dicens:

370 3765 749 3852 „Nunquam
782 3787 895 3834 evo
924 3767 1267 3852 vobiscum,
1317 3769 1466 3853 quia
1494 3788 1607 3834 vos
1653 3769 1803 3834 estis
1851 3787 1932 3834 ex
1975 3772 2157 3854 parte
2186 3765 2746 3846 Theutonicorum3
2795 3771 2859 3832 et
2901 3767 3043 3834 ideo
3086 3766 3231 3833 nolo

366 3869 638 3940 redire.“
709 3873 891 3940 Prior
936 3879 1001 3940 et
1040 3874 1269 3941 fratres
1314 3874 1639 3941 dixerunt:
1692 3874 1863 3958 „Nos
1892 3874 2195 3940 habemus
2225 3872 2510 3939 habitum
2541 3873 2743 3939 sancti
2771 3872 2998 3964 Iacobi,
3044 3892 3232 3957 quem

368 3985 441 4044 tu
481 3985 730 4066 portas,
788 3981 953 4046 unde
996 3981 1383 4066 precipimus
1429 3981 1545 4048 tibi
1594 4000 1708 4068 per
1752 3979 1930 4045 illam
1977 3980 2436 4062 obedienciam,
2491 3999 2680 4064 quam
2723 3969 2929 4045 fecisti
2975 3978 3235 4046 ecclesie

368 4086 571 4152 sancti
615 4086 856 4170 Iacobi,
918 4093 982 4153 et
1024 4106 1140 4171 per
1184 4086 1502 4170 habitum,
1562 4106 1748 4170 quem
1794 4093 2045 4172 portas,
2099 4091 2172 4152 ut
2215 4087 2432 4152 venias
2475 4085 2802 4154 nobiscum
2849 4085 2932 4152 ad
2975 4085 3234 4153 domum

365 4190 759 4274 nostram!“;
822 4193 990 4278 quod
1032 4194 1287 4259 omnino
1331 4193 1539 4259 facere
1586 4193 1919 4259 recusavit.
2001 4193 2158 4258 Item
2201 4191 2538 4278 privilegia
2580 4193 2803 4259 domus
2845 4191 3080 4258 furtive
3123 4193 3234 4259 ab·

366 4299 549 4366 stulit
592 4305 659 4367 et
700 4299 767 4364 in
811 4299 927 4365 tali
969 4299 1108 4365 loco
1153 4299 1477 4386 deposuit,
1537 4299 1703 4384 quod
1760 4299 1990 4366 fratres
2042 4318 2118 4366 ea
2158 4298 2463 4388 rehabere
2507 4318 2902 4384 nequaquam
2945 4305 3233 4408 possunt,

368 4426 487 4473 nec
544 4407 684 4492 ipse
736 4405 999 4473 reddere
1044 4405 1197 4472 vult.
1281 4405 1441 4472 Item
1502 4406 1639 4472 sine
1690 4405 2075 4472 conscientia
2115 4383 2386 4472 fratrum
2429 4405 2682 4490 navigio
2725 4405 2876 4472 fecit
2919 4399 3236 4493 asportari

365 4515 753 4580 frumentum
800 4511 879 4578 de
924 4513 1197 4599 quadam
1242 4513 1427 4579 domo
1473 4532 1725 4596 eorum,
1784 4533 1904 4596 que
1951 4513 2180 4579 dicitur
2222 4509 2554 4596 Rotumni,
2611 4517 2676 4579 et
2719 4513 3037 4596 nesciunt,
3085 4513 3236 4598 quid

366 4621 447 4687 de
489 4621 631 4706 ipso
676 4621 990 4687 frumento
1037 4620 1275 4687 fecerit.
1356 4618 1490 4685 Hec
1547 4623 1613 4710 et
1669 4618 1795 4685 alia
1848 4619 2036 4705 plura
2089 4619 2481 4704 perpetravit
2535 4623 2756 4685 contra
2807 4618 3088 4702 regulam
3132 4640 3236 4686 or·

364 4723 729 4813 dinemque¹
775 4727 997 4792 domus
1055 4725 1433 4793 destruendo
1490 4731 1555 4792 et
1610 4725 1976 4812 dissipando
2038 4725 2204 4792 bona
2261 4724 2551 4809 ecclesie,
2609 4745 2728 4810 que
2783 4725 2905 4792 sibi
2963 4747 3078 4812 per
3133 4746 3236 4794 co-

366 4853 557 4900 mune
602 4835 872 4899 fratrum
920 4832 1264 4919 capitulum
1300 4838 1447 4899 sunt
1474 4832 1899 4918 comprobata.
1967 4831 2247 4898 Tandem
2292 4832 2502 4916 ipsum
2549 4830 2821 4898 secundo
2863 4832 3096 4898 furtive
3137 4833 3237 4898 fu-

363 4942 641 5026 gientem
694 4941 927 5006 fratres
987 4945 1290 5026 ceperunt
1356 4945 1420 5006 et
1476 4945 1825 5026 posuerunt
1878 4939 1947 5005 in
2009 4937 2312 5006 custodia.
2405 4934 2536 5004 Nos
2595 4941 2806 5004 autem
2861 4937 3238 5006 Benedictus
