3892 5609
753 381 906 454 432
1492 427 1506 443 2
1733 395 2157 446 pemmonis
2200 394 2645 444 Roumomm

847 608 854 616 ¹
925 552 1338 619 Transsumptum
1355 552 1634 606 litterarum
1649 554 2036 622 archiepiscopis
2058 553 2341 605 coloniensi
2365 561 2419 606 et
2434 553 2861 620 Magdebnrgensi
2880 561 3031 620 atque
3048 554 3285 621 episcopo
3302 555 3613 606 Traieetensi

749 641 1096 708 inscriptas-um
1121 642 1292 694 datum
1307 643 1459 694 Brule
1483 643 1618 696 1332
1642 643 1748 694 iulii
1770 644 1836 694 19
1859 643 2048 696 factum
2070 643 2365 694 auctoritate
2390 652 2445 694 et
2460 643 2623 710 sigillo
2634 635 2895 705 Walrami,
2920 643 3285 711 archiepiscopi
3303 643 3613 696 Coloniemis

753 747 794 780 a.
819 730 882 781 R.
909 729 942 781 i.
979 747 1072 797 per
1107 731 1303 784 Italiam
1341 731 1758 784 archicancellarii
1803 719 1875 784 ¹ad
1910 731 2199 783 instantiam
2234 732 2400 782 fratris
2436 731 2672 784 Iohannis
2709 732 2775 783 de
2809 731 3059 784 Kettwich
3094 733 3283 784 ordinis
3318 732 3615 784 'l'heutoniei

747 817 992 883 originale
1029 835 1142 870 cum
1177 819 1340 886 sigillo
1377 829 1543 873 exstat
1575 821 1629 872 in
1665 821 1866 873 archivo
1899 821 2285 887 Regimontano.
2340 821 2495 872 Aliud
2532 822 2596 873 de
2636 821 2771 873 1386
2808 838 2922 887 aug.
2948 820 3015 872 23
3052 821 3286 874 Holmiae
3321 822 3375 872 in
3412 822 3613 873 archivo

749 906 914 972 regi03
949 906 1075 958 Livl.
1099 907 1240 959 U.B.
1279 925 1386 975 reg.
1423 927 1474 976 Ρ.
1492 909 1563 961 49
1599 927 1649 960 n.
1669 908 1790 962 782.
1847 909 1910 960 cf.
1937 909 2173 960 Schirren
2211 911 2313 976 p.9
2349 928 2399 961 n.
2420 909 2504 961 97.
2560 910 2623 962 A.
2647 911 2712 962 16
2748 928 2799 977 p.
2819 909 2889 960 82
2930 898 3215 975 ,33010ῃὶοῆ
3242 941 3303 948 -
3342 910 3615 977 Exempla

747 994 1024 1047 litterarum
1061 996 1434 1064 archiepiscopo
1471 998 1828 1064 salzburgensi
1871 1008 1922 1049 et
1958 997 2206 1065 episcopis
2244 999 2553 1066 Angustensi
2590 1015 2649 1050 ac
2684 999 2978 1050 Tridentino
3012 999 3391 1066 inscriptorum,
3440 999 3611 1050 datum

751 1081 944 1135 Bosani
973 1086 1108 1137 1338
1141 1086 1334 1138 ianuar.
1359 1087 1411 1149 5,
1447 1087 1636 1139 factum
1669 1104 1820 1138 manu
1855 1087 2037 1138 notarii
2074 1104 2240 1139 coram
2254 1085 2260 1092 “
2276 1089 2489 1139 testibus
2513 1097 2567 1138 et
2598 1105 2629 1140 a
2666 1087 2859 1140 duobus
2894 1088 3099 1154 collegis
3122 1089 3460 1156 subscriptum
3490 1089 3615 1155 orig.

748 1172 801 1224 in
837 1173 1038 1229 archivo
1059 1175 1445 1242 Regimontano.
1497 1177 1593 1228 Ed.
1619 1175 1744 1226 Livl.
1763 1175 1888 1226 U.B.
1915 1175 1983 1237 Π,
2021 1194 2071 1242 Ρ.
2094 1174 2193 1227 117
2229 1194 2279 1227 ιι.
2299 1163 2439 1228 869.
2478 1177 2891 1243 Transsumptum
2914 1177 3191 1229 litterarum
3220 1178 3615 1246 archiepiscopis

749 1262 1033 1315 'l'revirensi
1074 1272 1127 1315 et
1163 1263 1446 1316 Coloniensi
1491 1273 1642 1330 atque
1688 1265 1926 1332 episcopo
1960 1263 2178 1316 Metensi
2214 1265 2561 1331 inscriptorum
2574 1304 2589 1328 ,
2638 1265 2811 1318 datum
2848 1266 3138 1318 Constantio
3180 1266 3315 1318 1417
3354 1267 3528 1318 decbr.
3546 1265 3615 1316 22

748 1350 936 1402 factum
981 1351 1246 1404 autoritate
1294 1362 1347 1405 et
1393 1353 1556 1420 sigillo
1594 1353 1836 1415 conradi,
1871 1353 2097 1420 episcopi
2130 1353 2372 1406 Metensis
2384 1392 2400 1416 ,
2438 1353 2522 1420 qui
2558 1354 2653 1407 hoc
2687 1355 3015 1407 instrumento
3028 1394 3044 1418 ‚
3089 1374 3121 1407 a
3155 1355 3364 1408 notariis
3400 1355 3615 1422 publicis

749 1439 1047 1506 subscripto,
1084 1449 1188 1494 tres
1225 1444 1488 1495 canonicos
1523 1442 1823 1510 subdelegat
1857 1451 2233 1514 conservatores
2269 1453 2323 1494 et
2356 1443 2563 1506 iudices,
2601 1443 2871 1510 originale,
2914 1445 2995 1496 cni
3027 1461 3159 1496 nnnc
3194 1445 3342 1497 deest
3378 1443 3615 1511 sigillum,

753 1528 840 1580 nbi
877 1547 1044 1596 snpra.

755 1697 930 1769 678.
974 1700 1180 1783 (Inter
1211 1703 1388 1769 1320
1429 1705 1791 1790 septembris
1821 1705 1867 1771 5
1907 1717 1967 1771 et
2005 1705 2175 1772 1321
2222 1707 2577 1792 septembris
2608 1705 2706 1788 4.)
2776 1706 3087 1772 Iohannes
3111 1704 3335 1772 XXII
3346 1701 3361 1732 ²
3390 1709 3615 1792 repetit

970 1831 1033 1873 n.
1067 1809 1200 1876 669
1244 1811 1322 1876 de
1359 1809 1538 1878 1296
1581 1814 1871 1877 ianuarii
1914 1813 2022 1879 16.

967 1930 1273 1999 Iohannes
1311 1933 1640 2022 episcopus
1685 1955 1904 2002 servus
1945 1957 2271 2003 servorum
2316 1936 2420 2003 dei
2463 1936 2707 2004 dilectis
2749 1935 2897 2002 filiis
2942 1936 3241 2020 magistro
3289 1939 3357 2002 et
3396 1935 3617 2002 fratri-

746 2037 862 2104 bus
892 2044 1009 2107 etc.
1189 2039 1363 2110 Solet
1405 2062 1680 2110 annuere
1723 2079 1808 2090 —-
1853 2043 2177 2111 libertates
2222 2049 2285 2110 et
2328 2045 2757 2111 immunitates
2802 2079 2887 2088 —
2934 2042 3415 2110 communimus.
3486 2041 3617 2108 Da-

745 2151 880 2212 tum
927 2151 1042 2213 etc.
1093 2167 1255 2214 anno
1302 2149 1538 2233 quinto.

955 2270 1078 2320 Cum
1123 2270 1268 2322 dato:
1323 2289 1369 2321 a.
1397 2273 1430 2322 5
1475 2271 1752 2335 „Treviris“
1791 2273 1856 2323 A.
1890 2273 1957 2324 16
2003 2291 2053 2340 p.
2092 2272 2191 2325 117
2263 2275 2322 2325 Ῑιι
2370 2274 2719 2341 designatione
2764 2273 3079 2326 Mitoviensis
3124 2272 3317 2324 archivi
3356 2270 3613 2324 Heluian

748 2357 879 2408 1621
920 2357 1076 2410 delati
1121 2359 1302 2410 citatur
1337 2361 1472 2426 apud
1508 2360 1743 2414 Schirren
1788 2378 1839 2428 p.
1875 2362 1975 2413 134
2022 2379 2071 2414 n.
2102 2362 2206 2413 212
2247 2379 2358 2414 cum
2392 2363 2522 2415 falso
2559 2381 2691 2414 anno
2732 2362 2892 2414 1310:
2943 2361 3183 2414 Iohannis
3218 2378 3389 2429 papae
3422 2361 3611 2414 coniit-

743 2447 895 2498 matio
933 2447 1152 2500 omnium
1187 2467 1218 2500 a
1253 2448 1501 2516 prioribus
1535 2451 1683 2518 papis
1718 2450 1883 2504 ordini
1917 2467 2267 2504 concessorum
2302 2452 2689 2520 privilegiorum.

750 2649 924 2721 679.
967 2653 1145 2722 1336
1193 2656 1528 2754 februarii
1579 2657 1626 2724 8
1681 2655 1997 2724 Asinione
2060 2655 2183 2746 (ef.
2228 2659 2457 2747 aprilie
2502 2660 2652 2744 22).
2746 2661 3121 2724 Benedictus
3176 2657 3333 2724 XII
3386 2661 3613 2744 repetit

965 2785 1028 2826 n.
1061 2761 1199 2828 673
1244 2765 1322 2828 de
1360 2764 1539 2830 1307
1584 2768 1743 2830 maii
1769 2767 1877 2832 22.

965 2884 1340 2954 Benedictus
1370 2893 1487 2954 etc.
1533 2889 1774 2956 dilectis
1817 2889 1967 2957 filiis
2012 2892 2313 2975 magistro
2360 2895 2425 2957 et
2464 2891 2765 2957 fratribus
2809 2890 3141 2976 hospitalis
3184 2889 3369 2956 beate
3412 2887 3613 2956 Mal-ie

717 2991 1270 3079 ‘Theutonicorum
1315 2993 1798 3063 lerosolimitani
1845 3003 1963 3064 etc.
2178 2997 2337 3064 Cum
2385 3018 2423 3063 a
2466 2997 2647 3064 nobis
2694 3034 2777 3044 —
2822 2999 3303 3064 communimus.
3370 2995 3613 3062 Datum

743 3099 1054 3166 Avinione
1099 3101 1162 3166 vi
1206 3100 1348 3167 idus
1391 3103 1693 3171 februarii
1737 3105 2140 3190 pontificatus
2186 3105 2386 3171 nostri
2434 3125 2595 3170 anno
2642 3105 2933 3172 secunde.

956 3223 1078 3276 Cum
1112 3223 1259 3276 dato:
1292 3225 1543 3278 Avinione
1579 3225 1614 3277 6
1649 3227 1761 3278 idus
1797 3229 2035 3279 februarii
2071 3246 2121 3294 p.
2146 3246 2196 3279 n.
2223 3246 2269 3279 a.
2294 3227 2353 3280 2:
2404 3228 2502 3280 duo
2540 3227 2804 3293 originalia
2838 3243 2951 3279 cum
2986 3226 3134 3278 bullis
3170 3227 3220 3276 in
3259 3226 3463 3278 archivo
3502 3226 3610 3278 Re-

741 3311 1030 3378 gimontano
1079 3327 1140 3363 ex
1176 3314 1376 3366 archivo
1415 3315 1730 3368 cracoviensi
1766 3325 1862 3367 etc.
1899 3317 2105 3368 tandem
2145 3317 2243 3367 huc
2281 3317 2465 3368 delata.
2530 3316 2725 3368 ibidem
2760 3323 3153 3382 transsumptum
3188 3315 3459 3366 autoritate
3496 3318 3609 3382 epi·

741 3401 882 3466 scopi
917 3399 1231 3454 Revaliensis
1268 3403 1319 3454 d.
1338 3402 1388 3453 d.
1419 3403 1554 3455 1415
1591 3405 1760 3457 decbr.
1780 3407 1851 3456 24
1884 3407 2088 3458 factum.
2142 3406 2201 3457 In
2236 3413 2575 3471 transsumpto
2605 3405 2741 3456 1346
2776 3405 2911 3456 facto
2933 3406 2999 3455 A.
3024 3404 3089 3455 16
3122 3421 3175 3471 Ρ.
3198 3403 3265 3454 12
3296 3403 3611 3468 „venetiis“;

740 3489 806 3540 A.
829 3488 895 3539 16
929 3507 980 3556 p.
1000 3491 1068 3541 51
1111 3489 1364 3558 „Bm-uli&
1399 3493 1464 3543 A.
1489 3491 1554 3543 16
1589 3511 1640 3561 Ρ.
1661 3493 1730 3545 87
1773 3495 1981 3560 „Confl.‚
2017 3495 2267 3547 invenitur
2302 3493 2461 3546 eciam
2495 3495 2547 3545 in
2581 3493 2890 3545 Mechelinia
2922 3494 3017 3545 snb
3052 3491 3359 3544 Nicolaum
3395 3501 3449 3543 et
3470 3493 3609 3544 alind

741 3578 836 3629 sub
874 3577 1181 3630 Clemente“.
1225 3611 1286 3619 —
1337 3581 1458 3632 Cum
1503 3581 1649 3634 dato:
1703 3581 1952 3636 Avinione
1992 3583 2059 3634 10
2091 3583 2195 3634 kal.
2230 3583 2347 3634 maii
2384 3600 2432 3648 p.
2458 3599 2509 3633 n.
2534 3601 2581 3634 a.
2606 3582 2641 3632 2
2686 3581 2930 3648 originale
2976 3599 3088 3632 cum
3134 3581 3275 3632 bulla
3314 3581 3369 3632 in
3404 3582 3611 3634 archivo

740 3665 1112 3732 Regimontano
1145 3668 1320 3720 itidem
1345 3670 1584 3724 Oracovia
1617 3671 1824 3723 tandem
1857 3671 1957 3723 huc
1992 3673 2228 3724 delatum.
2280 3672 2659 3723 'l'ranssumtum
2696 3671 2745 3722 d.
2766 3671 2815 3722 d.
2850 3670 3193 3736 Marienburgi
3222 3669 3359 3722 1393
3396 3672 3517 3723 maii
3540 3669 3611 3722 29

741 3755 811 3807 ad
841 3757 1132 3808 instantiam
1153 3757 1444 3810 Wenemari
1455 3796 1471 3821 ‚
1505 3759 1733 3825 magistri
1769 3777 1861 3827 per
1895 3761 2155 3814 Lim-oniam
2167 3798 2183 3824 ,
2220 3761 2313 3812 snb
2348 3759 2524 3826 sigillis
2560 3759 2907 3827 episcoporum
2939 3759 3375 3812 wladislaviensis
3408 3771 3463 3810 et
3498 3761 3607 3812 lto-

740 3843 977 3897 valiensis
1014 3853 1164 3912 atque
1199 3848 1397 3900 abbatis
1433 3848 1499 3899 de
1522 3847 1739 3916 Polplin.
1799 3848 1994 3902 Ibidem
2016 3858 2182 3902 exstat
2209 3850 2345 3902 aliud
2368 3859 2725 3900 transsumtum
2750 3850 3019 3901 autoritate
3042 3849 3266 3916 episcopi
3290 3849 3611 3902 Reraliensis

741 3934 835 3987 sub
869 3933 1046 4001 sigillis
1082 3935 1323 4000 eiusdem,
1360 3936 1564 4003 capituli
1599 3936 1708 3990 cius
1743 3946 1796 3990 et
1831 3939 2027 3992 abbatis
2064 3940 2129 3991 de
2164 3939 2319 3991 Padis
2361 3937 2497 3992 1415
2534 3937 2703 3989 decbr.
2728 3936 2800 3988 24
2834 3937 3035 3990 factum.

748 4140 924 4211 680.
965 4143 1144 4210 1336
1173 4146 1400 4231 apsilis
1425 4145 1513 4211 22
1543 4145 1878 4212 Asinione.
1950 4147 2325 4212 Benedictus
2357 4145 2508 4211 XII
2530 4148 2753 4232 repetit
2779 4170 2841 4210 π.
2868 4145 3005 4212 679
3034 4147 3111 4211 de
3144 4145 3320 4212 1336
3337 4146 3515 4230 febr.
3538 4147 3604 4212 8.

959 4265 1334 4333 Benedictus
1381 4273 1494 4334 etc.
1544 4268 1786 4336 dilectis
1830 4269 1977 4337 filiis
2024 4261 2325 4354 m‘agistro
2371 4275 2435 4336 et
2476 4269 2777 4336 fratribus
2820 4268 3149 4356 hospitalis
3194 4268 3377 4337 beate
3404 4268 3607 4336 Μαι-16

741 4373 1260 4441 Theutonicorum
1293 4372 1776 4443 ierosolimitani
1818 4382 1934 4443 etc.
2170 4376 2328 4443 Cum
2374 4399 2413 4444 a
2454 4374 2636 4442 nobis
2681 4411 2765 4421 ——
2814 4375 3291 4443 communimus.
3366 4375 3603 4443 Datum

739 4479 1052 4548 Avinione
1097 4500 1140 4545 x
1185 4479 1310 4547 kal.
1357 4483 1510 4549 maii
1552 4481 1954 4570 pontificatus
1997 4485 2196 4550 nostri
2244 4503 2406 4551 anno
2451 4481 2744 4550 secundo.

745 4702 921 4774 681.
963 4653 1141 4772 134εέἸ
1183 4707 1530 4772 novembris
1571 4708 1618 4773 4
1663 4706 1981 4772 minione
2026 4704 2139 4791 (os.
2175 4706 2351 4773 1344
2393 4709 2613 4772 martia·
2650 4707 2771 4788 23,
2821 4706 2999 4772 1348
3040 4709 3204 4771 maci
3237 4706 3381 4788 21).
3466 4705 3597 4772 010-

959 4833 1130 4878 mm
1166 4813 1268 4879 VJ
1298 4816 1522 4900 repetit
1563 4837 1625 4877 n.
1657 4813 1794 4879 678
1838 4816 1914 4880 de
1956 4811 2285 4898 1320s21.

963 4933 1251 5004 Clemens
1295 4941 1414 5003 etc.
1470 4935 1714 5003 dilectis
1771 4935 1918 5004 filiis
1973 4938 2275 5020 magistro
2330 4941 2398 5004 et
2446 4937 2747 5006 fratribus
2803 4935 3133 5023 hospitalis
3151 4950 3160 4959 ⁸
3176 4937 3363 5005 beate
3386 4935 3599 5006 'Maris

739 5041 1264 5110 Thentonicorum
1306 5043 1787 5112 lerosolimitani
1831 5043 2098 5112 salutem
2144 5049 2209 5111 et
2252 5044 2658 5131 apostolicam
2704 5043 3219 5113 benedictionem.
3430 5043 3601 5112 Solet
