3892 5609
1361 318 1754 381 rmvnqnem
1797 331 2187 381 Genauam
2898 340 2903 345 ·
3050 320 3145 393 28
3158 320 3197 391 7

335 485 512 552 tinus
542 506 654 553 vos
697 486 823 575 ipsi
869 488 947 555 ab
992 488 1458 575 impedimentis
1501 488 1860 557 huiusmodi
1905 492 2158 578 penitus
2206 491 2522 559 desistatis
2556 496 2620 559 et
2648 496 2888 560 vestros
2920 492 3203 559 subditos

333 592 552 659 taliter
594 615 710 682 per
753 614 1078 662 censuram
1138 596 1623 664 ecclesiasticam
1681 598 2111 685 appellacione
2166 604 2413 665 remota
2472 600 2709 683 cogatis
2766 599 3085 666 desistere'
3122 598 3203 665 ab

337 700 606 785 eisdem,
655 700 819 786 quod
864 703 1016 769 dicti
1059 703 1285 771 fratres
1332 725 1521 791 super
1564 705 1686 773 hiis
1731 726 1860 773 non
1903 707 2150 794 possint
2193 706 2271 773 de
2317 713 2523 774 cetero
2572 706 2898 793 querelari.
2966 705 3202 773 Datum

332 806 638 875 Laterani
681 808 815 875 xvii
861 809 985 877 kal.
1029 809 1332 877 februarii
1375 812 1778 899 pontificatus
1823 813 2027 881 nostri
2072 832 2241 898 anno,
2282 834 2341 880 v.

550 931 670 984 Sine
707 932 850 983 dato.
900 933 952 995 Ι,
985 932 1053 983 73
1088 950 1142 985 ιι.
1165 934 1262 996 40;
1295 934 1375 998 ΙΙ,
1411 936 1482 987 98
1515 954 1566 987 ιι.
1596 935 1692 999 29,
1731 938 1795 987 Α.
1820 936 1891 987 20
1927 955 1980 989 ιι.
2003 936 2073 987 29
2108 935 2289 987 Latine
2325 944 2379 987 et
2414 936 2713 987 Germanice
2750 952 2861 987 cum
2894 944 3041 987 nota.
3096 936 3203 1001 „Et

335 1028 418 1072 est
449 1020 504 1071 in
537 1020 810 1088 Marpurg“
851 1029 947 1073 ete.
993 1021 1057 1074 D.
1082 1021 1168 1076 28.
1207 1052 1271 1063 -·-
1324 1024 1446 1075 Cum
1483 1024 1630 1077 dato.
1677 1025 1917 1079 Laterani
1952 1026 2053 1077 xvii
2087 1025 2191 1077 kal.
2226 1026 2353 1077 febr.
2391 1042 2441 1093 Ρ.
2466 1042 2517 1076 ιι.
2543 1041 2589 1076 a.
2616 1024 2667 1077 5.
2726 1024 2793 1077 A.
2820 1024 2885 1075 16
2932 1042 2983 1091 Ρ.
3009 1024 3077 1076 63
3120 1026 3201 1092 „in

333 1108 632 1177 Marpurg‘ss
813 1109 858 1162 1.
896 1111 1113 1163 exortari
1146 1111 1188 1163 1.

337 1382 517 1456 316.
557 1389 730 1456 1221
777 1392 1066 1455 ianuarii
1091 1390 1179 1457 16
1223 1390 1531 1456 Laterani
1573 1389 1686 1475 (cf.
1721 1392 1900 1499 1223
1925 1392 2101 1476 febr.
2136 1390 2229 1473 1).
2300 1392 2627 1457 Honorius
2658 1391 2783 1458 III
2814 1404 2979 1459 vetat
3009 1401 3199 1479 prae-
3314 1468 3337 1485 t

558 1495 717 1562 latos
757 1510 1003 1583 partem
1047 1500 1292 1563 tertiam
1337 1500 1553 1564 ordini
1601 1498 1978 1564 Theutonico
2028 1499 2375 1585 leqatorum
2410 1512 2640 1587 petere.

557 1628 872 1696 Honorius
903 1630 1232 1717 episcopus
1279 1651 1497 1697 servus
1531 1651 1858 1697 servorum
1901 1632 2004 1699 dei
2036 1632 2498 1700 venerabilibus
2543 1630 2861 1699 fratribus.
2892 1630 3201 1717 archiepi-

329 1735 539 1821 scopis
587 1742 650 1803 et
695 1738 1026 1823 episcopie,
1075 1744 1139 1804 et
1181 1737 1424 1805 dilectis
1459 1737 1606 1805 filiis
1635 1737 1989 1823 abbatibus,
2036 1740 2373 1825 prioribus,
2420 1739 2900 1822 archidiaconis,
2946 1738 3199 1805 decanis

331 1848 398 1909 et
442 1841 584 1909 aliis
630 1844 1034 1911 ecclesiarum
1079 1845 1360 1931 prelatis,
1410 1845 1490 1911 ad
1536 1864 1692 1930 quos
1736 1845 1944 1912 littere
1989 1846 2110 1913 iste
2156 1847 2579 1933 pervenerint,
2628 1846 2893 1913 salutem
2944 1852 3007 1913 et
3050 1866 3201 1932 apo-

331 1950 624 2017 stolicam
667 1950 1186 2021 benedictionem.
1411 1952 1646 2019 Dileeti
1689 1952 1802 2017 filii
1848 1953 2069 2037 nostri,
2098 1954 2343 2021 fratres
2388 1954 2718 2041 hospitalis
2761 1959 2977 2021 sancte
3004 1952 3203 2021 Marie

334 2057 858 2126 Theotonicorum
904 2058 1382 2125 Ierosolimitani
1400 2108 1419 2143 ,
1481 2080 1736 2143 gravem
1783 2057 2031 2126 contra¹
2075 2080 2187 2127 vos
2233 2061 2300 2127 in
2348 2061 2659 2129 auditorio
2710 2065 2926 2127 nostro
2943 2054 2967 2089 ¹
3010 2060 3201 2146 depo-

333 2184 516 2231 suere
573 2166 922 2251 querelam,
981 2166 1148 2252 quod
1202 2162 1346 2233 vos⁸
1401 2167 1658 2233 terciam
1711 2174 1965 2253 partem
2024 2188 2271 2252 eorum,
2343 2188 2464 2255 que
2519 2168 2645 2235 illis
2700 2167 2769 2233 in
2823 2171 3199 2234 testamento

329 2271 654 2358 legantur,
709 2274 1096 2359 extorquetis
1140 2271 1290 2360 pr0⁴
1333 2280 1540 2341 vestre
1586 2274 1928 2342 voluntatis
1983 2275 2245 2365 arbitrio
2302 2273 2380 2341 ab
2439 2270 2707 2342 eisdem‘
2766 2279 2833 2341 et
2875 2274 3001 2341 alia
3042 2274 3199 2360 ipsis

329 2380 703 2465 gravamina
756 2380 1130 2447 multimoda
1177 2382 1528 2465 irrogantes
1584 2400 1702 2467 pro
1745 2380 1975 2449 litteris
2032 2382 2267 2449 nostris
2316 2382 2557 2449 nullam
2603 2382 2694 2449 eis
2741 2382 2975 2449 curatis
3020 2380 3200 2447 iusti-

331 2488 486 2556 tiam
531 2488 847 2555 exhibere.
915 2486 1222 2567 Quoniam
1269 2488 1462 2571 igitur
1503 2487 1598 2554 sic
1624 2488 1804 2555 vobis
1848 2488 2071 2555 adesse
2099 2488 2410 2573 volumus,
2460 2490 2624 2576 quod
2669 2488 3034 2555 memoratis
3071 2487 3199 2553 fra-

329 2594 536 2662 tribus
592 2595 809 2663 deesse
863 2596 930 2661 in
986 2594 1237 2662 iusticia
1279 2595 1536 2661 minime
1582 2594 1934 2695 videamurg
2002 2596 2397 2666 universitati
2442 2600 2649 2663 vestre
2692 2616 2807 2683 per
2852 2594 3201 2681 apostolica

331 2698 608 2789 scripta⁸
639 2704 1024 2769 'mandamus
1079 2708 1267 2787 atque
1323 2702 1740 2789 precipimus,
1799 2704 2095 2788 quatinus
2150 2704 2230 2770 de
2275 2704 2396 2770 hiis
2410 2753 2429 2788 ,
2493 2724 2613 2788 que
2664 2701 3028 2770 memoratis
3072 2701 3199 2769 fra-

330 2809 534 2875 tribus
579 2809 810 2876 dantur
853 2809 931 2877 ab
977 2809 1290 2894 aliquibus
1334 2810 1400 2874 in
1447 2809 1716 2876 sanitate
1758 2808 1861 2875 vel
1903 2805 2005 2875 ἰιι7
2048 2808 2436 2894 infirmitate,
2492 2806 2663 2877 sive³
2708 2816 2927 2896 postea
2970 2828 3199 2875 conva-

325 2915 565 2983 luerint
617 2922 732 2984 aut
785 2917 952 3003 apud
1003 2912 1195 2985 alios⁹
1237 2916 1475 2983 fuerint
1526 2916 1852 3001 tumulati,
1909 2922 2155 3003 partem
2170 2912 2213 2946 ¹⁰
2260 2917 2536 3002 aliquam
2580 2938 2707 2984 non
2754 2916 3061 3003 queratis;
3120 2914 3198 2981 de

329 3024 474 3091 aliis
529 3044 680 3092 vero
737 3024 1166 3111 parrochianis
1222 3025 1481 3108 vestris,
1551 3024 1660 3109 qui
1726 3023 2083 3091 laborantes
2144 3025 2211 3091 in
2280 3026 2579 3092 extremis
2650 3024 2817 3111 apud
2879 3023 3197 3110 predictos

327 3131 558 3198 fratres
619 3131 860 3215 eligunt
911 3132 1195 3219 sepeliri,
1265 3127 1536 3217 quarta¹¹
1589 3132 1730 3198 sitis
1785 3132 2148 3198 testamenti
2204 3136 2387 3217 parte
2444 3132 2721 3198 contenti
2783 3150 2897 3197 nec
2958 3128 3198 3214 aliquid

328 3238 410 3307 ab
465 3240 556 3305 eis
616 3240 886 3327 amplius
933 3238 1219 3323 exigatis.
1313 3236 1436 3304 Sed
1492 3258 1609 3305 nec
1655 3238 2039 3324 sepulturam
2058 3288 2076 3322 ,
2134 3259 2322 3323 quam
2381 3260 2495 3325 per
2539 3238 3002 3322 indulgenciam
3046 3256 3197 3323 apo-

327 3345 546 3413 stolice
603 3347 770 3413 sedis
827 3346 1058 3413 habere
1111 3350 1487 3429 noscuntur,
1556 3345 1880 3413 occasione
1935 3346 2064 3412 ista
2120 3346 2450 3431 quisquam
2462 3342 2503 3377 ¹²
2555 3352 2831 3413 vestrum
2889 3343 3197 3430 impedire

325 3458 654 3540 presumat
665 3449 726 3520 ¹⁸.
781 3454 1018 3520 Taliter
1049 3458 1258 3520 autem
1305 3452 1383 3519 ab
1428 3452 1710 3539 ipsorum
1723 3450 1768 3483 ¹⁴
1810 3453 2115 3520 molestiis
2162 3460 2227 3519 et
2256 3473 2366 3519 vos
2398 3454 2711 3520 abstinere
2742 3458 2807 3519 et
2834 3448 3196 3538 parrochia-

233 3570 266 3604 '·
325 3581 444 3627 nos
490 3566 730 3628 vestros
775 3579 1170 3648 compescere
1215 3560 1540 3645 studeatis,
1589 3561 1756 3645 quod
1772 3557 1811 3591 ¹⁸
1855 3580 1973 3627 nec
2016 3560 2139 3646 ipsi
2184 3580 2301 3647 pro
2346 3560 2592 3627 defectu
2636 3560 2883 3627 iusticie
2926 3559 3007 3625 ad
3052 3578 3197 3644 pre-

327 3669 603 3736 senciam
657 3674 940 3735 nostram
992 3667 1280 3744 laborent
1346 3687 1461 3735 nec
1522 3688 1632 3735 vos
1691 3668 1768 3734 de
1822 3662 2267 3751 negligencia²⁸
2326 3666 2428 3733 vel
2482 3671 2844 3753 contemptu
2913 3664 3196 3733 mandati

327 3776 655 3863 apostolici
697 3770 1008 3863 possitis¹⁷
1051 3776 1276 3841 merito
1321 3774 1716 3861 reprehendi.
1783 3774 1914 3841 Nos
1962 3774 2151 3859 enim,
2198 3794 2341 3841 cum
2386 3760 2697 3841 universis
2728 3768 3014 3839 Christi¹‘⁵
3044 3761 3195 3838 fide-

321 3882 492 3949 libus
545 3878 794 3949 simus¹⁹
839 3902 920 3949 ex
975 3882 1256 3948 iniuncto
1311 3882 1492 3949 nobis
1563 3876 1830 3949 officio¹⁰
1887 3879 2237 3966 debitores,
2300 3881 2601 3967 predictis
2659 3878 2959 3946 fratribus
3017 3882 3192 3945 tanto

295 3990 559 4057 ·forcius
624 3995 912 4057 tenemur
978 3989 1226 4072 adesse,
1300 3994 1531 4074 quanto
1588 4009 1662 4055 ea
1675 4038 1694 4073 ,
1765 4009 1884 4073 que
1935 3988 2095 4075 ipsis
2156 3983 2507 4055 beneficia²¹
2564 3980 3049 4069 conferuntur&
3110 3984 3196 4051 ad

323 4096 628 4164 maiorem
697 4096 1017 4164 orientalis
1076 4091 1394 4164 eeclesie²¹⁸
1447 4096 1870 4163 defensionem
1927 4115 2053 4162 non
2114 4090 2267 4161 est²⁴
2322 4095 2579 4162 dubium
2646 4094 3009 4181 provenire3
3075 4112 3195 4161 nec

323 4224 550 4291 parum
597 4210 808 4292 potest
851 4204 1134 4271 divinum
1178 4204 1518 4271 formidare
1563 4202 1885 4287 iudicium,
1933 4202 2216 4288 quisquis
2264 4222 2390 4287 eos,
2437 4202 2565 4269 imo
2598 4200 2916 4270 Christum
2965 4202 3031 4267 in
3080 4201 3192 4286 eis,

321 4312 518 4378 fuerit
557 4316 922 4398 persecutus
934 4308 1002 4397 ²⁸,
1064 4331 1203 4378 cum
1251 4311 1532 4378 dicturus
1577 4310 1868 4376 dominus
1913 4310 1979 4377 in
2024 4308 2150 4377 fine
2195 4310 2469 4395 legatur:
2530 4308 2747 4395 „Quod
2794 4310 2904 4375 uni
2950 4328 3027 4375 ex
3074 4308 3193 4375 mi·-

320 4419 516 4487 nimis
557 4420 716 4487 meis
759 4420 1017 4503 fecistis,
1062 4418 1254 4486 michi
1299 4416 1600 4486 fecistis“.
1670 4418 1909 4485 Datum
1943 4416 2245 4493 Laterani
2288 4417 2423 4483 xvii
2466 4416 2592 4484 kal.
2638 4415 2940 4485 februarii
2984 4417 3192 4502 ponti·
3298 4474 3303 4481 .

320 4526 546 4593 ficatus
591 4526 792 4593 nostri
837 4545 1000 4594 anno
1045 4526 1284 4611 quinto.

537 4648 658 4701 Sine
693 4649 838 4701 dato:
874 4650 916 4712 Ι,
943 4647 1006 4700 71
1023 4665 1070 4700 v.
1107 4666 1158 4701 n.
1183 4648 1280 4709 353
1315 4648 1384 4710 11,
1409 4646 1534 4699 9⁷v.
1569 4664 1621 4699 ιι.
1647 4646 1745 4708 283
1783 4648 1846 4697 A.
1873 4647 1944 4699 20
1978 4664 2029 4698 n.
2054 4646 2123 4697 28
2166 4647 2345 4698 Latine
2380 4655 2435 4697 et
2458 4646 2757 4699 Germanice
2793 4664 2905 4699 cum
2938 4654 3087 4699 nota:
3124 4648 3193 4699 Et

323 4746 405 4791 est
439 4737 491 4789 in
527 4737 732 4789 Treveri
765 4746 861 4789 etc.
924 4737 1222 4789 Germanice
1257 4737 1322 4789 D.
1349 4736 1434 4789 27.
1475 4768 1536 4777 -
1589 4738 1710 4788 Cum
1748 4736 1893 4788 dato:
1943 4734 2180 4787 Laterani
2216 4736 2316 4786 xvii
2352 4734 2455 4786 kal.
2492 4735 2619 4786 febr.
2657 4752 2708 4801 p.
2734 4753 2781 4787 a.
2807 4736 2856 4785 5.
2911 4736 3000 4799 IV,
3030 4736 3131 4787 182
3143 4752 3189 4789 r.

323 4844 374 4879 ιι.
400 4826 435 4877 9
445 4846 462 4889 ς
509 4826 574 4878 Β.
599 4824 668 4877 66
705 4842 734 4877 e
772 4826 918 4878 domo
946 4825 1406 4891 Mergenthemensi
1440 4843 1491 4876 ιι.
1517 4826 1566 4877 5.
1609 4856 1670 4864 -
1707 4824 2183 4891 Mergenthemense
2220 4822 2462 4891 originale
2498 4840 2631 4875 nunc
2655 4824 2988 4876 Vindobonae
3024 4834 3104 4877 est
3137 4825 3191 4876 in

323 4916 526 4967 archivo
561 4914 748 4967 ordinis
785 4930 897 4966 cum
929 4914 1068 4965 bulla
1103 4914 1339 4981 plumbea
1375 4914 1425 4965 in
1461 4912 1557 4965 filis
1595 4914 1797 4966 sericeis
1834 4913 2172 4981 appendente.
2196 4944 2269 4956 —
2306 4913 2429 4963 Oum
2466 4912 2612 4964 dato:
2648 4912 2886 4964 Laterani
2920 4913 3024 4965 kal.
3060 4914 3189 4966 febr.

323 5022 376 5071 p.
399 5022 451 5055 ιι.
475 5022 524 5057 a.
549 5002 600 5055 7.
647 5004 710 5057 R..
739 5002 834 5055 141
875 5004 1005 5055 inter
1039 5002 1384 5056 Treverensia.
1433 5002 1496 5054 A.
1527 5002 1591 5055 16
1625 5020 1678 5070 p.
1709 5002 1808 5054 113
1849 5002 2148 5069 „Treviris“.
2314 5002 2359 5054 1.
2396 5002 2447 5053 in
2482 5000 2549 5054 11.
2674 5002 2725 5055 2.
2760 5001 2794 5053 i.
2821 5020 2867 5053 a.
2891 5020 2942 5055 ιι.
2956 4960 3597 5265 Vf-

2844 5284 2933 5341 s!
