3892 5609
1411 291 1799 342 valnneu
1843 293 2231 342 custumia
3080 282 3231 353 463

401 446 558 534 ipsis
603 451 823 515 contra
865 448 1234 532 magistrum
1276 454 1344 516 et
1384 450 1612 518 fratres
1656 451 1969 538 predictos
2013 473 2245 520 novum
2292 458 2357 521 et
2398 451 2687 520 illicitum
2739 451 3127 536 gravacionis
3174 457 3237 519 et

401 555 746 621 exactionis
789 555 1045 621 modum
1089 556 1484 642 exquirentes
1531 578 1830 644 personas
1873 558 2229 626 huiusmodi
2275 561 2365 626 eis
2412 560 2493 626 ad
2523 558 2813 626 ecclesias
2844 565 2907 626 et
2936 558 3235 626 beneficia

398 660 684 747 predicta
725 683 840 748 per
885 663 1132 730 eosdem
1177 665 1548 748 magistrum
1595 671 1657 734 et
1699 666 1924 733 fratres
1970 671 2361 752 presentatus
2410 666 2740 733 admittere
2794 671 2857 732 et
2908 666 2973 733 in
3020 685 3234 733 eorum

397 773 672 837 rectores
715 769 1042 838 instituere
1085 770 1361 839 indebite
1404 779 1716 858 recusant,
1760 773 1883 840 nisi
1926 792 2192 860 persone
2236 775 2371 860 ipse
2415 772 2811 840 medietatem
2858 793 2966 839 seu
2998 778 3230 839 certam

397 874 586 942 aliam
634 883 888 961 quotam
931 877 1244 945 fructuum
1292 885 1356 947 et
1397 885 1809 965 proventuum
1856 880 2047 967 primi
2093 881 2241 946 anni
2272 878 2670 947 ecclesiarum
2704 885 2766 946 et
2796 878 3231 946 beneficiorum

395 984 820 1069 predictorum
873 985 1056 1052 dictis
1117 985 1479 1071 ordinariiS,
1538 987 1618 1054 ad
1674 1007 1828 1072 quos
1881 986 2237 1054 huiusmodi
2294 986 2609 1054 institucio
2667 986 3077 1052 communiter
3132 986 3230 1053 vel

395 1088 649 1156 divisim
693 1091 984 1177 pertinet,
1029 1093 1447 1178 persolverint
1489 1094 1554 1161 in
1599 1095 1879 1180 ipsorum
1927 1093 2214 1178 magistri
2260 1099 2323 1161 et
2373 1095 2637 1160 fratrum
2696 1112 2769 1158 ac
2821 1113 3228 1179 personarum

393 1215 522 1263 non
566 1197 876 1266 modicum
921 1199 1331 1286 preiudicium
1380 1207 1445 1267 et
1486 1220 1840 1285 gravamen.
1932 1201 2135 1280 Quare
2191 1221 2306 1288 pro
2362 1206 2541 1287 parte
2592 1199 2899 1267 dictorum
2945 1192 3229 1284 magistri

395 1308 460 1369 et
501 1303 767 1372 fratrum
812 1305 991 1373 nobis
1033 1307 1155 1375 fuit
1187 1307 1508 1375 humiliter
1537 1308 1976 1395 supplicatum,
2022 1313 2095 1374 ut
2122 1328 2311 1394 super
2339 1307 2663 1395 premissis
2695 1307 2784 1375 eis
2816 1306 2893 1372 de
2924 1313 3227 1394 oportuno

393 1410 669 1478 remedio
713 1412 1041 1498 providere
1086 1413 1163 1481 de
1208 1415 1590 1498 benignitate
1634 1415 1978 1503 apostolica
2022 1415 2439 1499 dignaremur.
2515 1413 2643 1481 Nos
2688 1413 2910 1498 igitur,
2966 1434 3227 1498 quorum

393 1515 720 1586 desideriis
763 1519 995 1587 insidet
1035 1521 1263 1588 fratres
1308 1521 1479 1609 ipsos
1536 1521 1614 1588 ab
1670 1521 2177 1609 oppressionibus
2236 1521 2613 1608 quibuslibet
2666 1521 2860 1605 tueri,
2916 1520 3227 1588 huismodi

391 1625 952 1712 supplicationibus
995 1628 1275 1696 inclinati
1321 1628 1688 1696 discrecioni
1735 1633 1936 1696 vestre
1979 1649 2093 1716 per
2150 1628 2491 1716 apostolica
2546 1627 2782 1714 scripta
2834 1627 3223 1713 mandamus,

391 1738 697 1818 quatenus
744 1755 854 1802 vos
900 1733 997 1802 vel
1043 1734 1162 1802 duo
1210 1741 1320 1802 aut
1362 1756 1522 1803 unus
1567 1741 1843 1803 vestrum
1902 1756 2017 1822 per
2062 1755 2172 1802 vos
2228 1734 2329 1802 vel
2384 1735 2572 1802 alium
2632 1755 2740 1801 seu
2796 1734 2952 1801 alios
3010 1755 3225 1802 omnes

391 1846 456 1907 et
497 1841 774 1926 singulos
829 1841 1178 1909 ordinarios
1235 1843 1580 1929 predictos,
1637 1842 1891 1910 eciamsi
1950 1839 2493 1929 archiepiscopali,
2551 1841 2890 1930 episcopali
2950 1841 3045 1909 vel
3101 1843 3227 1910 alia

391 1946 610 2032 quavis
653 1948 1048 2034 prefulgeant
1090 1949 1412 2036 dignitate,
1462 1949 1539 2016 ad
1587 1969 1740 2035 quos
1787 1949 2083 2016 admissio
2131 1969 2537 2036 personarum
2584 1954 2649 2016 et
2674 1949 2993 2016 institucio
3024 1955 3223 2016 recto-

387 2074 528 2120 rum
573 2055 928 2122 huiusmodi
974 2057 1387 2124 communiter
1429 2055 1529 2124 vel
1575 2055 1821 2124 divisim
1869 2057 2145 2143 pertinet
2196 2063 2303 2124 aut
2356 2076 2472 2143 pro
2526 2061 2810 2142 tempore
2864 2055 3221 2144 pertinebit,

387 2166 459 2228 ut
509 2181 548 2227 a
589 2164 996 2252 percepcione
1048 2164 1400 2232 medietatis
1457 2184 1568 2230 seu
1622 2167 1808 2251 quote
1859 2164 2173 2231 fructuum
2234 2170 2297 2231 et
2350 2167 2763 2250 proventuum
2822 2162 3223 2230 ecclesiarum

388 2274 452 2335 et
495 2267 934 2338 beneficiorum
979 2271 1331 2338 huiusmodi
1374 2291 1615 2338 necnon
1663 2271 1802 2338 aliis
1850 2271 2280 2338 exactionibus
2337 2275 2401 2337 et
2450 2268 2915 2355 gravaminibus
2972 2271 3221 2356 penitus

385 2376 768 2445 abstinentes
815 2379 984 2444 omni
1027 2377 1390 2445 difficultate
1434 2383 1715 2446 cessante
1758 2399 2057 2465 personas
2101 2377 2398 2465 ydoneus,
2452 2397 2606 2464 quas
2650 2376 2879 2464 prefati
2923 2378 3222 2462 magister

293 2499 306 2510 ·
386 2490 450 2551 et
491 2484 718 2552 fratres
765 2484 845 2552 ad
889 2483 1182 2552 ecclesias
1229 2491 1293 2552 et
1334 2485 1634 2553 beneficia
1677 2485 2055 2574 supradicta,
2100 2485 2167 2552 in
2214 2477 2437 2571 quibus
2482 2489 2554 2551 ut
2595 2484 2905 2571 prefertur
2960 2485 3057 2550 ius
3111 2484 3220 2552 ob-

385 2592 590 2658 tinent
631 2597 997 2678 patronatus
1043 2592 1176 2660 sive
1219 2592 1622 2680 presentandi
1665 2593 1962 2660 vacancia
2006 2598 2069 2659 et
2110 2593 2519 2679 imposterum
2575 2596 2875 2658 vacatura
2928 2591 3223 2658 duxerint

381 2697 853 2785 presentandus,
900 2704 1088 2786 prout
1130 2699 1208 2765 ad
1253 2719 1359 2766 eos
1406 2701 1816 2768 communiter
1859 2699 1961 2767 vel
2005 2700 2257 2767 divisim
2315 2698 2715 2787 pertinuerit,
2772 2697 3219 2784 impedimento

381 2810 665 2873 cessante
693 2806 1021 2891 legittimo,
1067 2827 1222 2893 pure
1253 2807 1448 2874 libere
1479 2812 1542 2874 et
1570 2808 1802 2893 absque
1834 2807 2045 2893 aliqua
2074 2807 2397 2874 exactione
2433 2805 2762 2872 admittere
2793 2806 2950 2872 etin
2982 2825 3216 2890 eornm,

381 2913 464 2981 ad
508 2934 628 2999 que
673 2913 764 2980 sic
807 2919 1166 3001 presentato
1208 2913 1471 2998 fuerint,
1531 2915 1930 2982 ecclesiarum
1986 2920 2051 2982 et
2092 2913 2529 2981 beneficiorum
2573 2917 2847 2979 rectores
2891 2912 3217 2979 instituere

380 3040 508 3087 non
549 3026 948 3108 postponant,
995 3021 1553 3107 quocienscumque
1597 3041 1753 3107 opus
1796 3021 2006 3105 fuerit,
2054 3021 2423 3088 auctoritate
2468 3018 2811 3107 apostolica
2851 3039 2966 3107 per
2994 3037 3213 3086 censu·

377 3147 517 3194 ram
562 3127 1044 3196 ecclesiasticam
1088 3126 1459 3214 compellere
1505 3133 1568 3196 et
1611 3128 2049 3195 nichilominus
2096 3127 2151 3194 si
2192 3127 2318 3212 illi,
2374 3126 2455 3193 ad
2502 3147 2654 3211 quos
2708 3125 3063 3192 huiusmodi
3115 3127 3212 3192 in·

378 3235 744 3303 stituciones
787 3235 1203 3321 pertinuerint
1245 3234 1470 3302 debitis
1513 3256 1639 3302 non
1683 3237 1960 3302 contenti
2002 3233 2243 3301 iuribus
2288 3233 2522 3320 absque
2566 3233 2821 3300 alterius
2864 3233 3212 3300 vexationis

377 3341 512 3408 sive
557 3341 899 3409 exactionis
945 3363 1130 3409 onere
1174 3361 1474 3429 personas
1517 3341 1872 3410 huiusmodi
1916 3343 1985 3408 in
2031 3341 2307 3409 ecclesiis
2354 3345 2418 3407 et
2460 3339 2775 3407 beneficiis
2803 3340 3099 3427 predictis
3132 3341 3210 3406 ad

378 3468 500 3534 que
543 3454 900 3536 presentata
942 3449 1176 3516 fuerint
1219 3469 1335 3538 pro
1379 3455 1662 3537 tempore
1705 3449 2035 3517 instituere
2078 3448 2504 3516 recusaverint
2560 3448 2692 3514 sive
2744 3447 2911 3515 infra
2962 3466 3210 3534 compe—

375 3560 612 3622 tentem
657 3557 746 3624 eis
791 3577 979 3643 super
1021 3557 1140 3624 hoc
1181 3577 1298 3645 per
1354 3577 1465 3624 vos
1518 3563 1628 3624 aut
1680 3577 1875 3623 unum
1929 3561 2207 3625 vestrum
2268 3554 2662 3623 statuendum
2720 3553 3207 3642 peremptorium

373 3663 712 3730 terminum
757 3664 1145 3750 distulerint,
1204 3668 1432 3731 extunc
1447 3713 1466 3748 ,
1517 3684 1596 3731 ne
1641 3664 1963 3732 occasione
2006 3663 2407 3731 vacacionum
2464 3662 2800 3730 earundem
2854 3661 3209 3730 huiusmodi

373 3771 634 3840 ecclesie
679 3775 742 3839 et
783 3769 1082 3840 beneficia
1123 3773 1190 3838 in
1237 3771 1665 3859 spiritualibus
1711 3777 1776 3840 et
1819 3771 2265 3858 temporalibus
2320 3769 2695 3838 detrimenta
2746 3770 3075 3856 paciantur
3128 3769 3207 3836 ad

372 3879 801 3946 instituciones
829 3878 1168 3967 procedere
1197 3879 1540 3948 antedictas
1571 3899 1784 3948 omnes
1817 3885 1880 3946 et
1909 3877 2185 3964 singulas
2217 3877 2901 3960 excommunicacionis,
2946 3896 3208 3964 suspen-

371 3987 570 4055 sionis
615 3991 679 4054 et
721 3986 1043 4055 interdicti
1087 3987 1447 4071 sententias,
1496 4007 1649 4072 quas
1693 3991 1955 4074 propter
1999 3985 2309 4073 premissa
2352 3985 2417 4051 in
2446 3984 2838 4069 magistrum,
2882 3985 3110 4051 fratres
3144 3989 3209 4050 et

371 4113 672 4181 personas
715 4093 1164 4182 presentandas
1207 4113 1447 4162 necnon
1491 4093 1784 4162 ecclesias
1831 4099 1894 4162 et
1936 4093 2237 4161 beneficia
2278 4090 2633 4158 huiusmodi
2676 4111 2789 4178 per
2828 4091 3002 4178 ipsos
3038 4089 3207 4158 ordi-

369 4202 582 4268 narios
627 4201 1090 4288 quomodolibet
1131 4200 1518 4289 promulgari
1561 4201 1923 4286 contigerit,
1978 4200 2191 4269 irritas
2238 4203 2303 4266 et
2342 4199 2561 4266 inanes
2606 4199 2939 4266 decernere
2993 4205 3057 4266 et
3098 4197 3205 4265 de-

369 4309 612 4377 clarare
655 4310 916 4394 curetis,
970 4329 1098 4376 non
1153 4309 1468 4395 obstante,
1527 4309 1582 4376 si
1638 4308 1870 4376 eisdem
1927 4307 2261 4374 ordinariis
2304 4306 2406 4373 vel
2462 4306 2783 4394 quibusvis
2839 4304 2982 4372 aliis
3036 4324 3201 4371 com-

368 4417 644 4484 muniter
687 4416 787 4484 vel
832 4417 1079 4484 divisim
1127 4437 1166 4482 a
1209 4417 1356 4484 sede
1401 4414 1742 4504 apostolica
1785 4415 1870 4481 sit
1911 4414 2257 4498 indultum,
2318 4413 2481 4499 quod
2525 4413 2847 4498 interdici,
2904 4412 3204 4500 suspendi

366 4523 470 4591 vel
513 4523 1042 4592 excommunicari
1086 4543 1213 4591 non
1257 4524 1504 4610 possint
1547 4543 1659 4611 per
1701 4521 1944 4590 litteras
1992 4521 2365 4610 apostolicas
2416 4541 2542 4588 non
2595 4521 2896 4588 facientes
2951 4520 3203 4608 plenam

367 4637 432 4698 et
475 4651 836 4718 expressam
883 4651 957 4698 ac
1001 4631 1078 4697 de
1120 4631 1308 4699 verbo
1357 4631 1436 4698 ad
1479 4630 1738 4698 verbum
1784 4630 1861 4697 de
1903 4629 2147 4698 indulto
2192 4629 2549 4697 huiusmodi
2598 4629 2995 4697 mentionem.
3072 4628 3201 4696 Da-

363 4743 498 4804 tum
545 4738 812 4807 Viterbii
857 4739 972 4806 viii
1008 4737 1134 4805 kal.
1183 4738 1449 4806 octobris
1495 4735 1892 4826 pontificatus
1935 4738 2137 4806 nostri
2180 4757 2345 4805 anno
2388 4737 2601 4805 tercio.

574 4879 666 4942 IV,
700 4879 821 4932 248.
