3892 5609
680 287 832 363 282
1473 278 1479 294 ‘
1653 299 2079 349 Ponrmctm
2122 298 2571 349 aomanorum

674 476 808 511 nunc
827 457 1158 510 vindobonae
1195 466 1288 509 est.
1352 458 1398 509 E
1434 458 1653 525 copiario
1689 476 1824 511 saec.
1851 476 1915 510 xv
1952 458 2269 519 ed..Hennes
2304 459 2347 521 1,
2384 458 2457 509 54
2490 474 2542 509 n.
2566 456 2651 509 50.
2682 486 2745 495 -
2786 458 2909 509 Cum
2946 456 3090 510 dato:
3126 457 3371 511 Laterani
3402 457 3441 509 ii
3474 458 3539 510 id.

673 548 864 600 ianuar.
901 564 952 613 p.
977 564 1026 597 n.
1053 566 1100 599 a.
1119 546 1150 598 ’1
1181 546 1468 613 „Venetiis“
1510 547 1574 599 A.
1607 547 1668 599 16
1705 566 1757 615 p.
1783 548 1879 609 223
1934 548 2077 613 „Hoc
2112 547 2433 615 privilegium
2467 547 2717 599 invenitur
2752 547 2910 599 eciam
2945 546 2997 599 in
3020 546 3357 599 Mechelinin“
3398 565 3451 615 p.
3475 546 3539 599 67

671 635 726 687 in
760 636 1001 703 margine.
1030 666 1094 674 —
1122 636 1244 687 Cum
1281 635 1428 687 dato:
1465 636 1705 687 Laterani
1737 636 1842 689 kal.
1869 637 1975 688 iulii
2011 656 2061 704 p.
2088 656 2133 688 a.
2170 638 2249 689 10.
2307 637 2393 688 Or.
2429 637 2531 688 iam
2566 636 2754 687 dudum
2790 636 2966 687 domus
2984 634 3397 689 Vindobonennia
3433 652 3545 687 oum

671 722 810 776 bulla
844 725 895 775 in
931 725 1030 777 filis
1065 724 1267 777 sericeis
1305 742 1532 791 appensa
1565 726 1618 777 in
1649 722 1850 779 archivo
1877 726 1969 791 ois.
1995 726 2134 778 (rhei.
2154 725 2549 779 vindobonensi.
2732 726 2778 777 1.
2815 724 3044 791 spiialern
3079 725 3122 787 1,
3160 725 3299 777 sedis
3335 734 3539 792 aposto-

673 812 770 865 lice
803 813 869 865 A.
895 813 980 865 20.
2076 822 2083 829 ’

677 1062 720 1135 3
735 1062 853 1134 10.
893 1065 1065 1133 1221
1125 1068 1415 1131 ianuarii
1451 1066 1540 1133 15
1595 1066 1920 1132 Laterani.
2002 1062 2329 1133 Honorius
2372 1065 2497 1132 III
2540 1068 2989 1151 intepretatur
3042 1067 3545 1131 constitutionem

893 1173 1335 1260 apostolicam,
1383 1186 1456 1239 ut
1499 1176 1741 1239 ordinis
1796 1171 2166 1240 Theutonici
2204 1173 2463 1239 novalia
2508 1185 2565 1238 et
2606 1172 2776 1237 aliae
2816 1184 3048 1254 terrae,
3098 1194 3257 1259 quos
3290 1172 3541 1258 fratres

887 1284 1175 1367 propriis
1221 1281 1510 1347 manibus
1555 1292 1667 1345 aut
1695 1281 2045 1367 sumptibus
2076 1282 2379 1363 excolant,
2429 1304 2537 1346 seu
2565 1280 2940 1347 animalium
2982 1282 3115 1345 eius
3158 1284 3541 1348 amr-absente

891 1391 1149 1453 minime
1191 1389 1445 1455 decimis
1492 1400 1840 1455 onerentur.
1910 1389 2090 1455 Iubet
2130 1390 2464 1455 violatores
2491 1389 2784 1475 fratrum
2829 1390 3375 1454 excommunicari.

893 1528 1209 1595 Honorius
1256 1530 1588 1617 episcopus
1643 1506 1862 1597 servus
1923 1548 2246 1597 servorum
2304 1529 2404 1597 dei
2462 1527 2919 1596 venerabilibus
2971 1528 3277 1597 fratribus
3335 1529 3543 1597 archi-

672 1635 984 1724 episcopis
1030 1642 1093 1703 et
1139 1636 1415 1723 epicopis
1462 1642 1525 1703 et
1571 1636 1814 1705 dilectis
1859 1635 2008 1703 filiis
2055 1637 2415 1721 abbatibus,
2472 1634 2823 1723 prioribus,
2881 1635 3339 1705 archidiaconis
3354 1688 3375 1721 ,
3432 1637 3541 1703 de·

669 1744 842 1810 canis
889 1749 952 1810 et
995 1743 1136 1809 aliis
1184 1744 1587 1810 ecclesiarum
1630 1743 1910 1831 prelatis,
1958 1743 2041 1810 ad
2084 1763 2239 1829 quos
2283 1744 2494 1811 littere
2536 1743 2659 1811 iste
2701 1744 3124 1829 pervenerint,
3174 1743 3447 1835 salutem
3475 1749 3543 1811 et

671 1850 1078 1937 apostolicam
1113 1849 1625 1918 benedictionem.
1806 1850 2183 1917 Audivimus
2214 1857 2278 1918 et
2306 1850 2629 1918 audientes
2659 1850 2874 1916 mirati
2904 1870 3141 1936 sumus,
3174 1850 3364 1936 quod,
3396 1870 3539 1917 cum

671 1922 916 2025 difectis
969 1956 1116 2024 filiis
1180 1957 1482 2024 fratribus
1552 1957 1882 2043 hospitalis
1939 1963 2154 2025 sancte
2210 1956 2408 2025 Marie
2462 1956 2984 2024 Theotonicorum
3051 1957 3538 2025 lerosolimitani

671 2064 1035 2131 duxerimus
1079 2064 1549 2149 indulgendum,
1597 2071 1669 2132 ut
1711 2065 1790 2133 de
1832 2064 2173 2148 laboribus,
2222 2084 2376 2149 quos
2406 2064 2681 2151 propriis
2714 2064 3007 2131 manibus
3040 2070 3149 2132 aut
3179 2065 3537 2152 sumptibus

671 2171 982 2255 excolunt,
1031 2172 1267 2238 nemini
1312 2170 1588 2238 decimas
1613 2172 1876 2261 ⁸solvere
1906 2178 2256 2254 teneantur,
2305 2172 2561 2257 quidam
2610 2172 2686 2239 ab
2718 2172 2811 2238 eis
2840 2171 3283 2239 nichilominus
3316 2178 3537 2239 contra

670 2280 1132 2347 concessionem
1177 2286 1459 2346 nostram
1490 2278 1764 2347 decimas
1810 2281 2063 2363 exigere
2108 2298 2182 2345 ac
2226 2283 2599 2364 extorquere
2646 2276 3043 2367 presumunt¹
3090 2286 3157 2346 et
3184 2300 3389 2367 prava
3428 2278 3535 2348 ac'

669 2386 926 2455 sinistra
955 2387 1472 2473 interpretatione
1503 2386 1979 2473 privilegiorum
2010 2391 2369 2452 nostrorum
2410 2386 2754 2472 capitulum
2785 2370 3215 2474 pervertentes
3247 2393 3535 2457 asserunt

668 2492 746 2561 de
791 2493 1120 2561 novalibus
1165 2491 1393 2560 debere
1422 2492 1709 2577 intelligi,
1757 2494 1867 2561 ubi
1897 2493 1975 2559 de
2005 2493 2323 2560 laboribus
2354 2494 2634 2559 noscitur
2665 2514 2799 2560 esse
2830 2495 3155 2580 scriptum.
3226 2493 3530 2574 Quoniam

561 2649 564 2659 .
667 2601 863 2686 igitur
908 2599 1308 2666 manifestum
1357 2605 1454 2666 est
1497 2602 1807 2686 omnibus,
1855 2600 1962 2687 qui
2007 2605 2174 2667 recte
2218 2601 2493 2687 sapiunt,
2554 2598 3139 2687 interpretationem
3178 2600 3533 2669 huiusmodi

619 2692 622 2697 ¹
665 2728 1032 2796 perversam
1077 2727 1216 2774 esse
1261 2714 1325 2773 et
1367 2706 1714 2774 intellectui
1760 2728 1912 2775 sano
1960 2708 2361 2791 contrariam,
2414 2726 2555 2775 cum
2602 2708 2941 2775 secundum
2988 2706 3334 2796 capitulum
3378 2700 3533 2775 illud

667 2836 706 2883 a
760 2815 1070 2882 solutione
1124 2814 1506 2881 decimarum
1565 2821 1693 2881 tam
1752 2814 1831 2882 de
1885 2815 2074 2881 terris
2127 2814 2289 2900 illis,
2346 2834 2501 2900 quas
2556 2810 2885 2883 duxerint³
2931 2814 3031 2882 vel
3086 2816 3403 2883 deducunt
3452 2816 3533 2883 ad

667 2922 928 3008 cultum,
976 2942 1162 3008 quam
1209 2921 1286 2988 de
1331 2923 1517 2989 terris
1565 2924 1756 2989 etiam
1803 2923 2009 3006 cultis,
2057 2942 2211 3008 quas
2256 2922 2533 3009 propriis
2578 2922 2867 2990 manibus
2889 2922 2993 2991 vel
3037 2923 3393 3011 sumptibus
3424 2945 3531 2992 ex-

665 3030 908 3114 colunt,
967 3029 1150 3096 liberi
1195 3029 1322 3095 sint
1365 3030 1618 3115 penitus
1665 3034 1728 3096 et
1768 3030 2101 3113 immunes,
2148 3026 2261 3097 ne⁴
2306 3030 2469 3096 ullus
2513 3035 2735 3097 contra
2775 3050 2881 3097 eos
2926 3031 3255 3098 materiam
3300 3032 3529 3100 habeat

663 3136 1084 3222 malignandi,
1143 3137 1542 3203 universitati
1585 3144 1792 3204 vestre
1836 3157 1953 3224 per
1998 3136 2343 3223 apostolica
2386 3138 2623 3224 scripta
2666 3136 3038 3204 mandamns
3094 3144 3283 3224 atque
3322 3142 3528 3227 preci-

663 3245 894 3332 pimus,
942 3249 1246 3329 qnatenus
1291 3243 1582 3311 omnibus
1629 3244 2059 3330 parrochianis
2106 3246 2331 3312 vestris
2390 3246 2765 3312 auctoritate
2808 3244 3155 3333 apostolica
3196 3246 3527 3333 prohibere

663 3352 926 3437 curetis,
978 3371 1061 3418 ne
1107 3372 1146 3417 a
1188 3350 1553 3417 memoratis
1597 3350 1898 3417 fratribus
1945 3351 2025 3419 de
2070 3352 2397 3419 novalibus
2452 3352 2555 3418 vel
2596 3352 2675 3419 de
2724 3352 2863 3419 aliis
2904 3353 3115 3438 terris,
3170 3372 3328 3437 quas
3380 3374 3525 3441 pro-

663 3458 820 3547 priis
879 3458 1168 3526 manibus
1227 3463 1336 3523 aut
1379 3458 1732 3546 sumptibus
1793 3458 2119 3544 excolunt,
2186 3480 2298 3528 seu
2352 3460 2429 3527 de
2483 3459 2887 3526 nutrimentis
2946 3459 3317 3527 animalium
3366 3460 3527 3529 ulla-

660 3565 877 3634 tenus⁵
921 3567 1193 3634 decimas
1249 3565 1502 3649 exigere
1555 3565 1656 3633 vel
1695 3562 2197 3652 quomodolibet⁸
2240 3572 2613 3653 extorquere
2654 3572 3041 3654 presumant.
3132 3566 3294 3646 Quia
3347 3565 3525 3637 vero'

659 3694 790 3741 non
834 3679 931 3740 est
973 3672 1350 3741 conveniens
1393 3672 1496 3739 vel
1537 3672 1900 3758 honestum,
1960 3680 2032 3740 nt
2075 3679 2297 3741 contra
2350 3674 2517 3741 sedis
2564 3674 2905 3761 apostolice
2952 3674 3377 3759 indulgentias
3431 3681 3529 3744 te-

661 3800 834 3848 mere
877 3781 1186 3864 veniatur,
1234 3800 1354 3866 que
1397 3780 1824 3847 inviolabilem
1865 3779 2228 3848 firmitatem
2261 3781 2541 3848 obtinere
2572 3780 2888 3865 deberent,
2934 3782 3307 3849 mandamus
3347 3784 3525 3851 vobis

659 3887 1047 3973 firmiterque
1090 3888 1494 3975 precipimus,
1539 3893 1629 3971 ut,
1663 3888 1715 3954 si
1751 3878 1872 3973 qui'
1889 3888 2197 3972 monachi,
2229 3889 2533 3972 canonici,
2578 3887 2789 3955 clerici
2820 3888 2920 3956 vel
2957 3888 3105 3956 laici
3133 3895 3355 3957 contra
3394 3890 3523 3977 pri-

661 3996 888 4081 vilegia
946 3994 1114 4062 sedis
1173 3994 1512 4081 apostolice
1571 4000 1951 4062 memoratos
1996 3996 2225 4062 fiatres
2270 4015 2461 4082 super
2504 3996 2887 4064 decimarum
2934 3996 3259 4065 exactione
3298 4018 3523 4083 grava-

658 4103 897 4188 verint,
952 4102 1147 4169 laicos
1203 4102 1864 4169 excommunicationis
1919 4103 2235 4171 sententia
2284 4102 2693 4190 percellentes
2706 4154 2726 4189 ,
2775 4103 3146 4187 monachos,
3188 4106 3519 4173 canonicos

659 4211 791 4279 sive
835 4210 1096 4277 clericos
1140 4209 1650 4294 contradictione,
1697 4210 1999 4277 dilatione
2044 4216 2108 4277 et
2153 4210 2575 4297 appellatione
2618 4211 3007 4278 cessantibus
3050 4212 3131 4278 ab
3172 4209 3379 4279 officio
3416 4234 3519 4279 su-

658 4317 1012 4406 spendatis,
1061 4323 1124 4384 et
1166 4324 1297 4384 tam
1345 4318 2011 4384 excommunicationis
2057 4336 2247 4402 quam
2292 4318 2721 4404 suspensionis
2767 4320 3110 4386 sententias
3139 4319 3387 4387 faciatis
3418 4340 3517 4387 us-

657 4446 779 4512 que
824 4426 906 4491 ad
949 4425 1205 4510 dignam
1250 4424 1742 4491 satisfactionem
1781 4424 2228 4492 inviolabiliter
2258 4424 2600 4509 observari,
2648 4424 2827 4493 salva
2854 4446 3103 4515 semper
3132 4426 3201 4493 in
3231 4427 3517 4495 omnibus

614 4617 622 4626 ,
656 4533 1084 4600 moderatione
1127 4532 1378 4598 concilii
1423 4532 1751 4615 generalis.
1820 4531 1924 4598 Ad
1970 4530 2085 4599 hec
2128 4533 2513 4618 presentium
2545 4531 2722 4600 vobis
2764 4535 3135 4601 auctoritate
3176 4534 3520 4621 apostolica

655 4640 1072 4727 precipimus,
1129 4644 1469 4725 quatenus,
1522 4640 1582 4705 si
1637 4633 1815 4723 quis⁸
1859 4637 2198 4706 eorundem
2253 4638 2809 4725 parrochianorum
2861 4646 3216 4709 vestrorum
3258 4642 3327 4708 in
3369 4661 3517 4728 sepe

658 4748 857 4819 dictos
911 4748 1140 4813 fratres
1193 4746 1502 4813 violentas
1562 4764 1784 4813 manus
1839 4742 2182 4832 iniecerit⁹,
2242 4766 2385 4813 eum
2440 4748 2719 4814 accensis
2770 4748 3049 4816 candelis
3092 4750 3517 4816 excommuni-

658 4860 868 4922 catum
921 4834 1170 4942 publice
1225 4854 1528 4923 nuntietis
1585 4860 1649 4921 et
1693 4860 2013 4941 tamquam
2030 4850 2071 4885 ¹⁰
2116 4850 2771 4922 excommunicatumu
2812 4856 3061 4924 faciatis
3106 4855 3187 4923 ab
3232 4856 3514 4925 omnibns

659 4962 902 5029 cautius
974 4961 1228 5047 evitari,
1297 4962 1495 5029 donec
1563 4962 1802 5031 eisdem
1867 4962 2169 5031 fratribus
2236 4980 2510 5046 congrue
2564 4962 2915 5031 satisfaciat
2970 4968 3035 5033 et
3086 4984 3233 5033 cum
3287 4963 3515 5033 litteris

2771 5288 2803 5311 N
