3892 5609
1391 329 1776 380 plumascu
1821 329 2209 380 emmanu
3056 321 3155 391 45
3170 323 3205 390 1

381 483 884 570 quibuscumque.
955 487 1126 554 Nulli
1170 507 1316 572 ergo
1361 488 1612 555 omnino
1657 489 1976 556 hominum
2022 488 2211 558 liceat
2253 488 2414 556 hanc
2472 489 2767 574 paginam
2810 495 3022 557 nostre
3066 510 3213 558 con·

377 590 748 676 stitucionis,
793 591 1306 678 confirmacionis,
1353 597 1861 664 communicionis
1891 603 1957 662 et
1994 595 2439 663 declaracionis
2469 597 2809 680 infringere
2838 597 2935 663 vel
2968 598 3026 664 ei
3056 617 3214 664 ausu

378 699 710 765 temerario
739 701 1065 768 contraire.
1137 700 1206 767 Si
1235 701 1374 786 quis
1407 707 1616 768 autem
1651 703 1767 769 hoc
1798 707 2171 789 attemptare
2201 704 2671 790 presumpserit,
2716 703 3209 787 indignacionem

379 805 822 890 omnipotentis
867 807 967 874 dei
1015 815 1078 876 et
1121 808 1443 876 beatorum
1471 807 1643 877 Petri
1687 816 1752 877 et
1779 809 1961 876 Pauli
2006 809 2592 896 apostolorum‚eius
2624 831 2691 876 se
2719 811 2963 878 noverit
3004 812 3211 878 incur-

374 1019 575 1086 nostri
621 1041 781 1088 anno
829 1022 1309 1108 quartodecimo.

585 1161 674 1224 IV,
698 1161 802 1214 229
838 1164 900 1215 cf.
938 1181 1090 1230 supra
1129 1165 1262 1216 1319
1297 1163 1404 1215 iulii
1432 1163 1511 1215 12.

381 1361 555 1434 702.
593 1371 771 1436 1412
810 1373 1023 1436 novbr.
1056 1371 1143 1438 16
1189 1371 1427 1436 Romae
1471 1370 1647 1456 apud
1688 1391 1737 1433 s.
1769 1369 2047 1434 Petrum.
2120 1369 2428 1436 Iohannes
2462 1369 2718 1436 XXIII
2752 1373 3073 1456 confirmat
3102 1395 3204 1438 or-

595 1477 762 1542 dinis
815 1475 1178 1544 Theutonici
1217 1479 1633 1542 immunitates
1680 1489 1735 1541 et
1767 1476 2130 1562 pm'vileqia.

593 1615 898 1686 Iohannes
941 1625 1056 1686 etc.
1267 1617 1422 1686 Cum
1455 1637 1494 1684 a
1521 1617 1700 1684 nobis
1733 1625 1848 1684 etc.
1917 1615 2153 1683 Datum
2182 1615 2377 1685 Rome
2422 1619 2588 1706 apud
2635 1623 2921 1686 sanctum
2951 1618 3207 1686 Petrum

371 1721 671 1790 kalendas
715 1725 1057 1792 decembris
1103 1724 1498 1811 pontificatue
1540 1725 1740 1792 nostri
1795 1743 1959 1790 anno
2002 1725 2213 1790 tercio.

583 1862 714 1914 Oitat
748 1864 974 1916 Duellius
1007 1864 1084 1928 11,
1112 1865 1171 1916 11
1211 1865 1264 1916 in
1299 1873 1434 1918 nota.
1507 1865 1916 1932 'transsumptum
1965 1863 2015 1914 d.
2040 1863 2089 1915 d.
2124 1863 2449 1932 Matienburg
2489 1865 2622 1918 1413
2660 1882 2774 1933 aug.
2799 1863 2867 1919 27
2914 1867 2966 1918 in
3002 1866 3203 1919 archivo

371 1949 752 2018 Regimontano.

375 2154 550 2228 703.
591 2161 772 2226 1417
817 2184 960 2246 auq.
1005 2161 1094 2227 12
1151 2159 1560 2226 Constantiae.
1645 2159 1939 2246 synodus
1994 2159 2303 2245 qeneralis
2360 2161 2574 2225 ordini
2622 2159 2995 2228 Theutonico
3053 2185 3203 2228 con-

573 2267 794 2350 firmat
836 2267 1114 2334 Honor-ii
1156 2268 1279 2334 III
1309 2292 1373 2334 n.
1406 2267 1538 2336 306
1583 2268 1660 2332 de
1703 2267 1879 2333 1220
1923 2268 2125 2332 decbr.
2160 2269 2265 2334 15.

589 2407 997 2475 Sacrosancta
1061 2413 1124 2475 et
1189 2407 1494 2493 generalis
1551 2407 1822 2495 synodus
1880 2406 2375 2476 constantiensis
2440 2407 2681 2476 dilectis
2748 2407 3003 2476 ecclesie
3055 2408 3203 2478 filiis

365 2514 668 2598 magistro
713 2519 777 2581 et
817 2515 1116 2582 statribus
1161 2515 1486 2603 hospitalis
1539 2514 1720 2583 beate
1763 2513 1961 2582 Marie
2006 2515 2519 2583 Theotonicorum
2566 2514 3045 2582 Ierosolimitani
3100 2537 3201 2584 sa-

367 2619 560 2689 lutem
608 2629 672 2689 et
713 2621 814 2688 dei
859 2623 1301 2710 omnipotentis
1347 2622 1856 2690 benedictionem.
2080 2621 2311 2689 Meruit
2352 2627 2559 2690 vestre
2602 2621 2956 2690 devocionis
3000 2624 3198 2692 since-

365 2729 542 2813 ritas,
590 2748 774 2814 quam
822 2729 904 2795 ad
944 2749 1062 2796 nos
1105 2734 1170 2797 et
1209 2728 1646 2813 universalem,
1693 2747 1880 2814 quam
1925 2728 1993 2794 in
2038 2727 2265 2814 spiritu
2294 2733 2507 2796 sancto
2536 2729 2813 2812 legitime
2841 2733 3199 2815 congregati

365 2841 890 2922 representamus,
931 2836 1148 2920 geritis
1193 2835 1536 2920 ecclesiam,
1583 2841 1656 2902 ut
1697 2856 1827 2920 vos,
1875 2835 1985 2921 qui
2027 2854 2141 2921 pro
2189 2835 2465 2902 eiusdem
2512 2827 2779 2904 ecclesie
2808 2856 2881 2903 ac
2908 2836 3055 2904 fidei
3098 2859 3199 2906 or-

364 2941 635 3010 thodoxe
664 2943 1020 3011 defensione
1053 2947 1268 3010 contra
1297 2943 1684 3010 diversarum
1713 2948 2024 3010 sectarum
2050 2961 2157 3010 eas
2178 2949 2607 3028 oppugnantes
2629 2941 2910 3010 infideles
2934 2944 3197 3012 athletas

367 3055 434 3117 et
473 3049 716 3136 pugiles
759 3069 872 3116 vos
918 3049 1222 3118 exhibetis
1265 3049 1628 3133 indefessos,
1675 3055 2075 3134 vestrumque
2102 3048 2411 3135 hospitale
2444 3049 2512 3114 in
2540 3049 2661 3116 hiis
2690 3051 3042 3136 presertim,
3076 3072 3197 3137 que

365 3156 540 3223 vobis
585 3155 1063 3243 apostolicorum
1109 3176 1540 3225 concessorum
1583 3155 2053 3243 privilegiorum
2098 3155 2633 3223 conservationem
2674 3157 3049 3243 respiciunt,
3101 3159 3194 3224 fa-

361 3263 615 3330 veribus
659 3283 1110 3350 prosequamur
1151 3263 1494 3351 oportunis.
1565 3261 1730 3330 Sane
1774 3283 1887 3350 pro
1932 3267 2113 3350 parte
2157 3267 2367 3330 vestra
2420 3261 2601 3330 nobis
2652 3281 2851 3349 nuper
2904 3263 3027 3330 fuit
3079 3264 3193 3330 hu-

361 3369 596 3436 militer
638 3371 1054 3458 supplicatum
1070 3421 1089 3455 ,
1134 3377 1206 3437 ut
1245 3370 1488 3438 litteras
1532 3369 1732 3438 felicis
1776 3369 2231 3438 recordacionis
2278 3369 2540 3436 Honorii
2583 3389 2746 3457 pape
2790 3372 2969 3438 tercii
3013 3372 3189 3439 vobis

361 3495 707 3561 concessas,
753 3497 895 3545 cum
937 3477 1242 3565 incipiant
1283 3477 1482 3544 nimia
1523 3481 1830 3544 vetustate
1873 3477 2177 3561 consumi,
2224 3477 2522 3544 innovare
2552 3476 2969 3561 dignaremur.
3026 3477 3189 3557 Qua-

361 3604 500 3650 rum
545 3589 726 3652 tenor
770 3585 1048 3670 sequitur
1089 3585 1158 3650 in
1202 3584 1316 3652 hec
1358 3584 1578 3652 verba:

585 3691 936 3776 „Honorius
979 3695 1100 3758 cet.
1185 3689 1327 3757 Etsi
1381 3711 1582 3777 neque
1625 3696 1740 3758 cet.
1791 3690 1901 3773 (cf.
1952 3711 2015 3757 n.
2050 3691 2180 3756 306
2194 3691 2238 3771 ).
2460 3690 2695 3759 Datum
2738 3689 3033 3758 Laterani
3076 3713 3192 3780 per

361 3817 618 3864 manum
638 3797 956 3866 Wilhelmi
999 3801 1212 3865 sancte
1239 3797 1520 3866 Romane
1557 3797 1814 3866 ecclesie
1843 3796 2355 3882 vicecancellarii,
2399 3798 2555 3864 xviii
2594 3798 2892 3866 kalendas
2922 3800 3189 3866 ianuarii

360 4031 524 4100 pape
565 4013 742 4079 tercii
789 4033 950 4078 anno
1003 4007 1283 4098 quint0“.

577 4117 706 4186 Nos
749 4119 940 4204 igitur
998 4118 1352 4186 huiusmodi
1406 4117 1963 4205 supplicationibus
2019 4117 2302 4184 inclinati
2354 4119 2597 4186 litteras
2650 4119 2852 4206 ipsas,
2910 4139 3063 4205 quas
3118 4121 3187 4186 in

359 4223 728 4293 cancellaria
773 4225 1115 4312 apostolica
1157 4225 1489 4310 diligenter
1531 4225 1758 4312 inspici
1798 4225 2081 4308 fecimus,
2126 4230 2341 4293 tenore
2383 4227 2773 4311 presencium
2818 4228 3185 4294 innovamus

359 4336 423 4400 et
465 4332 773 4419 presentis
818 4333 1038 4419 scripti
1081 4333 1428 4419 patrocinio
1471 4332 1944 4400 communimus.
2023 4330 2144 4398 Per
2186 4331 2305 4399 hoc
2346 4337 2557 4400 tamen
2602 4334 3037 4400 constitucioni
3080 4333 3185 4421 pie

355 4439 653 4508 memorie
705 4439 1041 4512 Clementis
1095 4459 1258 4526 pape
1317 4438 1518 4524 quinti
1571 4440 1640 4506 in
1697 4439 1957 4508 concilio
2006 4438 2341 4506 Viennensi
2396 4459 2583 4525 super
2636 4440 2755 4507 hoc
2811 4440 3002 4525 edite,
3062 4461 3186 4527 qua

353 4546 582 4614 fratres
645 4546 876 4614 milicie
928 4545 1172 4633 Templi
1227 4543 1704 4614 Ieros‘olimitani
1773 4545 2161 4632 supradictos
2218 4565 2554 4631 eorumque
2607 4552 2839 4614 statum
2902 4547 3180 4614 habitum

357 4661 543 4740 atque
585 4674 810 4722 nomen
855 4653 1152 4722 substulit
1191 4653 1454 4739 illosque
1499 4660 1564 4722 et
1605 4653 1835 4720 dictam
1878 4651 2177 4720 miliciam
2224 4658 2525 4740 perpetua
2566 4653 2991 4740 prohibicione
3034 4675 3181 4741 sup-

353 4762 597 4849 posuit,
641 4760 932 4829 nolumus
973 4761 1040 4828 in
1087 4759 1291 4847 aliquo
1337 4761 1664 4845 derogare3
1709 4780 1912 4846 neque
1956 4759 2155 4827 ullum
2198 4759 2297 4826 ius
2341 4761 2419 4827 de
2468 4781 2629 4828 novo
2674 4760 2849 4828 vobis
2896 4759 2993 4826 vel
3040 4760 3179 4828 aliis

353 4868 591 4954 acquiri
621 4868 925 4951 volumus,
971 4867 1080 4935 sed
1124 4869 1288 4954 quod
1333 4868 1656 4954 antiquum
1670 4917 1690 4953 ,
1733 4867 1788 4936 si
1833 4867 1995 4953 quod
2037 4865 2300 4952 habetis,
2345 4867 2777 4936 tantummodo
2806 4867 3176 4936 conservari.

353 4975 523 5044 Nulli
581 4996 726 5060 ergo
786 4976 1036 5044 omnino
1093 4975 1412 5046 hominum
1467 4975 1655 5044 liceat
1699 4975 1860 5044 hanc
1915 4975 2209 5062 paginam
2259 4981 2471 5044 nostre
2525 4975 2949 5044 innovacionis
3012 4995 3180 5044 com-

2641 5088 2759 5146 2942·
