3892 5609
712 293 748 364 1
762 291 861 366 22
1492 303 1723 352 'rnatu
1768 301 2050 357 smera.
2119 303 2486 352 AmmA.·
2527 303 2792 352 crpnus

916 477 996 530 De
1030 479 1085 532 iii
1120 479 1335 532 carrucis
1372 479 1425 532 in
1460 479 1672 546 saphet.
1728 460 1889 529 Item
1924 483 2135 530 comes
2167 462 2316 531 Otto
2348 464 2427 531 (10
2455 461 2926 532 Hennimberch
2968 460 3144 530 dedit
3186 461 3406 530 domui
3447 469 3576 531 1100

704 575 1063 638 carrucatas
1109 575 1277 636 terre
1323 575 1386 636 et
1428 589 1623 635 unam
1670 569 1927 636 domum
1971 570 2040 636 in
2087 569 2344 656 Saphet.
2655 567 2856 662 [1208
2903 573 3062 656 sept.
3107 591 3172 656 p.
3203 569 3295 636 34
3339 591 3406 636 11.
3438 568 3572 655 43.]

923 674 1083 744 110111
1125 676 1191 742 111
1240 675 1459 742 00110111
1505 667 1701 744 casali
1741 676 1915 742 dedit
1957 677 2140 743 nobis
2173 675 2533 744 Castellana
2573 696 2736 743 uxor
2764 674 3052 742 Hamulfi
3097 675 3377 742 aurificis·
3419 677 3574 743 duas

702 787 1061 851 carrucatas
1106 785 1275 850 terre
1318 783 1756 850 consenciente
1798 783 2030 850 marito
2078 784 2230 851 eius.
2507 780 2751 868 [12311
2795 787 2957 868 sept.
2989 785 3065 848 11
3115 803 3179 868 p.
3215 785 3304 848 60
3345 803 3412 848 11.
3443 781 3570 868 76.]

912 905 993 956 De
1027 905 1239 972 Ioppen.
1302 887 1461 956 Item
1495 909 1705 956 comes
1735 889 2046 956 Henricus
2077 890 2253 957 dedit
2291 889 2472 958 nobis
2515 891 2582 956 in
2613 890 2850 976 Ioppen
2895 889 3216 974 quandam
3257 888 3574 973 gastiuam

704 998 785 1063 ad
829 997 1049 1063 domos
1092 995 1411 1063 faciendas
1459 1001 1523 1063 et
1568 997 1871 1081 quasdam
1916 997 2154 1063 vineas.
2619 993 2822 1080 [1196
2869 999 3056 1063 mart.
3099 1015 3166 1082 p.
3203 997 3286 1062 27
3333 1015 3400 1062 11.
3435 993 3566 1080 32]

922 1102 1080 1169 Item
1111 1103 1178 1167 in
1209 1102 1446 1189 Ioppen
1478 1104 1743 1170 emimus
1774 1123 1966 1170 unam
2007 1105 2252 1190 peciam
2283 1109 2454 1171 terre
2484 1102 2650 1189 apud
2678 1103 3020 1186 fornacem,
3067 1122 3189 1188 que
3233 1109 3336 1168 est
3375 1122 3571 1189 prope

700 1210 942 1278 curiam
973 1214 1278 1293 nostram,
1325 1231 1515 1296 quam
1562 1211 1825 1278 emimus
1856 1231 1896 1276 a
1926 1211 2200 1296 quadam
2232 1210 2488 1278 domina
2519 1211 2774 1276 nomine
2805 1259 2822 1276 .
2841 1256 2892 1276 ..
2923 1229 3042 1296 pro
3072 1219 3228 1275 xxx·
3259 1208 3568 1276 bisantiis.

922 1315 1081 1382 Item
1127 1317 1394 1383 emimus
1449 1337 1564 1403 per
1607 1336 1866 1383 manum
1908 1317 2127 1384 fratris
2171 1316 2430 1384 Roberti
2483 1336 2677 1384 unam
2735 1315 2983 1403 peciam
3037 1320 3238 1401 terre,
3298 1337 3425 1403 que
3479 1323 3574 1384 est

701 1425 825 1492 sita
870 1428 1053 1490 extra
1095 1422 1315 1488 villam
1358 1421 1617 1510 Ioppen,
1662 1443 1779 1510 pro
1824 1423 1915 1488 xl·
1962 1423 2269 1491 bisantiis.

912 1545 1019 1597 1³22.
1052 1551 1172 1596 aunt
1207 1545 1261 1596 in
1298 1545 1493 1598 thon.
1557 1529 1715 1597 Item
1756 1549 1966 1598 comes
2011 1529 2320 1598 Henricus
2379 1528 2554 1598 dedit
2604 1528 2788 1596 nobis
2839 1549 3033 1596 unam
3078 1528 3317 1596 voltam
3373 1547 3572 1616 prope

698 1642 940 1704 turrem
986 1635 1187 1703 sancti
1230 1635 1555 1722 Nicholay.
2652 1632 2855 1720 [1193
2898 1635 3056 1702 febr.
3103 1655 3168 1722 p.
3201 1637 3287 1702 25
3333 1656 3398 1702 n.
3433 1634 3570 1722 29.]

921 1742 1081 1809 Item
1133 1763 1249 1810 rex
1296 1741 1499 1810 Guido
1553 1742 1729 1810 dedit
1784 1742 1966 1811 nobis
2019 1747 2292 1810 veterem
2351 1741 2593 1810 curiam
2645 1763 2845 1830 prope
2899 1747 3151 1828 portam
3209 1743 3417 1810 sancti
3457 1743 3572 1809 Ni-

698 1849 943 1936 cholay.
2541 1847 2742 1933 [1192
2787 1849 2945 1916 febr.
2976 1851 3060 1915 10
3101 1869 3165 1935 Ρ.
3200 1851 3286 1914 23
3329 1870 3396 1916 11.
3429 1846 3566 1933 27.]

910 1971 990 2024 Do
1024 1971 1226 2038 Agnus.
1294 1954 1453 2022 Item
1498 1975 1611 2022 rex
1654 1955 2030 2043 Aymericus
2075 1956 2358 2024 vendidit
2409 1956 2592 2022 nobis
2647 1955 2854 2022 casale
2897 1954 3154 2040 Aguilla
3204 1974 3322 2041 pro
3367 1974 3568 2022 mmm

699 2063 1133 2132 bisantiorum.
2575 2059 2774 2145 [1198
2819 2061 2977 2128 febr.
3012 2064 3052 2127 8
3099 2081 3162 2146 p.
3196 2064 3279 2128 27
3325 2081 3390 2128 n.
3425 2059 3560 2146 34.]

908 2186 990 2238 De
1025 2185 1263 2252 Phergia.
1334 2167 1494 2234 Item
1538 2167 1713 2234 dedit
1768 2168 1952 2235 nobis
2013 2169 2082 2234 in
2124 2167 2396 2254 Phergia
2441 2167 2721 2256 quolibet
2763 2168 2868 2235 die
2913 2166 3260 2237 laborando
3313 2168 3386 2234 in
3429 2189 3567 2234 ma-

696 2297 847 2345 zaro
892 2294 1085 2344 unam
1132 2274 1409 2342 rotulam
1458 2273 1732 2341 zuchari.
3013 2273 3279 2359 [Ibidem
3323 2294 3388 2360 p.
3423 2271 3559 2359 28.]

907 2397 990 2450 De
1025 2397 1181 2449 casali
1214 2397 1473 2450 umberto.
1544 2380 1702 2447 Item
1746 2380 1914 2447 idem
1961 2380 2138 2447 dedit
2193 2382 2373 2448 nobis
2426 2382 2494 2448 in
2551 2381 2957 2468 pertinenciis
3003 2383 3228 2448 casalis
3274 2381 3566 2450 Umberti

697 2510 888 2557 unam
932 2488 1244 2556 clincham
1287 2487 1587 2554 frumenti
1646 2493 1712 2554 et
1756 2507 1947 2554 unam
1995 2487 2170 2554 ordei
2221 2494 2286 2555 et
2329 2488 2408 2554 de
2452 2488 2716 2572 singuiis
2761 2507 2796 2554 c
2839 2489 3080 2574 capris,
3138 2509 3260 2574 que
3304 2489 3563 2575 yhema·

698 2597 856 2665 bunt
897 2597 965 2661 in
1009 2600 1181 2662 terra
1226 2593 1540 2680 predicta,
1598 2603 1659 2661 ν·
1696 2594 2020 2662 carrublas
2077 2600 2141 2661 et
2183 2594 2262 2662 de
2307 2595 2570 2678 singulis
2617 2595 2758 2662 aliis
2803 2615 2847 2660 x
2891 2595 3102 2682 capris
3145 2595 3196 2660 ii
3237 2596 3564 2663 carrublas

698 2708 763 2770 et
807 2703 885 2770 de
930 2701 1209 2788 qualibet
1251 2720 1512 2769 carruca
1553 2699 1627 2766 iii
1672 2699 1994 2768 carrublas
2047 2706 2111 2768 et
2152 2701 2515 2770 francisiam
2558 2723 2675 2790 per
2715 2706 2920 2768 totum
2962 2720 3228 2786 regnum
3274 2700 3474 2787 Cipri.

2877 2853 2886 2862 -
3015 2805 3278 2891 [Ibidem
3323 2827 3390 2894 p.
3423 2804 3560 2892 28.]

907 2930 988 2983 Do
1024 2931 1313 2982 venditione
1361 2929 1555 2982 comitis
1592 2929 1808 2982 ottonis.
1883 2913 2044 2980 Item
2089 2933 2130 2980 a
2173 2915 2400 2982 comite
2454 2914 2684 2982 Ottone
2737 2914 2816 2981 de
2857 2913 3304 2980 Henninberch
3359 2919 3428 2981 et
3483 2913 3561 2980 ab

694 3042 892 3090 uxore
938 3041 1055 3088 sua
1096 3020 1407 3105 Beatrice,
1452 3018 1586 3086 filia
1628 3019 1945 3105 quondam
1992 3020 2240 3088 comitis
2285 3020 2592 3106 loscelini,
2648 3028 2714 3089 et
2757 3022 2837 3088 ab
2886 3020 3116 3090 0110110
3155 3019 3288 3088 filio
3335 3041 3561 3087 eorun-

694 3129 859 3213 dem,
906 3147 1157 3194 omnem
1201 3127 1636 3212 hereditatem,
1683 3146 1873 3212 quam
1908 3147 1988 3193 ex
2018 3128 2489 3214 progenitorum
2537 3148 2794 3195 suorum
2837 3127 3230 3195 successione
3273 3129 3564 3214 predicta

691 3234 953 3303 Beatrix
998 3239 1062 3300 et
1106 3233 1253 3301 Otto
1299 3232 1467 3302 filius
1522 3234 1655 3300 eius
1710 3234 1782 3300 in
1822 3253 2019 3317 regno
2063 3232 2606 3302 lherosolimitano
2651 3235 2934 3320 possedit
2977 3239 3040 3301 et
3085 3233 3411 3321 possidere
3455 3234 3564 3302 (10·

694 3344 860 3428 111111,
918 3341 1335 3408 diminutione
1380 3341 1661 3436 qualibet
1713 3344 1962 3408 remota
2009 3361 2125 3427 pro
2173 3347 2415 3428 septem
2459 3341 2716 3408 milibus
2761 3341 3162 3408 marcharum
3207 3341 3456 3424 argenti
3499 3346 3566 3408 et

691 3470 809 3537 pro
853 3459 917 3515 v·
947 3447 1202 3516 milibus
1249 3448 1663 3516 bisantiorum
1708 3452 1773 3513 et
1808 3465 1881 3514 cc
1926 3452 1992 3515 et
2033 3447 2080 3514 1·
2112 3446 2424 3534 bisantiis,
2471 3468 2662 3535 quam
2707 3451 2862 3515 emit
2905 3447 3118 3515 domui
3163 3447 3294 3514 dux
3321 3446 3564 3534 Lupol-

692 3557 811 3624 dus
855 3555 1133 3622 Austris.
2523 3552 2727 3640 [1220
2769 3554 2924 3620 maii
2963 3555 3050 3620 30
3092 3573 3157 3640 p.
3190 3557 3277 3620 42
3323 3575 3387 3620 n.
3419 3551 3562 3640 52]

902 3678 983 3730 Do
1030 3676 1265 3744 Neapoli.
1346 3659 1507 3728 Item
1558 3672 1675 3728 rex
1731 3659 2090 3727 Amalricus
2149 3659 2324 3728 dedit
2380 3661 2596 3728 domui
2657 3679 2802 3728 cccc
2859 3661 3163 3728 bisantios
3227 3661 3300 3727 in
3361 3660 3566 3728 funda

692 3767 991 3856 Neapolis
1038 3773 1102 3835 et
1146 3768 1268 3834 duo
1314 3767 1551 3834 casalia
1592 3767 1661 3834 in
1704 3766 2114 3853 pertinenciis
2159 3769 2360 3834 sancti
2387 3767 2666 3853 Abrahe,
2713 3766 2952 3834 scilicet
2979 3766 3226 3834 Deldol·
3253 3773 3318 3834 et
3359 3766 3560 3836 Seria.

2586 3870 2788 3958 [1173
2835 3879 3021 3940 mart.
3055 3875 3139 3941 26
3184 3893 3249 3960 p.
3278 3876 3315 3938 7
3363 3895 3429 3941 11.
3463 3873 3557 3960 6.]

902 3997 982 4050 De
1018 3995 1308 4050 Ierusalem.
1382 3979 1541 4046 Item
1585 3979 1757 4047 idem
1809 3979 1879 4046 in
1923 3979 2331 4065 pertinenciis
2373 3979 2760 4048 [herusalem
2803 3981 2979 4047 dedit
3021 3981 3236 4047 domui
3281 3980 3360 4047 de
3405 4001 3562 4066 qua-

690 4087 849 4156 libet
890 4107 1152 4156 carruea
1193 4086 1414 4154 rustici
1458 4106 1651 4152 unam
1702 4085 1967 4152 robbam
2022 4086 2322 4154 frumenti
2377 4093 2442 4154 et
2497 4107 2690 4154 unam
2747 4087 2923 4153 ordei
2979 4092 3072 4171 et,
3129 4087 3186 4153 si
3237 4087 3560 4174 predictos

692 4213 833 4262 cccc
874 4194 1181 4262 bisantios
1226 4197 1291 4260 et
1332 4192 1720 4259 frumentum
1755 4192 1978 4258 domus
2023 4191 2094 4258 in
2136 4193 2292 4260 locis
2337 4193 2636 4278 predictis
2677 4194 2960 4280 recipere
3003 4212 3132 4261 non
3175 4199 3412 4280 posset,
3457 4214 3560 4262 re-

690 4301 887 4386 cipiat
930 4301 999 4366 in
1040 4300 1237 4366 funda
1280 4299 1557 4368 Acehon.
2565 4297 2766 4384 [1198
2811 4299 2968 4366 febr.
3004 4303 3042 4367 8
3089 4320 3152 4386 p.
3187 4302 3272 4367 28
3317 4320 3381 4367 11.
3415 4299 3552 4386 35.]

900 4421 981 4474 De
1016 4429 1165 4488 porta.
1198 4420 1380 4474 David.
1450 4405 1609 4472 Item
1654 4406 1976 4492 predictus
2018 4426 2134 4474 rex
2179 4404 2536 4472 Amalricus
2582 4405 2692 4474 dat
2735 4406 2950 4474 domui
2998 4412 3216 4476 nostre
3257 4408 3328 4474 in
3369 4413 3557 4494 porta

688 4513 899 4588 David
942 4531 1051 4579 ccc
1091 4510 1398 4579 bisantios
1444 4518 1508 4580 et
1552 4513 1783 4580 11111111ω
1808 4513 2052 4580 modios
2095 4513 2396 4580 frumenti
2441 4518 2506 4580 et
2547 4514 2941 4580 tantumdem
2985 4514 3160 4582 ordei
3205 4518 3270 4581 et
3311 4515 3380 4581 vi
3421 4535 3556 4582 mo-

689 4621 827 4688 dios
870 4619 1261 4704 leguminum
1307 4623 1371 4686 01
1414 4618 1537 4685 duo
1582 4619 1819 4686 casalia
1862 4621 1931 4685 in
1965 4625 2136 4686 terra
2163 4618 2460 4706 Neapolis
2505 4620 2746 4687 scilicet
2775 4619 3008 4708 Saphir
3037 4625 3103 4687 et
3129 4619 3552 4708 Caphirhune,

688 4731 755 4794 et
798 4727 875 4794 de
920 4725 1202 4811 qualibet
1243 4744 1499 4792 mazera
1540 4726 1589 4792 ii
1630 4726 1871 4794 rotulas
1918 4726 2178 4793 zuchari
2225 4732 2290 4794 et
2331 4725 2412 4794 (10
2455 4747 2832 4812 unaquaque
2873 4727 3118 4814 pertica
3161 4729 3230 4794 111
3273 4729 3556 4814 qualibet

688 4830 1038 4900 ebdomada
1078 4850 1273 4899 unam
1318 4832 1680 4910 chudariam
1729 4833 1988 4900 zachari
2031 4838 2098 4899 et
2138 4833 2212 4898 iii
2242 4833 2457 4901 vineas
2501 4834 2570 4900 in
2616 4839 2970 4918 montanea,
3017 4854 3138 4920 que
3171 4842 3432 4903 vocatur
3475 4835 3553 4903 (10

688 4937 883 5021 Abel;
930 4939 1039 5005 dat
1082 4940 1279 5006 eciam
1318 4939 1533 5006 domui
1576 4939 1931 5006 libertatem
1979 4939 2402 5008 omnimodam
2450 4941 2642 5007 eundi
2685 4947 2752 5008 et
2795 4942 3086 5028 exeundi,
3134 4942 3448 5010 vendendi
3489 4948 3555 5010 et
