3892 5609
751 330 898 402 306
1718 340 2142 391 murts-mnu
2188 340 2657 423 semitonum·
2728 406 2735 417 ,

745 496 1036 568 causam⁸
1079 521 1451 590 pauperum,
1496 513 1708 587 ymmo
1756 502 1910 584 eius,
1960 502 2063 587 qui
2110 500 2299 568 simul
2352 500 2421 566 in
2466 521 2659 567 unum
2703 498 2903 565 voluit
2947 518 3085 566 esse
3132 498 3309 565 dives
3358 502 3425 563 et
3450 516 3613 583 pau·

745 629 878 695 per,
924 608 1158 675 relictis
1203 604 1422 673 mundi
1459 608 1839 675 vanitatibus
1886 614 2240 695 procurare.
2300 608 2460 675 Cum
2489 608 2683 692 igitur
2724 607 2957 696 prefati
2983 607 3209 673 fratres
3242 610 3393 692 post
3420 604 3609 669 deum

747 715 988 782 nullum
1046 714 1320 781 habeant
1375 720 1588 800 preter
1643 714 1996 781 Romanum
2051 714 2411 802 pontificem
2470 713 2890 795 defensorem3
2948 713 3351 780 universitati
3398 716 3613 777 vestre

743 844 857 910 per
903 822 1248 909 apostolica
1291 820 1526 906 scripta
1578 821 1858 888 districte
1911 823 2313 909 precipiendo
2369 821 2740 887 mandamus
2751 816 2795 905 ⁹,
2852 821 3147 907 quatinus
3202 840 3342 904 eos,
3408 820 3611 885 immo

744 928 1065 996 Christum
1107 930 1173 994 in
1221 929 1333 1011 eie,
1378 928 1554 993 cuius
1599 934 1748 995 sunt
1791 929 2054 996 servicio
2102 930 2404 1016 deputati,
2450 928 2823 1015 recipientes
2850 928 3187 996 honorifice
3228 932 3295 995 et
3332 928 3615 1011 benigna

745 1038 1006 1103 caritate
1050 1040 1393 1103 tractantes
1439 1030 1665 1120 ipsos¹⁰
1711 1037 2035 1103 occasione
2090 1032 2381 1103 concilii¹¹
2414 1056 2543 1102 nec
2584 1036 2861 1119 gravetis
2904 1035 3181 1103 indebite
3224 1054 3341 1102 nec
3394 1034 3613 1121 pacia-

743 1145 900 1209 mini
958 1144 1037 1210 ab
1093 1141 1402 1228 aliquibus
1460 1148 1695 1209 temere
1755 1143 2097 1211 molestari.
2181 1144 2298 1227 Et,
2356 1163 2497 1209 cum
2553 1142 2754 1229 ipsius
2810 1144 2895 1209 sit
2934 1143 3343 1229 interpretari
3388 1143 3535 1208 iura
3548 1138 3609 1225 ¹²,

745 1252 854 1335 qui
913 1251 1178 1317 condere
1233 1250 1376 1335 ipsa
1432 1254 1670 1335 potest,
1739 1271 1776 1315 a
1844 1252 2291 1336 supersticiose.
2341 1250 2859 1337 interpretatione
2916 1250 3165 1317 concilii
3204 1250 3443 1316 curetis
3496 1268 3609 1314 vos

742 1358 916 1444 ipsos
975 1364 1040 1424 et
1084 1356 1240 1423 alios
1295 1357 1586 1423 cohibere
1633 1376 1707 1423 ac
1765 1357 2111 1425 confratres
2169 1344 2419 1445 iporum'
2465 1364 2529 1424 et
2573 1356 2731 1424 alios
2777 1356 3075 1441 eligentes
3120 1378 3199 1423 ex
3255 1358 3500 1444 pietate
3542 1355 3611 1421 in

746 1484 962 1531 eorum
1020 1462 1297 1530 ecclesiis
1357 1463 1741 1549 sepulturas,
1791 1465 2126 1531 dummodo
2170 1486 2298 1532 non
2343 1466 2473 1532 sint
2517 1465 3039 1533 excommunicati
3083 1463 3185 1531 vel
3228 1463 3611 1529 nominatim

742 1571 1060 1638 interdicti
1117 1576 1226 1637 aut
1282 1570 1527 1656 publice
1543 1567 1582 1600 ¹⁸
1643 1573 1950 1657 usurarii,
2007 1573 2338 1639 dimittatis
2396 1573 2563 1659 apud
2618 1592 2727 1639 eos
2780 1571 2975 1638 libere
2988 1567 3026 1601 ¹⁴
3084 1570 3375 1658 sepeliri,
3434 1569 3614 1637 salva

743 1678 994 1745 iusticia
1031 1677 1284 1745 illarum
1297 1674 1336 1707 ¹⁵
1369 1678 1790 1763 ecclesiarum,
1839 1700 1878 1745 a
1922 1680 2151 1765 quibus
2197 1685 2586 1747 mortuorum
2614 1698 2881 1765 corpora
2912 1682 3337 1745 assumuntur.
3396 1676 3508 1761 Et,
3554 1677 3613 1741 si

745 1786 897 1853 dicti
953 1785 1180 1851 fratres
1226 1780 1378 1853 vel¹⁶
1437 1805 1648 1851 eorum
1705 1786 1920 1853 nuncii
1977 1785 2171 1853 semel
2227 1787 2294 1852 in
2339 1807 2503 1854 anno
2562 1787 2642 1853 ad
2694 1806 2807 1852 vos
2861 1786 2963 1852 vel
3022 1786 3103 1852 ad
3158 1786 3461 1853 ecclesias
3504 1805 3613 1851 ve-

743 1893 956 1959 nerint
998 1898 1206 1959 vestre
1261 1892 1678 1959 iurisdietioni
1725 1893 2066 1978 subiectae,
2117 1893 2489 1961 elemosinas
2547 1893 2615 1960 in
2658 1912 2814 1979 pace
2862 1913 3121 1978 querere
3166 1913 3240 1959 ac
3284 1892 3611 1959 exhortari

742 1999 1044 2088 populum
1106 1999 1506 2086 permittatiS‚
1561 1999 1752 2067 nullis
1809 2001 2165 2067 confratriis
2222 2002 2363 2067 aliis
2418 2000 2815 2087 interpositis
2862 2021 2938 2067 ea
2981 2001 3112 2082 die3
3157 2000 3469 2087 populum
3512 2000 3614 2065 ni-

742 2108 1116 2175 chilominus
1163 2111 1438 2173 vestrum
1496 2108 1806 2174 moneatis
1853 2113 1917 2174 et
1964 2107 2300 2175 efficaciter
2344 2106 2689 2192 inducatis,
2736 2112 2811 2173 ut
2852 2127 3069 2174 eorum
3120 2108 3557 2174 fraternitates
3570 2102 3611 2137 ¹²

744 2234 1062 2281 assumere
1109 2235 1181 2280 ac
1225 2214 1435 2297 legata
1479 2214 1568 2279 eis
1614 2214 1682 2279 in
1725 2214 1951 2281 ultima
1983 2214 2303 2282 voluntate
2348 2214 2567 2282 relicta
2613 2220 2678 2281 et
2723 2214 2851 2280 alia
2893 2214 3019 2281 illis
3036 2209 3075 2243 ¹⁸
3120 2213 3427 2281 beneficia
3472 2212 3611 2279 sine

745 2321 1112 2389 difficultate
1156 2322 1450 2387 studeant
1495 2319 1807 2387 exhibere.
1875 2320 2007 2388 Nos
2051 2343 2199 2389 vero
2246 2324 2372 2405 eis,
2432 2322 2537 2407 qui
2582 2321 2767 2388 dictis
2810 2322 3111 2389 fratribus
3154 2342 3415 2388 manum
3462 2341 3613 2407 por-

743 2431 1024 2496 rexerint
1066 2427 1342 2516 pietatiS,
1391 2426 1445 2493 si
1489 2448 1634 2494 vere
1678 2427 1917 2494 fuerint
1960 2430 2331 2515 penitenteS,
2378 2430 2559 2495 iuxta
2603 2429 2958 2495 devocionis
2974 2424 3015 2458 ¹⁹
3046 2426 3337 2496 affectum
3370 2434 3437 2495 et
3462 2427 3611 2495 sub-

746 2536 889 2602 sidii
947 2536 1363 2620 quantitatem
1421 2554 1677 2601 suorum
1733 2536 2169 2621 peccaminum
2224 2536 2473 2603 veniam
2526 2534 2925 2622 pollicemur,
2984 2536 3373 2623 presentium
3431 2534 3610 2601 vobis

747 2642 1118 2711 auctoritate
1165 2643 1554 2726 mandanteS,
1602 2646 1672 2708 ut
1716 2649 2040 2729 presentes
2074 2644 2313 2728 literas,
2362 2642 2656 2727 quociens
2690 2663 2727 2709 a
2757 2643 2941 2709 dictis
2970 2642 3268 2709 fratribus
3298 2636 3612 2708 fueritis'⁰

745 2750 1055 2836 requisiti,
1101 2768 1218 2837 per
1262 2753 1504 2816 vestras
1549 2749 1795 2815 faciatis
1842 2750 2121 2817 dioceses
2168 2756 2233 2817 et
2276 2750 2641 2838 parrochias
2685 2749 2993 2836 publicari
3050 2756 3115 2816 et
3156 2748 3446 2816 subditos
3500 2770 3609 2816 ve-

747 2863 930 2941 stroe,
979 2857 1088 2942 qui
1133 2876 1322 2941 super
1367 2856 1693 2943 premissis
1739 2856 1829 2921 eis
1873 2856 2394 2944 impedimentum
2452 2857 2848 2945 prestiterint
2890 2856 2992 2923 vel
3046 2876 3409 2941 gravamen,
3464 2876 3609 2923 cen-

747 2984 897 3030 sura
941 2964 1242 3029 canonica
1303 2961 1645 3029 secundum
1693 2962 1882 3029 officii
1915 2966 2123 3032 vestri
2166 2965 2446 3032 debitum
2506 2965 2937 3053 compescatis.
3018 2964 3254 3030 Datum
3301 2962 3609 3031 Laterani

745 3071 862 3137 xiii
897 3071 1022 3137 kal.
1055 3068 1358 3137 februarii
1403 3067 1802 3155 pontificatus
1847 3073 2049 3139 nostri
2092 3092 2257 3139 anno
2304 3073 2541 3159 quinto.

958 3194 1080 3245 Sine
1104 3194 1251 3245 dato.
1287 3192 1354 3255 H,
1377 3192 1564 3254 105v.;
1600 3192 1664 3244 A.
1684 3192 1754 3243 20
1789 3210 1838 3244 ιι.
1859 3194 1929 3244 52
1964 3194 2143 3246 Latine
2168 3202 2221 3246 et
2246 3196 2572 3256 Germaniam
2608 3194 2672 3245 D.
2692 3195 2778 3246 55.
2808 3224 2869 3233 --
2910 3195 3034 3246 Oum
3058 3194 3205 3245 dato.
3241 3194 3457 3247 xiiik-l.
3478 3196 3609 3247 febr.

745 3302 797 3351 p.
820 3301 872 3335 ιι.
897 3301 944 3335 a.
969 3284 1030 3334 5.
1067 3300 1130 3334 ex
1166 3280 1398 3348 originali
1423 3282 1666 3333 Gracensi
1692 3282 1807 3344 VH,
1833 3282 1955 3346 367,
1993 3283 2128 3349 quod
2163 3284 2429 3352 sequimur.
2484 3281 2761 3349 originale,
2797 3282 2976 3348 quod
2960 3301 3061 3335 ram
3084 3284 3358 3351 antiquitus
3380 3284 3437 3337 ὶιι
3462 3284 3611 3337 dumo

746 3372 1052 3424 Theutonico
1079 3371 1459 3423 vindobonensi
1501 3370 1657 3421 fixisse
1693 3370 2002 3436 perhibetur,
2038 3390 2151 3424 cum
2196 3372 2335 3425 bulla
2368 3374 2420 3425 in
2457 3372 2553 3423 filis
2588 3371 2751 3423 rubris
2788 3381 2840 3423 et
2874 3372 3025 3424 luteis
3061 3373 3385 3440 appendente
3420 3372 3611 3425 ibidem

746 3460 829 3512 vel
861 3477 996 3511 nunc
1030 3468 1123 3511 est.
1158 3492 1230 3503 —
1278 3460 1400 3511 Cum
1436 3459 1579 3510 dato:
1627 3458 1712 3509 viii
1745 3458 1848 3509 kal.
1883 3458 2010 3512 febr.
2048 3480 2099 3527 p.
2125 3480 2176 3513 n.
2201 3481 2246 3513 a.
2272 3462 2333 3523 5,
2381 3462 2461 3512 ed.
2499 3460 2727 3512 Duellius
2768 3460 2901 3512 Hist.
2937 3462 3045 3512 ord.
3078 3462 3257 3513 Theut.
3294 3462 3373 3525 Π,
3397 3462 3437 3512 4
3480 3478 3532 3513 n.
3558 3461 3610 3513 3.

703 3562 710 3569 ·
749 3552 939 3613 (errore
949 3550 994 3615 Ἰ)
1141 3549 1188 3600 1.
1226 3549 1371 3599 deest
1393 3548 1458 3599 H.
1565 3547 1616 3598 2.
1653 3546 1875 3599 ecclesiis
1900 3566 2072 3601 eorum
2094 3550 2161 3602 H.
2274 3551 2325 3603 3.
2363 3551 2506 3601 deest
2540 3550 2603 3601 A.
2624 3548 2693 3600 20
2726 3549 3018 3602 nominatim
3043 3550 3200 3601 eciam
3222 3530 3288 3601 11.
3393 3550 3447 3603 4.
3484 3567 3608 3601 eon-

747 3638 913 3690 swetis
961 3644 1013 3689 et
1047 3638 1110 3689 A.
1131 3636 1215 3687 20.
1349 3636 1400 3688 5.
1438 3635 1871 3689 confraternitates
1908 3640 1972 3690 A.
1992 3638 2077 3691 20.
2206 3638 2258 3690 6.
2296 3656 2468 3691 eorum
2504 3639 2567 3690 A.
2586 3637 2672 3691 20.
2796 3635 2845 3689 7.
2880 3654 2929 3689 ν.
2956 3657 3003 3690 a.
3040 3638 3107 3691 A.
3131 3636 3217 3689 20.
3340 3636 3392 3690 8.
3430 3655 3611 3691 meas

749 3729 813 3778 A.
837 3726 924 3778 20.
1100 3725 1151 3777 9.
1189 3742 1258 3777 sc.
1283 3742 1334 3792 p.
1357 3742 1424 3777 m.
1462 3724 1637 3777 A.·20.
1819 3724 1899 3778 10.
1935 3744 2025 3779 eos
2060 3728 2125 3779 A.
2150 3726 2236 3780 20.
2419 3728 2501 3779 11.
2538 3726 2789 3794 generalis
2825 3726 2889 3779 A.
2914 3726 3001 3778 20.
3182 3726 3265 3779 12.
3300 3742 3422 3796 eura
3444 3726 3611 3779 Am.

753 3817 835 3867 13.
871 3814 1058 3883 publici
1093 3815 1156 3866 A.
1176 3814 1264 3866 20.
1455 3814 1535 3865 14.
1572 3813 1772 3881 publice
1809 3815 1922 3867 VH.
2115 3817 2196 3868 15.
2235 3816 2444 3868 aliarum
2478 3817 2543 3868 H.
2723 3814 2805 3867 16.
2843 3823 2931 3867 aut
2964 3815 3028 3867 A.
3053 3814 3139 3867 20.
3190 3846 3206 3879 3
3286 3814 3371 3869 17.
3404 3815 3609 3867 consta-

746 3904 1009 3957 ternitates
1044 3904 1108 3955 A.
1134 3902 1219 3955 20.
1401 3901 1483 3954 18.
1519 3902 1630 3955 aliis
1666 3902 1752 3955 illa
1789 3904 1902 3956 VH.
2086 3906 2168 3957 19.
2204 3904 2513 3957 defensionis
2548 3904 2614 3957 H.
2792 3902 2878 3956 20.
2914 3904 3103 3956 fuerint
3135 3904 3201 3957 H.

755 4206 1142 4277 3421221
1175 4208 1464 4273 ianuarii
1489 4206 1575 4273 21
1607 4206 1916 4274 Laterani
1946 4207 2063 4293 (cf.
2090 4208 2268 4273 1222
2296 4210 2585 4273 ianmrii
2608 4210 2694 4275 21
2728 4207 3084 4289 Laterani).
3142 4206 3470 4275 Honorius
3496 4206 3619 4274 III

969 4318 1137 4382 iubet
1160 4316 1360 4401 false,
1408 4326 1480 4380 ut
1521 4314 1933 4403 eleemosynas
1980 4316 2355 4403 colliyerent,
2404 4318 2609 4403 niqris
2641 4318 2884 4381 ordinis
2923 4314 3291 4383 Tkeutonici
3318 4316 3607 4383 modom

974 4436 1246 4503 ornatos,
1295 4422 1709 4488 ecclesiastica
1753 4424 2096 4510 disciplina
2140 4426 2425 4490 coerceri.

973 4564 1288 4631 Honorius
1335 4563 1666 4649 episcopus
1722 4585 1942 4632 servus
1999 4584 2321 4632 servorum
2378 4564 2481 4631 dei
2533 4563 2995 4632 venerabilibus
3050 4562 3351 4631 fratribus
3406 4562 3606 4631 arehi-

753 4673 1063 4760 episcopis
1094 4676 1158 4737 et
1187 4670 1497 4757 episcopis
1531 4677 1594 4737 et
1623 4672 1866 4739 dilectis
1895 4671 2045 4739 filiis
2078 4671 2427 4755 abbatibuS‚
2458 4670 2793 4758 prioribus,
2832 4670 3310 4755 archidiaconis,
3332 4670 3604 4755 decanis,

755 4784 819 4846 et
861 4780 1002 4845 aliis
1047 4778 1448 4847 ecclesiarum
1494 4779 1777 4866 prelatis,
1827 4779 1906 4846 ad
1952 4800 2106 4865 quos
2150 4780 2361 4847 littere
2404 4778 2527 4845 iste
2571 4780 2992 4864 pervenerint,
3038 4778 3307 4845 salutem
3350 4783 3417 4845 et
3458 4798 3607 4865 apo-

755 4886 1040 4953 stolicam
1105 4887 1618 4954 benedictionem.
1756 4886 1955 4956 Decet
2020 4887 2355 4975 pastoralis
2414 4884 2901 4953 sollicitudinem
2969 4884 3325 4968 dignitatiS,
3382 4904 3605 4971 pravas

754 5000 820 5060 et
861 5014 1146 5061 enormes
1188 4994 1554 5081 iniquitates
1599 4992 1866 5063 evellere
1910 4999 1977 5062 et
2018 4995 2201 5079 vicia,
2249 5013 2369 5081 que
2412 4992 2761 5081 periculum
2806 4992 3063 5080 pariunt
3104 4992 3477 5077 animarum,
3506 5010 3605 5058 ra·
