3892 5609
745 339 895 412 288
939 417 948 439 .
1016 406 1022 420 ‚
1719 349 2143 401 Pourmouu
2190 349 2634 397 Romanorum

741 508 792 559 3.
829 509 974 559 deest
1009 509 1072 559 A.
1097 508 1177 561 16.
1337 508 1388 560 4.
1424 510 1540 576 pro⁰
1575 510 1617 563 Ι.
1777 510 1827 561 5.
1863 510 2097 577 legantur
2133 526 2183 575 p.
2208 526 2256 560 r.
2282 526 2327 559 r.
2356 527 2401 559 a.
2428 528 2474 559 a.
2501 525 2545 561 e.
2582 507 2887 574 extorquetis
2922 508 2985 559 A.
3010 506 3093 557 16.
3250 506 3301 557 6.
3338 524 3389 555 u.
3416 522 3465 557 v·
3492 523 3551 571 p.
3576 524 3629 555 a..

742 615 780 647 s.
820 597 964 647 deest
997 596 1086 649 IV.
1257 597 1308 649 7.
1347 598 1490 650 deest
1525 598 1614 660 IV,
1653 600 1716 649 A.
1739 598 1821 649 16.
1927 598 1949 621 ‘
2012 598 2061 650 8.
2102 599 2143 648 si
2179 598 2243 649 A.
2274 597 2354 648 16.
2542 598 2592 648 9.
2630 614 2716 649 eos
2753 596 2827 670 Ι.ἱ
2986 595 3069 647 10.
3107 594 3403 661 porcionem
3440 596 3507 645 A.
3542 593 3629 645 16.

745 687 826 735 ll.
865 704 912 751 q.
938 694 1131 737 tantum
1169 688 1230 737 A.
1257 686 1341 738 20.
1489 688 1570 739 12.
1609 688 1818 753 quisque
1855 688 1917 737 A.
1949 686 2030 739 16.
2178 687 2259 737 13.
2298 686 2571 737 contendat
2606 686 2669 737 A.
2698 685 2779 745 16,
2817 683 2905 736 IV.
3054 685 3134 734 14.
3178 682 3375 734 iniuriis
3415 692 3469 733 et
3506 700 3625 733 mo-

739 774 898 825 lestiis
935 776 1186 826 abstinere
1222 776 1286 827 A.
1317 776 1399 828 16.
1546 777 1626 829 15.
1664 786 1722 827 ut
1755 777 1820 827 A.
1851 776 1930 827 16.
2079 775 2159 825 16.
2196 774 2477 841 negliencia
2511 774 2601 826 IV.
2718 774 2830 825 ¹17.
2878 792 2919 825 r.
2946 791 3026 839 p.;
3062 772 3244 823 merito
3282 773 3433 823 deest
3457 772 3505 833 Ι,
3531 772 3629 822 IV.

745 862 825 914 18.
866 864 1048 915 christ-i
1085 864 1230 916 deest
1264 865 1305 927 I,
1329 866 1417 918 IV.
1581 866 1662 917 19.
1700 883 1868 915 sumus
1893 863 1988 926 IV,
2025 864 2170 915 deest
2194 866 2256 916 A.
2282 864 2363 926 16,
2400 864 2463 915 A.
2492 864 2575 915 20.
2720 864 2807 915 20.
2842 882 2892 914 n.
2918 880 3087 913 sumus
3124 879 3171 913 ο.
3202 862 3267 912 A.
3292 861 3377 921 16,
3414 878 3465 911 n.
3494 880 3547 911 ο.
3576 860 3628 910 d.

741 969 910 1002 sumus
945 954 1009 1004 A.
1035 953 1120 1003 20.
1287 954 1372 1005 21.
1411 953 1652 1006 beneficio
1687 953 1729 1006 I.
1899 952 1985 1005 22.
2024 954 2322 1006 conferimur
2355 954 2445 1005 IV.
2612 952 2697 1004 23.
2742 962 2877 1003 terre
2912 952 2977 1003 A.
3007 951 3087 1002 16.
3252 948 3342 1003 24.
3394 950 3551 1001 deest
3584 949 3629 999 Ι.

741 1040 825 1092 25.
863 1042 936 1093 eis
973 1050 1303 1109 persequatur
1339 1042 1378 1094 I.

745 1290 920 1360 317.
961 1293 1132 1359 1221
1179 1297 1468 1359 ianuarii
1495 1296 1580 1361 16
1612 1294 1932 1360 Laterani.
2002 1294 2325 1359 Honorius
2349 1292 2470 1358 III
2492 1306 2655 1359 vetat
2680 1293 2999 1379 praelatos
3032 1292 3109 1357 ab
3142 1294 3369 1357 ordine
3406 1291 3627 1358 Then-

959 1404 1163 1466 tom‘co
1209 1402 1652 1488 lwspitationee
1699 1405 1961 1489 exiqere.

961 1540 1274 1608 Honorius
1323 1544 1652 1631 episcopus
1699 1565 1914 1611 servus
1962 1562 2286 1609 servorum
2334 1542 2433 1607 dei
2468 1540 2923 1609 venerabilibus
2962 1540 3264 1606 fratribus
3297 1540 3629 1626 archiepi-

739 1647 945 1733 scopis
979 1656 1042 1715 et
1071 1650 1404 1736 episcopie,
1449 1658 1514 1717 et
1558 1651 1800 1718 dilectis
1844 1650 1993 1717 filiis
2041 1648 2391 1732 abbatibus,
2437 1648 2775 1735 prioribus,
2824 1647 3302 1730 archidiaconis,
3350 1648 3629 1713 decanis

739 1760 804 1829 et
847 1754 988 1821 aliis
1033 1756 1432 1825 ecclesiarum
1481 1758 1760 1845 prelatiS,
1818 1759 1897 1824 ad
1943 1777 2098 1844 quos
2142 1757 2352 1823 littere
2394 1757 2517 1822 iste
2560 1755 2983 1843 pervenerint,
3031 1754 3298 1821 salutem
3346 1761 3415 1821 et
3458 1774 3627 1840 apo-

735 1862 1024 1928 stolicam
1069 1864 1582 1933 benedictionem.
1817 1865 2196 1948 Evangelice
2242 1856 2556 1946 doctrine,
2604 1882 2725 1947 que
2771 1861 3061 1949 prohibet
3106 1862 3377 1927 alterum
3426 1861 3626 1927 alteri

737 1969 964 2053 facere,
1012 1973 1178 2057 quod
1221 1973 1344 2040 sibi
1386 1972 1550 2040 fieri¹
1597 1973 1812 2055 nollet,
1859 1979 1925 2039 et
1968 1971 2281 2037 honestati
2328 1970 2745 2036 ecclesiastice
2776 1969 3149 2035 contradicit
3182 1968 3471 2052 aliquam
3516 1988 3623 2033 re-

737 2076 1025 2161 ligiosam
1091 2078 1346 2145 domum
1414 2081 1480 2145 in
1542 2081 1830 2147 inmensa
1882 2078 2284 2144 multitudine
2338 2078 2597 2143 visitare
2652 2082 2715 2143 et
2771 2072 3012 2143 lautas⁸
3066 2076 3287 2163 epulas
3346 2094 3623 2161 querere

737 2184 936 2268 illum,
985 2186 1093 2271 qui
1136 2186 1202 2253 in
1250 2188 1433 2253 domo
1481 2188 1742 2274 propria
1785 2186 2263 2273 procurationes
2306 2184 2547 2251 sobrias
2578 2185 2688 2251 vix
2726 2182 3041 2249 interdum
3086 2184 3227 2254 aliis
3256 2184 3399 2249 sine
3430 2203 3621 2249 scan-

738 2290 878 2357 dalo
925 2288 1300 2360 exhiberet³.
1385 2294 1759 2381 Accepimus
1820 2299 2061 2376 autem,
2120 2292 2285 2376 quod
2332 2292 2587 2375 quidam
2637 2295 2915 2357 vestrum
2966 2291 3185 2357 domos
3232 2290 3620 2357 dilectorum

734 2396 1038 2483 filiorum,
1106 2400 1371 2468 fratrum
1428 2400 1757 2488 hospitalis
1816 2406 2030 2467 sancte
2088 2398 2287 2465 Mai-ie
2343 2395 2897 2465 Theotonicorum⁴
2953 2398 3475 2482 lerosolimitani,
3544 2398 3619 2463 in

737 2526 968 2589 magna
1017 2508 1422 2574 multitudine
1479 2528 1778 2594 equorum
1836 2512 1900 2573 et
1954 2508 2274 2573 hominum
2333 2505 2665 2590 adeunteS,
2722 2507 2790 2571 in
2848 2507 2937 2571 eis
2992 2506 3295 2571 fratribus
3352 2512 3617 2571 contra-

737 2611 1086 2679 dicentibus
1139 2613 1539 2701 hospitantur
1585 2620 1648 2682 et
1704 2614 1995 2700 expensis
2056 2613 2445 2698 gravissimis
2500 2614 2885 2697 inquietant,
2943 2632 3097 2697 qnos
3156 2612 3477 2679 debebant
3528 2612 3615 2677 ad

734 2721 1149 2786 reverentiam
1207 2729 1520 2807 nostram,
1581 2722 1661 2789 ad
1706 2722 1882 2788 cuius
1935 2721 2357 2787 defensionem
2404 2720 2759 2809 speci-aliter
2804 2720 3151 2806 pertinent,
3208 2725 3274 2785 et
3318 2719 3614 2785 conside-

735 2825 1020 2894 racione⁶
1066 2828 1380 2914 obsequii,
1438 2828 1604 2915 quod
1658 2814 2041 2895 defensiohi⁶
2088 2828 2565 2895 christianitatis
2612 2827 2909 2895 exhibent
2950 2828 3018 2892 in
3063 2827 3350 2913 partibus
3392 2832 3613 2894 trans-

735 2934 1019 3018 mariniS,
1065 2941 1286 3002 contra
1331 2936 1486 3003 alios
1532 2935 1797 3003 sollicite
1842 2936 2160 3003 adiuvare.
2232 2936 2392 3013 Quia
2434 2936 2628 3018 igitur
2668 2934 2940 3001 tolerare
2983 2936 3050 2999 in
3084 2930 3443 3020 paciencia⁷
3476 2956 3611 3001 non

737 3041 1056 3127 debemus,
1102 3048 1174 3108 ut
1215 3044 1280 3108 in
1329 3042 1548 3109 diebus
1593 3044 1826 3109 nostris
1861 3043 2097 3109 honera
2128 3042 2427 3128 predictis
2454 3041 2756 3107 fratribus
2787 3043 3213 3128 imponantur,
3261 3062 3381 3126 que
3412 3046 3612 3107 antea

735 3169 862 3216 non
907 3155 1272 3236 portarunt3
1333 3150 1724 3216 universitati
1769 3156 1979 3217 vestre
2025 3150 2395 3216 auctoritate
2444 3149 2787 3235 apostolica
2830 3149 3177 3216 districtius
3222 3148 3607 3233 inhibemus,

734 3276 816 3322 ne
870 3257 936 3322 in
982 3257 1270 3324 domibus
1316 3278 1531 3324 eorum
1586 3257 1742 3343 ipsis
1788 3259 2065 3342 queratis
2110 3257 2525 3323 renitentibus
2569 3255 2907 3342 hospitari,
2963 3257 3087 3322 nisi
3128 3257 3293 3323 forte
3337 3256 3405 3323 in
3451 3276 3608 3323 con-

735 3366 1015 3431 cessione
1046 3366 1344 3452 'ipsarum
1387 3364 1714 3430 domorum
1747 3364 1924 3431 vobis
1957 3365 2307 3449 vestrisque
2352 3364 2811 3431 successoribus
2857 3364 3188 3430 manifeste
3234 3366 3611 3450 apparuerit

733 3476 1153 3555 reservatum,
1221 3472 1334 3538 sed
1391 3492 1466 3538 ea
1520 3472 1738 3557 pocius
1791 3471 2151 3538 reverencia
2208 3476 2274 3537 et
2326 3469 2640 3555 obsequiis
2698 3472 2834 3538 sitis
2892 3472 3199 3553 contenti,
3263 3470 3429 3556 quod
3484 3492 3607 3557 per

696 3620 704 3628 ι
735 3578 1039 3664 scriptum
1098 3580 1481 3646 autenticum
1537 3578 1910 3646 declaratur.
1992 3578 2229 3644 Datum
2246 3572 2269 3607 ⁸
2312 3574 2647 3645 Laterani⁹
2694 3578 2825 3645 xvii
2868 3579 2995 3645 kal.
3040 3579 3343 3646 februarii
3386 3580 3605 3665 ponti-

732 3684 954 3753 ficatus
1000 3687 1200 3753 nostri
1249 3707 1411 3753 anno
1457 3706 1516 3753 v.

945 3827 1067 3879 Sine
1104 3828 1246 3879 dato:
1297 3828 1337 3890 I,
1363 3828 1457 3889 673
1493 3826 1560 3887 11,
1589 3826 1683 3876 101
1725 3844 1774 3875 n.
1800 3824 1898 3886 383
1933 3824 2000 3876 D.
2026 3826 2123 3888 37;
2161 3828 2224 3878 A.
2250 3826 2320 3877 20
2354 3844 2404 3878 n.
2432 3826 2501 3877 36
2536 3827 2715 3877 Latine
2751 3836 2802 3877 et
2838 3826 3136 3878 Germanice
3172 3844 3285 3877 cum
3320 3838 3469 3878 nota:
3508 3826 3603 3891 „In

734 3916 886 3967 Alton
909 3916 990 3967 vel
1025 3917 1077 3967 in
1102 3916 1509 3983 Mergintheim“,
1552 3914 1686 3979 „Das
1721 3915 1789 3965 ist
1824 3930 1914 3965 zcu
1939 3914 2090 3966 Alton
2121 3916 2231 3966 adir
2256 3933 2345 3967 zcu
2368 3916 2805 3982 Mergentheym“.
2839 3944 2902 3955 —-
2932 3917 3053 3967 Cum
3084 3916 3203 3968 dato
3240 3917 3421 3967 citatur
3444 3916 3507 3967 R.
3526 3914 3599 3967 7⁹1

731 4006 865 4057 inter
889 4004 1381 4072 Mergenthemensia
1415 4022 1465 4056 n.
1491 4004 1576 4055 29.
1708 4003 1754 4054 l.
1791 4002 1900 4054 fieri
1925 4003 2021 4054 sibi
2042 4004 2109 4056 ΙΙ.
2236 4004 2284 4055 2.
2322 4005 2452 4057 latas
2478 4005 2517 4055 1.
2643 4004 2693 4055 3.
2732 4004 2765 4055 i.
2784 4024 2824 4055 s.
2844 4022 2884 4055 s.
2904 4023 2950 4055 a.
2968 4022 3011 4055 e.
3036 4004 3103 4055 ΙΙ.
3227 4006 3278 4057 4.
3314 4005 3509 4055 Theut-
3527 4004 3597 4055 11.

732 4094 784 4147 5.
823 4095 1270 4147 considerationem
1294 4094 1360 4145 11.
1503 4094 1553 4144 6.
1590 4091 1883 4169 defensione
1906 4091 1973 4143 11.
2117 4093 2167 4145 7.
2203 4094 2254 4144 in
2278 4094 2522 4161 patientia
2546 4094 2778 4145 tollerare
2800 4094 2868 4145 Π.
3011 4094 3060 4145 8.
3098 4102 3301 4145 caetera
3323 4094 3507 4147 desunt
3528 4094 3600 4144 11.

733 4184 784 4235 9.
821 4192 1022 4235 caetera
1059 4184 1242 4235 desunt
1277 4182 1316 4235 I.

739 4431 914 4504 318.
955 4434 1128 4502 1221
1162 4437 1449 4501 ianuarii
1477 4434 1563 4500 16
1608 4431 1917 4498 Laterani
1943 4430 2059 4518 (qs.
2094 4434 2271 4500 1223
2298 4435 2469 4519 febr.
2498 4434 2637 4515 26).
2702 4434 3027 4501 Honorius
3060 4434 3181 4501 III
3218 4448 3380 4501 vetat
3404 4456 3595 4522 prae-

957 4542 1113 4608 latos
1157 4545 1540 4607 vicariorum
1573 4542 1650 4606 ab
1685 4542 1903 4605 ordine
1934 4538 2309 4607 Theutonico
2356 4544 2443 4607 ad
2486 4543 2767 4608 ecclesias
2815 4545 2947 4607 eius
2990 4544 3089 4608 vel
3122 4543 3419 4629 fratrum
3462 4546 3593 4607 eius

955 4674 998 4715 a
1039 4653 1326 4737 patronis
1373 4652 1458 4714 ad
1502 4650 1664 4713 aliae
1700 4661 2246 4736 praesentator-um
2290 4652 2735 4716 institutionem
2778 4652 3100 4738 deneyare.

955 4790 1268 4859 Honorius
1325 4790 1654 4878 episcopus
1708 4812 1925 4857 servus
1984 4812 2310 4858 servorum
2366 4792 2463 4857 dei
2518 4792 2977 4859 venerabilibus
3033 4792 3333 4859 fratribus
3392 4790 3593 4859 archi-

733 4898 1046 4984 episcopis
1093 4905 1155 4965 et
1198 4899 1506 4985 episcopis
1553 4904 1615 4965 et
1660 4898 1902 4965 dilectis
1951 4898 2096 4965 filiis
2145 4898 2505 4983 abbatibuS,
2551 4900 2895 4986 prioribus,
2942 4899 3431 4983 archidiaconi8‚
3484 4899 3593 4965 de-

735 5006 908 5073 canis
954 5012 1016 5072 et
1061 5006 1202 5073 aliis
1250 5006 1649 5073 ecclesiarum
1696 5005 1977 5092 prelatiS,
2026 5007 2106 5073 ad
2150 5026 2305 5091 quos
2351 5006 2557 5074 littere
2603 5008 2721 5075 iste
2762 5008 3183 5094 pervenerint,
3232 5008 3495 5074 salutem
3529 5012 3593 5073 et
