3892 5609
1569 377 1850 429 nvom
2324 346 2335 355 ’
2988 366 3138 438 227

503 560 656 605 nmn
718 540 1090 625 maqiemm
1153 538 1420 606 militiae
1476 537 1711 606 Christi
1763 541 1840 607 de
1895 540 2347 607 imdiccim.
2441 539 2690 609 Imma
2748 552 2895 607 sunt
2948 540 3141 605 docu-

499 658 710 713 menta
751 647 831 712 de

701 753 881 824 1224
922 752 1072 819 iulii
1111 753 1220 821 23.
1290 755 1650 821 Hemanni
1691 754 2018 841 Lealengsis
2063 756 2346 841 epebcopi
2387 751 2619 841 (supra
2660 778 2724 821 n.
2756 750 2922 837 226)
2968 767 3025 819 st

706 861 884 927 1224
925 861 1074 927 iulii
1113 860 1222 928 24.
1289 861 1541 929 Albem‘
1581 861 1981 929 [Avoniemie
2026 865 2309 949 episcopi
2350 859 2580 950 (supra
2622 886 2686 927 n.
2720 860 2915 944 227).

503 983 732 1053 Coram
775 983 957 1051 nobis
987 984 1323 1071 Willelmo,
1368 987 1774 1055 miseratione
1820 986 2037 1055 divina
2065 984 2409 1054 Mutinensi
2439 986 2755 1074 episcope,
2800 984 3145 1073 apostolice

274 1092 450 1161 sedis
495 1091 722 1177 legato,
775 1092 940 1160 inter
984 1092 1439 1179 Hermannum,
1494 1094 1860 1184 episcopum
1903 1092 2271 1163 Lealensem
2321 1096 2454 1162 sive
2496 1093 2859 1179 Iohannem,
2915 1111 3144 1179 prepo-

273 1201 474 1267 situm
529 1199 894 1286 Rigensem,
949 1206 1423 1288 procuratorem
1480 1201 1634 1269 dicti
1691 1202 2003 1290 episcopi,
2064 1203 2407 1270 secundum
2463 1201 2631 1288 quod
2686 1222 2803 1289 per
2853 1204 3143 1288 patentes

273 1308 525 1375 litteras
572 1308 852 1375 eiusdem
898 1309 1176 1396 episcopi
1212 1309 1579 1395 apparebat,
1627 1331 1704 1376 ex
1749 1331 1878 1377 una
1921 1316 2123 1398 parte,
2171 1316 2235 1378 et
2262 1308 2727 1393 V(olcwinum),
2771 1308 3145 1392 magistrum

273 1415 506 1483 militie
535 1414 772 1481 Christi
801 1436 879 1483 ex
911 1415 1130 1500 altera,
1175 1418 1417 1501 questio
1445 1416 1878 1484 huiuscemodi
1909 1418 2289 1485 vertebatur.
2346 1416 2610 1485 Petebat
2638 1434 2918 1501 namque
2940 1413 3145 1481 dictus

273 1523 582 1609 magister
628 1524 945 1609 quandam
990 1524 1408 1609 concordiam,
1461 1524 1696 1593 factam
1739 1523 1906 1592 inter
1954 1546 2022 1592 se
2068 1531 2133 1593 et
2174 1524 2501 1597 dominum
2546 1524 2911 1611 episcopum
2957 1542 3147 1609 super

273 1630 587 1697 divisione
631 1632 958 1715 regionum
1001 1631 1283 1716 Estonie,
1330 1652 1452 1717 que
1496 1636 1644 1699 sunt
1685 1633 1756 1699 in
1801 1632 2169 1720 episcopatu
2212 1622 2346 1717 sue,
2398 1630 2757 1699 confirmari
2801 1629 3146 1698 secundum

273 1736 548 1805 formam
589 1737 946 1805 litterarum
974 1738 1175 1827 ipsius
1221 1740 1522 1827 episcopi,
1564 1760 1830 1825 quarum
1860 1745 2045 1807 tenor
2072 1718 2219 1806 talis
2245 1744 2411 1807 erat:
2458 1738 2506 1807 Ι.
2537 1759 2600 1805 n.
2635 1760 2686 1805 s.
2722 1758 2774 1805 e.
2807 1738 2849 1803 i.
2883 1742 2928 1804 t.
2962 1736 3146 1805 Heri-

272 1865 547 1911 mannus
594 1850 710 1913 etc.
757 1846 862 1927 (cf.
897 1866 1092 1932 supra
1116 1848 1182 1912 'n.
1209 1848 1384 1927 226).
1454 1846 1554 1913 Ex
1588 1848 1850 1915 adverso
1889 1847 2311 1934 respondebat
2350 1848 2730 1933 prepositus,
2776 1850 3145 1933 procurator

273 1952 558 2020 eiusdem
604 1953 902 2040 episcopi,
949 1954 1117 2039 quod
1159 1954 1328 2021 dicta
1373 1954 1706 2022 concordia
1739 1954 2007 2022 debebat
2050 1954 2409 2021 confirmari
2452 1973 2582 2020 non
2627 1952 2970 2022 secundum
3014 1951 3143 2019 for-

270 2080 448 2127 mam
504 2060 860 2128 litterarum
915 2061 1372 2148 predictarum,
1433 2062 1546 2130 sed
1601 2063 1944 2129 secundum
2002 2063 2272 2130 formam
2335 2062 2691 2129 litterarum
2734 2060 2983 2127 Alberti
3034 2058 3145 2125 Ri-

271 2168 485 2251 gensis
517 2168 817 2256 episcopi,
852 2188 1118 2255 quarum
1149 2174 1328 2236 tenor
1359 2169 1504 2237 talis
1535 2175 1701 2237 erat:
1747 2169 2048 2238 Albertus
2080 2176 2196 2237 etc.
2246 2170 2350 2251 (cf.
2385 2190 2581 2256 supra
2608 2189 2669 2235 n.
2698 2169 2873 2250 227).
2945 2166 3145 2233 Dubi-

271 2275 577 2342 tationem
623 2277 831 2344 facere
873 2277 1204 2345 videbatur
1249 2277 1582 2345 diversitas
1626 2276 1980 2345 litterarum
1994 2328 2015 2363 ,
2076 2282 2141 2345 et
2186 2277 2334 2363 quia
2376 2277 2444 2343 in
2488 2276 2712 2363 primis
2755 2295 2883 2342 non
2938 2274 3146 2343 fuerat

270 2383 656 2470 appositum,
702 2386 871 2470 quod
913 2385 980 2451 in
1027 2385 1316 2453 secundis
1347 2384 1677 2453 videbatur
1707 2406 2100 2474 expressum,
2145 2385 2300 2452 item
2344 2385 2495 2471 quia
2536 2384 2767 2469 littere,
2814 2401 2935 2468 que
2975 2381 3143 2448 dice-

268 2488 504 2557 bantur
548 2496 612 2558 et
657 2511 738 2560 ex
781 2492 926 2580 ipsa
969 2493 1304 2561 verborum
1351 2494 1513 2560 serie
1556 2493 1932 2561 videbantur
1976 2491 2217 2577 ultime,
2264 2493 2550 2579 inspecta
2590 2490 2947 2558 litterarum
2993 2489 3145 2557 data

265 2596 476 2684 prime
518 2598 731 2685 potius
777 2600 1170 2686 videbantur,
1216 2600 1382 2668 unde
1415 2600 1805 2685 allegabatur
1837 2600 2253 2668 intervenisse
2283 2599 2610 2687 scriptoris
2642 2618 2936 2665 errorem.
3006 2596 3142 2665 Mo-

266 2704 460 2772 vebat
504 2707 727 2792 etiam,
783 2708 950 2793 quod
993 2708 1060 2775 in
1104 2708 1334 2776 litteris
1383 2709 1664 2797 episcopi
1705 2710 2054 2776 Hermanni
2098 2709 2177 2777 de
2224 2706 2495 2795 quodam
2542 2706 2857 2773 autentico
2903 2706 3141 2773 mentio

263 2810 637 2900 habebatur,
684 2814 795 2881 sed
839 2815 1264 2902 dubitabatur,
1313 2817 1390 2884 de
1422 2837 1544 2903 quo
1575 2819 1891 2884 autentico
1921 2817 2255 2885 diceretur.
2326 2815 2532 2902 Super
2559 2813 2682 2882 hiis
2716 2814 3139 2898 interrogatus

263 2925 640 3007 procurator
685 2923 985 3009 episcopi,
1028 2922 1469 3009 respondebat,
1524 2925 1692 3011 quod
1734 2923 1946 2992 littere
1991 2944 2139 2991 vere
2184 2928 2423 3008 essent,
2481 2923 2593 2990 sed
2636 2921 2897 2989 verbum
2944 2921 3140 3006 quod-

263 3026 416 3093 dam
459 3028 912 3096 iurisdictionis
956 3029 1048 3097 ibi
1093 3051 1460 3117 expressum
1507 3051 1636 3098 non
1682 3031 2001 3099 debuisset
2043 3031 2273 3099 litteris
2319 3030 2531 3097 taliter
2573 3030 2884 3097 insertum
2922 3029 3137 3097 fuisse.

263 3134 578 3220 Magister
619 3157 767 3204 vero
824 3158 1013 3225 super
1056 3138 1248 3206 verbo
1294 3138 1744 3207 iurisdictionis
1797 3140 2221 3223 interrogatus
2276 3137 2634 3226 respondit,
2694 3138 2893 3225 quod,
2952 3137 3007 3203 si
3062 3137 3141 3206 de

261 3262 539 3330 persona
596 3264 712 3312 sua
763 3245 864 3313 vel
921 3244 1180 3312 alterius
1234 3246 1524 3330 magistri
1579 3266 1696 3333 pro
1751 3250 2039 3333 tempore
2096 3246 2425 3315 existentis
2492 3245 2885 3332 querimonia
2940 3242 3138 3329 fieret,

259 3350 404 3438 ipse
448 3352 752 3436 magister
795 3357 1118 3420 teneretur
1160 3353 1278 3420 sub
1323 3354 1620 3441 episcopo
1676 3354 2077 3440 respondere.
2160 3353 2387 3421 Clerici
2434 3373 2582 3420 vero
2626 3352 2946 3437 magistri,
3005 3353 3138 3419 sive

263 3458 548 3527 eiusdem
591 3458 914 3545 religionis
957 3460 1194 3527 fuerint
1236 3462 1370 3529 sive
1413 3482 1571 3546 non,
1628 3460 1859 3529 debent
1903 3460 2020 3529 sub
2067 3462 2363 3549 episcopo
2409 3460 2477 3526 in
2522 3458 2955 3546 spiritualibus
2996 3464 3137 3526 tan-

257 3570 403 3633 tum
447 3568 846 3654 respondere.
915 3566 1120 3635 (lause
1149 3590 1297 3637 vero
1343 3567 1706 3656 spirituales
1753 3568 1984 3637 debent
2027 3569 2144 3637 sub
2190 3569 2486 3656 episcopo
2531 3566 2810 3634 diffiniri.
2878 3565 3137 3634 Fratres

261 3678 480 3744 autem
509 3678 802 3742 tenentur
833 3675 1212 3761 respondere
1245 3675 1637 3745 solummodo
1669 3676 1786 3743 sub
1817 3676 2139 3761 magistro.
2211 3676 2512 3743 Homines
2544 3676 2735 3742 etiam
2777 3673 3135 3742 habitantes

257 3782 330 3848 in
375 3788 559 3868 parte
587 3783 877 3867 magistri
907 3782 1138 3850 debent
1172 3784 1288 3852 sub
1318 3785 1622 3869 magistro
1654 3784 1949 3851 similiter
1977 3782 2378 3870 respondere,
2424 3784 2519 3851 ita
2560 3788 2795 3866 tamen,
2844 3782 3030 3867 quod,
3080 3782 3136 3847 si

259 3889 575 3957 sentirent
615 3891 682 3957 in
714 3890 1050 3957 diffinitiva
1079 3892 1394 3959 sententia
1436 3914 1504 3959 se
1535 3897 1851 3977 gravatoS,
1893 3891 2145 3979 possint
2179 3890 2260 3957 ad
2290 3891 2617 3958 dominum
2646 3890 3032 3976 episcopum,
3080 3888 3137 3957 si

258 3996 595 4083 voluerint,
642 3996 984 4085 appellare.
1068 3998 1272 4086 Super
1317 3999 1544 4084 quibus
1588 4004 1961 4086 procurator
2006 4000 2429 4084 interrogatus
2474 3997 2833 4085 respondit,
2886 3997 2955 4062 in
3002 4016 3135 4062 om-

255 4104 448 4171 nibus
493 4105 586 4173 ita
630 4124 784 4173 esse.
855 4105 1026 4173 Visis
1069 4106 1264 4190 igitur
1310 4112 1374 4173 et
1417 4108 1650 4174 auditis
1681 4107 2009 4192 utriusque
2038 4106 2238 4193 partis
2278 4104 2737 4190 instrumentiS,
2783 4103 3135 4172 attestatio-

255 4210 448 4279 nibus
493 4216 558 4280 et
599 4213 980 4299 rationibus,
1037 4212 1254 4282 habito
1311 4215 1503 4281 etiam
1549 4214 1905 4302 sapientum
1954 4214 2248 4299 consilio,
2306 4212 2555 4281 firmam
2612 4218 2677 4281 et
2730 4217 2935 4280 ratam
2991 4232 3135 4299 pre-

255 4319 498 4387 dictam
551 4321 950 4389 concordiam
1005 4320 1386 4407 iudicamus,
1448 4327 1512 4389 et
1563 4323 1773 4409 ipsam
1831 4323 2093 4409 insuper
2152 4324 2556 4407 auctoritate,
2613 4340 2739 4407 qua
2790 4319 3133 4405 fungimur,

253 4426 725 4495 confirmamus.
795 4427 1000 4515 Super
1043 4429 1234 4497 verbo
1283 4434 1492 4497 autem
1536 4429 1991 4497 iurisdictionis
2026 4430 2376 4497 iudicamus
2419 4435 2485 4497 et
2528 4426 3017 4515 pronunciamus
3060 4432 3135 4493 ut

253 4555 486 4622 supra,
551 4534 875 4621 videlicet,
946 4536 1114 4621 quod
1179 4537 1482 4621 magister
1537 4542 1785 4605 tantum
1857 4542 2149 4605 teneatur
2204 4535 2322 4604 sub
2380 4536 2675 4623 episcopo
2729 4536 3132 4621 respondere,

251 4642 472 4709 clerici
513 4643 821 4729 magistri,
868 4644 1292 4730 cuiuscunque
1338 4644 1576 4712 ordinis
1621 4644 1722 4712 vel
1765 4644 2089 4729 religionis
2134 4645 2283 4729 sint,
2330 4644 2601 4711 debeant
2645 4643 2939 4729 episcopo
2990 4647 3132 4707 tan-

251 4754 394 4817 tum
439 4751 507 4817 in
561 4749 993 4838 spiritualibus
1039 4752 1428 4838 respondere
1473 4756 1537 4819 et
1581 4772 1799 4819 omnes
1845 4772 2033 4820 cause
2078 4750 2441 4839 spirituales
2498 4750 2769 4817 debeant
2824 4751 2941 4819 sub
2997 4750 3131 4837 epi-

255 4876 449 4944 scopo
495 4859 814 4942 cognosci3
861 4858 1090 4927 fratres
1137 4864 1348 4927 autem
1394 4858 1512 4925 sub
1555 4861 1858 4945 magistro
1905 4860 2349 4946 respondeant,
2397 4863 2460 4925 et
2498 4858 2783 4925 homines
2826 4858 2907 4926 de
2952 4863 3131 4943 parte

251 4964 458 5051 ipsius
501 4964 790 5050 magistri
845 4964 1114 5033 debeant
1157 4966 1275 5033 sub
1326 4967 1466 5053 ipso
1525 4968 1828 5052 magistro
1887 4968 1957 5034 in
2014 4966 2304 5035 omnibus
2362 4964 2815 5052 temporalibus
2870 4984 3131 5053 respon-

253 5072 425 5157 dere,
467 5072 562 5140 ita
591 5073 757 5159 quod
799 5074 1048 5162 possint
1075 5095 1118 5141 a
1147 5072 1484 5143 diffinitiva
1526 5076 1842 5143 sententia
1886 5075 1970 5144 ad
2014 5076 2376 5163 episcopum
2417 5072 2757 5161 appellare.
2828 5070 2989 5139 Lata
3036 5079 3133 5141 est

2586 5186 2704 5244 15*
