3892 5609
743 413 896 485 454
1708 421 2128 472 rom-mcum
2170 421 2611 472 nonnosum

735 603 810 650 ac
852 583 1184 650 violatores
1231 583 1544 670 predictos
1591 583 2155 650 excommunicatos
2202 582 2418 650 eadem
2450 582 2819 649 auctoritate
2846 583 3149 650 nunciati.
3216 583 3305 651 Et
3348 585 3587 652 deinde

732 691 814 758 ad
837 691 1223 758 audienciam
1257 690 1398 757 dive
1427 689 1727 756 memorie
1747 687 1957 756 Caroli
1989 691 2197 774 quarti
2224 673 2421 756 eciam
2446 688 2868 757 Romanorum
2894 691 3293 778 imperatoris
3322 711 3585 778 semper

730 799 979 882 augusti
1033 797 1328 882 deducto,
1391 797 1553 884 quod
1611 795 1908 862 nonnulle
1966 797 2273 864 seculares
2334 815 2599 884 persone
2651 797 2720 863 in
2779 799 3197 885 potestatibus
3242 803 3307 864 et
3350 797 3583 864 officiis

729 905 993 993 publicis
1038 906 1392 988 constitute,
1438 903 1727 970 videlicet
1771 902 1979 986 duces,
2027 903 2435 988 marchiones,
2484 904 2762 989 comites,
2808 905 3071 972 barones
3100 905 3303 972 etalii
3333 905 3583 972 domini

729 1011 1106 1098 temporales
1150 1031 1391 1078 necnon
1437 1010 1720 1077 consules
1765 1010 2112 1094 civitatum,
2160 1010 2508 1098 opidorum,
2556 1010 2844 1078 villarum
2892 1018 2955 1079 et
2987 1010 3268 1079 locorum
3296 1017 3583 1078 rectores

727 1121 794 1186 in
839 1119 1101 1186 diversis
1146 1118 1486 1204 provinciis
1532 1116 1810 1184 eiusdem
1853 1117 2105 1203 imperii
2150 1118 2252 1184 dei
2298 1117 2523 1184 timore
2566 1119 2915 1205 postposito
2960 1124 3197 1186 statuta
3224 1117 3585 1204 singularia

730 1232 795 1293 et
839 1228 1084 1311 iniquas
1131 1224 1557 1292 ordinaciones
1602 1231 1776 1292 motu
1819 1225 2077 1312 proprio
2122 1230 2188 1292 et
2232 1225 2309 1292 de
2352 1224 2517 1292 facto
2564 1230 2785 1292 contra
2826 1228 2999 1314 ipsas
3040 1247 3345 1314 personas
3372 1226 3581 1294 eccle-

728 1333 1012 1398 siasticas
1061 1337 1122 1398 et
1167 1332 1566 1398 ecclesiarum
1611 1332 1934 1400 libertates
1980 1351 2053 1398 ac
2100 1351 2311 1398 eorum
2358 1331 2687 1418 privilegia
2736 1333 3143 1401 condiderant
3194 1333 3451 1419 illisque
3496 1335 3583 1401 de

725 1440 890 1506 facto
936 1444 999 1506 et
1042 1439 1287 1526 publice
1341 1437 1676 1505 utebantur
1731 1445 1949 1506 contra
2002 1440 2331 1506 canonicas
2388 1445 2452 1505 et
2507 1437 2847 1523 legittimas
2907 1443 3291 1526 sanctiones,
3346 1445 3581 1528 utpote

728 1546 892 1632 quod
933 1545 1109 1613 nulla
1151 1545 1315 1612 bona
1355 1546 1728 1632 temporalia
1771 1548 1838 1613 in
1881 1551 2257 1633 potestatem
2302 1545 2785 1613 ecclesiasticam
2830 1549 3323 1617 transferrentur
3358 1553 3447 1632 et,
3494 1567 3581 1615 ne

727 1653 937 1721 clerici
979 1655 1047 1719 in
1093 1654 1286 1719 sacris
1333 1652 1655 1720 ordinibus
1701 1653 2025 1721 constituti
2070 1653 2151 1718 ad
2194 1653 2505 1736 agendum
2550 1657 2617 1720 et
2656 1643 3113 1722 testificandum
3162 1656 3233 1722 in
3275 1655 3577 1722 civilibus

728 1767 792 1828 et
832 1761 1106 1827 maxime
1147 1761 1216 1825 in
1259 1759 1381 1846 piis
1427 1761 1630 1827 causis
1685 1761 2076 1846 aliquatenus
2136 1759 2645 1846 admitterentur,
2704 1762 2991 1848 quodque
3044 1763 3579 1830 excommunicati

725 1869 870 1935 laici
915 1873 978 1934 et
1021 1866 1268 1954 publice
1313 1867 1670 1934 denunciati
1711 1869 1778 1934 in
1824 1867 1993 1934 civili
2038 1867 2173 1934 foro
2216 1867 2475 1934 minime
2520 1867 2971 1955 repellerentur
3016 1875 3080 1936 et
3121 1871 3379 1957 insuper
3424 1891 3575 1958 pre—

726 1974 877 2042 dicti
923 1973 1158 2040 domini
1202 1973 1599 2060 temporales,
1645 1975 1929 2041 consules
1978 1979 2041 2042 et
2084 1978 2357 2041 rectores
2404 1995 2515 2061 per
2560 1976 2904 2043 secularem
2933 1981 3309 2063 potestatem
3354 1998 3461 2045 res
3506 1983 3581 2044 et

726 2081 890 2148 bona
933 2080 1296 2147 clericorum
1343 2086 1748 2168 occuparent,
1797 2085 2177 2149 arrestarent
2222 2085 2284 2146 et
2327 2081 2677 2149 oblaciones
2724 2081 2958 2150 Christi
2998 2082 3277 2152 fidelium
3320 2084 3575 2152 minue-

730 2192 873 2254 rent
917 2193 1100 2272 atque
1144 2188 1594 2272 restringerent
1637 2190 1991 2257 exactiones
2036 2193 2101 2255 et
2142 2187 2349 2254 tallias
2394 2188 2703 2257 indebitas
2761 2190 2840 2257 de
2887 2190 3063 2258 bonis
3110 2196 3175 2258 et
3214 2191 3573 2258 redditibus

729 2295 1129 2362 ecclesiarum
1175 2295 1494 2379 exigerent
1537 2302 1600 2362 et
1645 2300 2087 2381 extorquerent
2126 2295 2549 2382 possessiones
2596 2295 2995 2365 ecclesiarum
3048 2304 3111 2364 et
3150 2317 3573 2386 personarum

727 2403 1064 2468 earundem
1110 2400 1510 2469 devastarent
1550 2402 1854 2470 incendiis
1913 2407 1977 2469 et
2018 2401 2259 2488 rapinis
2316 2407 2666 2470 contractus
2722 2405 2887 2470 inter
2939 2404 3196 2472 clericos
3251 2410 3315 2472 et
3366 2405 3571 2472 laicos

723 2509 922 2576 factos
966 2508 1242 2593 legitime
1287 2509 1367 2576 ad
1410 2509 1602 2577 libros
1647 2510 1993 2594 civitatum,
2041 2509 2331 2576 villarum
2374 2516 2439 2576 et
2463 2509 2738 2576 locorum
2768 2510 3191 2598 predictorum
3221 2513 3570 2580 inscribere

728 2622 791 2683 et
833 2615 1106 2700 sigillare
1145 2623 1507 2683 recusarent
1551 2616 1898 2701 donataque
1943 2622 2009 2683 et
2050 2617 2257 2700 legata
2286 2616 2365 2683 ad
2392 2616 2661 2684 fabricas
2692 2624 2755 2684 et
2784 2619 3184 2686 ecclesiarum
3214 2624 3567 2686 structuras

726 2727 943 2790 contra
985 2723 1370 2810 prelatorum
1413 2723 1794 2790 voluntatem
1841 2743 1914 2790 ac
1957 2724 2219 2791 aliorum
2235 2774 2254 2807 ,
2314 2743 2574 2809 quorum
2633 2726 2935 2792 intererat
2976 2732 3213 2793 temere
3252 2746 3567 2814 usurpare

725 2837 1158 2918 presumerent
1199 2851 1274 2896 ac
1317 2831 1383 2896 in
1426 2830 1708 2897 fraudem
1757 2837 1821 2898 et
1849 2831 2059 2898 odium
2092 2831 2455 2897 clericorum
2488 2832 2567 2898 de
2596 2833 2775 2900 bonis
2806 2833 2997 2899 etiam
3026 2839 3091 2900 et
3118 2833 3305 2900 rebus
3336 2854 3566 2901 eorun-

726 2937 866 3004 dem
913 2937 1294 3022 clericorum,
1342 2957 1462 3023 que
1505 2957 1631 3003 non
1677 2955 1865 3004 causa
1907 2939 2435 3022 negociacionum‚
2480 2939 2590 3006 sed
2633 2960 2749 3027 pro
2794 2961 3006 3008 eornm
3042 2942 3314 3028 propriis
3342 2941 3565 3008 usibus

724 3064 838 3132 per
881 3063 1094 3111 eorum
1141 3050 1339 3111 terras
1385 3043 1692 3112 ducebant
1733 3065 1846 3112 seu
1889 3045 2033 3112 duci
2071 3045 2407 3129 faciebant,
2452 3045 2833 3112 theolonium
2880 3047 3129 3131 exigere
3174 3053 3238 3114 et
3278 3049 3563 3136 recipere

723 3172 849 3218 non
881 3152 1251 3219 verebantur
1297 3158 1361 3219 et
1403 3153 1828 3236 confugientes
1875 3153 1955 3218 ad
2000 3153 2291 3220 ecclesias
2338 3158 2401 3219 et
2444 3172 2658 3219 earum
2704 3154 3011 3220 cimiteria
3054 3155 3201 3221 inde
3229 3156 3565 3223 extrahere

724 3263 942 3326 contra
983 3260 1311 3326 canonicas
1360 3264 1423 3326 et
1467 3259 1824 3346 imperiales
1870 3261 2221 3327 sanctiones
2266 3258 2621 3327 huiusmodi
2666 3267 3177 3349 presumpserant
3230 3269 3297 3328 et
3337 3282 3561 3349 presu-

723 3367 992 3434 mebant.
1062 3365 1232 3432 Idem
1265 3365 1523 3434 Carolus
1555 3366 1896 3453 imperator
1939 3371 2066 3433 tam
2074 3387 2260 3452 quam
2306 3367 2857 3434 christianissimus
2895 3367 3187 3456 princeps
3231 3369 3445 3436 volens
3486 3369 3559 3436 in

723 3473 1045 3559 premissis
1087 3475 1414 3560 providere
1461 3474 1538 3540 de
1581 3473 1854 3540 remedio
1901 3473 2181 3558 salutari,
2230 3475 2425 3541 eciam
2472 3474 2550 3542 de
2596 3475 2981 3560 quorundam
3020 3476 3396 3562 principum,
3441 3476 3559 3542 du·

724 3601 895 3664 cum,
957 3581 1284 3664 comitum,
1341 3581 1641 3647 baronum
1687 3579 2086 3666 fideliumque
2132 3581 2396 3648 aliorum
2452 3583 2614 3650 sacri
2656 3583 2907 3668 imperii
2950 3583 3253 3669 sepedicti
3296 3583 3555 3651 consilio

724 3694 788 3756 et
832 3688 1200 3755 auctoritate
1242 3687 1554 3774 imperiali
1599 3707 1985 3774 quecumque
2028 3694 2265 3756 statuta
2308 3694 2371 3756 et
2414 3689 2891 3757 consuetudines
2920 3691 3201 3776 predicta
3232 3697 3555 3777 tamquam

724 3815 836 3881 per
889 3795 1101 3862 civiles
1160 3800 1224 3861 et
1271 3796 1600 3862 canonicas
1657 3797 2009 3862 sanctiones
2066 3815 2359 3883 expresse
2415 3797 2753 3884 reprobata
2804 3797 3103 3882 cassavit,
3160 3799 3437 3865 irritavit
3490 3803 3557 3866 et

724 3902 1073 3985 annulavit,
1123 3921 1195 3968 ac
1238 3922 1418 3969 cassa
1459 3907 1522 3970 et
1563 3903 1745 3970 irrita
1786 3902 2140 3988 nulliusque
2185 3923 2319 3970 esse
2362 3902 2561 3971 voluit
2600 3904 2844 3971 roboris
2888 3904 2988 3972 vel
3032 3907 3365 3988 momenti3
3410 3925 3555 3993 pre-

723 4009 958 4094 cipiens
1004 4008 1118 4075 sub
1163 4009 1506 4096 imperialis
1551 4010 1742 4077 banni
1787 4029 1952 4095 pena
1994 4009 2305 4076 universis
2352 4016 2415 4077 et
2458 4010 2717 4095 singulis
2746 4011 3136 4099 principibus
3176 4033 3251 4079 ac
3282 4013 3553 4080 dominis

722 4115 1167 4203 temporalibus
1214 4117 1589 4201 consulibus,
1635 4118 2049 4204 potestatibus
2095 4123 2158 4184 et
2203 4117 2341 4183 aliis
2386 4119 2452 4182 in
2498 4115 2717 4184 officiis
2765 4119 3029 4205 publicis
3072 4121 3141 4186 in
3171 4119 3390 4188 eodem
3432 4121 3550 4186 im·

723 4223 896 4308 perio
943 4225 1325 4308 constitutis,
1386 4230 1689 4310 quatenus
1748 4232 1975 4291 extunc
2031 4226 2307 4311 ipsorum
2356 4229 2591 4291 statuta
2635 4231 2698 4292 et
2752 4226 3212 4310 ordinacioneS,
3268 4227 3431 4294 sicut
3484 4227 3551 4293 in

723 4329 1133 4416 preiudicium
1179 4331 1592 4399 ecclesiastice
1636 4333 1943 4400 libertatis
1991 4332 2159 4398 edita
2202 4331 2469 4412 fuerant,
2518 4333 2771 4398 omnino
2814 4339 3183 4401 revocarent
3214 4340 3280 4401 et
3306 4335 3385 4401 de
3411 4334 3551 4402 luce

721 4436 1041 4520 tollerent,
1103 4439 1388 4524 quodque
1433 4439 1770 4507 secundum
1816 4460 1890 4507 ea
1933 4458 2058 4505 non
2103 4438 2448 4506 iudicarent
2492 4440 2759 4527 amplius
2802 4461 2918 4508 nec
2970 4443 3311 4508 sententias
3352 4441 3550 4508 dieta·

720 4549 863 4610 rent
906 4549 1015 4610 aut
1059 4545 1135 4612 de
1180 4544 1412 4612 eisdem
1457 4547 1524 4613 in
1567 4547 1795 4614 iudicio
1841 4547 1940 4614 vel
1971 4552 2152 4615 extra
2178 4546 2477 4614 iudicium
2508 4547 2966 4632 quomodolibet
2996 4567 3113 4636 pro
3144 4569 3213 4616 se
3240 4553 3305 4616 et
3332 4553 3551 4616 contra

725 4650 981 4717 eandem
1032 4652 1507 4720 ecclesiasticam
1555 4653 1904 4721 libertatem
1962 4656 2330 4743 potirentur.
2411 4651 2853 4722 Pronunciavit
2902 4656 3161 4742 insuper
3216 4663 3281 4724 et
3330 4656 3549 4724 eadem

723 4758 996 4824 decrevit
1027 4760 1414 4844 auctoritate,
1461 4761 1645 4845 quod,
1679 4761 2051 4846 quicumque
2078 4762 2295 4846 laicus,
2326 4762 2766 4847 cuiuscumque
2798 4767 2999 4829 status
3029 4769 3141 4830 aut
3168 4765 3549 4832 condicionis

723 4865 1038 4950 existeret,
1085 4885 1241 4932 ausu
1285 4867 1584 4951 sacrilego
1632 4873 1693 4934 et
1737 4869 1990 4954 proprie
2020 4869 2388 4936 temeritatis
2421 4868 2679 4935 audacia
2708 4870 3093 4937 sacerdotem
3126 4869 3226 4937 vel
3256 4871 3545 4938 clericum

722 4973 1060 5040 secularem
1091 4973 1189 5040 vel
1221 4975 1577 5056 religiosum
1607 4973 1936 5059 diffideret,
1985 4975 2419 5062 proscriberet,
2464 4977 2829 5063 captivaret,
2870 4977 3190 5065 spoliaret,
3222 4978 3546 5062 occideret,

721 5079 1041 5154 mutilaret
1085 5087 1193 5152 aut
1237 5083 1303 5154 in
1347 5101 1594 5155 carcere
1639 5083 1945 5150 detineret
1973 5083 2071 5150 vel
2104 5081 2453 5152 huiusmodi
2486 5082 2791 5152 maleficia
2818 5091 3251 5175 perpetrantes
3281 5087 3547 5154 scienter
