3892 5609
1385 312 1776 361 varnaeu
1823 313 2211 362 canamus
2775 291 2784 299 ’
3086 300 3247 374 289

357 470 774 557 apostolicam
819 470 1338 537 benedictionem.
1575 469 1676 537 Ex
1702 473 2153 539 ‘insinuacione
2200 471 2571 539 dilectorum
2618 470 2924 555 filiorum,
2972 472 3243 537 fratrum

353 576 582 643 domus
637 577 968 665 hospitalis
1027 584 1242 645 sancte
1275 577 1498 644 'Marie
1545 578 2069 647 Theotonicorum
2128 578 2607 645 Ierosolimitani
2626 628 2645 663 ,
2708 579 2787 644 ad
2852 578 3242 663 apostolatus

351 684 559 750 nostri
607 684 997 753 audienciam
1045 690 1144 751 est
1187 684 1486 769 delatum,
1535 688 1721 771 quod,
1769 706 1908 754 cum
1954 688 2022 753 in
2056 685 2334 753 ecclesiis
2366 684 2754 769 vacantibus,
2806 706 2925 771 que
2954 687 3021 751 in
3053 688 3241 752 terris

353 790 641 876 ipsorum
683 790 945 858 fundate
973 796 1142 876 sunt,
1189 792 1291 858 vel
1333 793 1402 857 in
1449 792 1613 878 aliis,
1661 814 1928 879 quarum
1975 794 2053 859 ad
2099 794 2271 879 ipsos
2320 792 2655 859 advocacio
2702 793 3050 859 dinoscitur
3096 812 3241 879 per-

352 897 591 981 tinere,
649 918 764 985 pro
821 898 979 984 ipsis
1025 898 1245 965 volunt
1288 898 1556 965 vicarios
1611 901 1944 967 instituere
1990 900 2092 966 vel
2146 920 2289 966 cum
2350 900 2509 985 ipsi.
2530 900 2759 965 fratres
2816 888 2895 965 ad
2944 900 3239 966 ecclesias

355 1002 514 1070 alias
561 1010 852 1071 vacantes
916 1026 954 1071 a
1010 1006 1296 1091 patronis
1351 1006 1650 1089 legitimis
1699 1008 2049 1074 diocesanis
2099 1007 2411 1093 episcopis
2462 1010 2571 1071 aut
2613 1005 2874 1092 prelatis
2924 991 3123 1091 aliis,¹
3161 1006 3240 1073 ad

355 1131 516 1197 quos
561 1112 900 1179 earundem
948 1113 1227 1200 pertinet
1267 1112 1603 1199 instituti0,
1652 1120 2115 1199 presentantur,
2164 1115 2290 1201 ipsi
2336 1113 2625 1195 vicarioS,
2674 1133 2831 1197 quos
2876 1102 3068 1179 iidem
3113 1113 3240 1179 fra-

352 1223 488 1283 tres
531 1238 648 1306 pro
695 1239 762 1285 se
805 1225 1195 1307 presentant,
1245 1220 1527 1305 recipere
1573 1220 1675 1286 vel
1719 1221 1893 1307 ipsos
1944 1222 2173 1289 fratres
2220 1221 2299 1287 ab
2346 1219 2658 1305 aliquibus
2703 1222 3099 1305 presentatos
3143 1220 3241 1286 in—

353 1326 619 1391 stituere
665 1328 1120 1411 contradicunt,
1172 1332 1235 1393 et
1281 1327 1372 1393 sic
1415 1327 1646 1394 fratres
1691 1328 1866 1414 ipsos
1911 1328 2266 1415 impediunt
2296 1333 2360 1393 et
2400 1325 2794 1413 perturbant,
2840 1332 2912 1392 ut
2944 1326 3239 1393 ecclesias

351 1430 519 1516 illae,
568 1432 908 1499 secundum
958 1434 1122 1517 quod
1169 1434 1259 1500 eis
1308 1433 1682 1500 indulsimus
1727 1454 1842 1521 pro
1891 1434 2309 1503 subvencione
2346 1440 2511 1501 terre
2543 1439 2779 1517 sancte,
2826 1453 2952 1499 non
2984 1433 3239 1500 valeant

350 1537 420 1603 in
467 1540 756 1627 proprios
802 1561 954 1607 usus
999 1545 1363 1607 convertere
1409 1560 1522 1607 seu
1563 1540 1750 1607 aliam
1793 1541 2247 1627 professionem
2278 1540 2645 1609 canonicam
2677 1540 2964 1626 adipisci,
3011 1541 3077 1609 in
3110 1560 3233 1626 quo

348 1644 582 1713 fratres
625 1647 750 1733 ipsi
797 1668 866 1715 se
913 1628 1206 1715 asserunt
1248 1648 1591 1715 incurrisse
1620 1668 1748 1715 non
1778 1648 2093 1713 modicum
2129 1649 2593 1714 detrimentum.
2666 1646 2824 1713 Cum
2858 1648 3051 1731 igitur
3079 1648 3237 1733 ipsis

349 1752 656 1819 fratribus
703 1753 822 1820 hoc
865 1756 1202 1841 presertim
1246 1760 1552 1841 tempore,
1599 1774 1742 1821 cum
1789 1754 2082 1821 laborant
2126 1754 2460 1821 efficaciter
2490 1756 2557 1820 in
2604 1754 2869 1821 servicio
2901 1752 3236 1839 crucifixi¹,

351 1858 694 1927 debeamus
741 1862 1077 1948 specialius
1126 1860 1538 1949 apostolicum
1584 1861 1932 1947 presidium
1964 1862 2278 1947 impertiri
2321 1866 2385 1927 et
2414 1862 2495 1927 ad
2524 1861 2923 1928 dilectionem
2952 1862 3234 1946 ipsorum

351 1966 622 2033 aliorum
669 1969 912 2034 animos
956 1969 1246 2052 invitare,
1293 1969 1734 2035 discretionem
1766 1973 2045 2034 vestram
2090 1988 2406 2051 rogamus,
2454 1986 2781 2034 monemus
2828 1972 2892 2034 et
2939 1988 3053 2054 per
3085 1988 3235 2053 apo-

349 2072 578 2139 stolica
621 2074 798 2141 vobis
817 2070 842 2105 ²
885 2075 1126 2160 scripta
1169 2075 1574 2162 precipiendo
1621 2075 2031 2159 mandamus,
2091 2074 2387 2159 quatinus
2433 2093 2539 2139 eos
2584 2074 2653 2139 in
2698 2076 2829 2140 suis
2874 2075 3233 2142 racionibus

349 2176 668 2246 efficacius
713 2181 1136 2248 confoventes.
1162 2184 1254 2249 sic
1297 2181 1680 2268 permittatis
1727 2178 1854 2248 eis⁸
1898 2182 1966 2248 in
2014 2180 2369 2249 obtinendis
2416 2185 2481 2247 et
2524 2181 2921 2266 possidendis
2953 2181 3232 2248 ecclesiis

348 2305 650 2353 concessa
705 2289 862 2374 ipsis
907 2308 948 2354 a
993 2288 1142 2355 sede
1187 2288 1534 2374 apostolica
1576 2286 1868 2355 libertate
1912 2288 2219 2373 gaudere,
2268 2287 2432 2374 quod
2476 2288 2709 2353 iustam
2758 2286 2836 2352 de
2882 2288 3059 2355 vobis
3103 2306 3233 2353 non

345 2393 601 2488 possint
642 2393 874 2461 habere
918 2396 1251 2462 materiam
1295 2392 1768 2462 murmurandi⁴
1797 2400 1862 2461 et
1901 2415 2017 2462 nos
2048 2415 2162 2481 pro
2194 2396 2351 2480 ipsis
2385 2414 2574 2480 super
2602 2394 2723 2461 hoc
2748 2390 2963 2459 vobis²
2994 2394 3234 2481 scripta

345 2517 480 2566 non
527 2520 824 2583 cogamur
856 2502 1129 2584 dirigere
1173 2501 1448 2567 duriora.
1518 2502 1755 2569 Datum
1785 2502 2107 2586 Laterani,
2157 2502 2289 2568 xvii
2333 2501 2461 2567 kal.
2492 2500 2794 2567 februarii
2828 2500 3230 2587 pontificatus

345 2606 556 2673 nostri
604 2628 768 2675 anno
815 2609 1052 2695 quinto.

563 2730 685 2780 Sine
722 2732 868 2784 dato:
917 2733 958 2794 Ι,
997 2732 1094 2793 ’12;
1137 2728 1336 2793 11,102
1371 2748 1421 2782 ιι.
1447 2731 1546 2792 43;
1593 2732 1657 2783 R..
1687 2732 1788 2783 153
1825 2740 2127 2783 memoratur
2162 2732 2294 2782 inter
2330 2732 2624 2792 Iuncensia3
2673 2748 2783 2782 cum
2818 2738 2965 2782 nota:
3016 2738 3099 2796 „et
3134 2730 3229 2781 ha-

345 2817 499 2867 betur
533 2818 672 2883 prius
720 2818 772 2869 in
807 2820 1070 2886 Mar-purg,
1111 2819 1340 2871 similiter
1376 2828 1430 2870 et
1468 2820 1728 2872 Treveris“
1771 2822 1834 2871 A.
1859 2820 1932 2871 20
1966 2838 2018 2871 ιι.
2044 2820 2109 2870 41
2160 2820 2341 2870 Latine
2388 2828 2441 2870 et
2476 2820 2777 2871 Germanice
2824 2836 2934 2871 cum
2978 2828 3124 2871 nota:
3176 2819 3235 2871 In

345 2905 523 2973 Bysen
559 2906 690 2957 vel
677 2926 726 2957 ιιι
764 2907 944 2959 Buken
981 2907 1112 2959 vel
1097 2927 1149 2959 ιιι
1167 2904 1577 2974 'Mergintheynn
1617 2938 1680 2946 —
1722 2910 1844 2959 Cum
1881 2909 2027 2959 dato.
2065 2926 2117 2974 p.
2144 2927 2191 2959 a.
2216 2910 2249 2959 5
2287 2910 2388 2959 xvii
2422 2906 2526 2959 kal.
2562 2908 2691 2959 febr.
2726 2906 2791 2957 A.
2813 2908 2899 2959 16
2914 2926 2964 2973 p.
2984 2908 3055 2958 42
3096 2907 3233 2973 „-Ba

348 2996 498 3048 ruli“.
527 3026 590 3034 —
632 2996 756 3047 Cum
779 2998 926 3048 dato.
963 3014 1013 3064 p.
1034 3016 1080 3047 a.
1102 2996 1134 3047 7
1171 2998 1221 3047 iv
1244 2996 1348 3048 kal.
1373 2997 1502 3047 febr.
1557 2996 1644 3047 Or.
1670 3014 1782 3047 cum
1818 2996 1957 3049 bulla
1992 2997 2045 3047 in
2078 2996 2177 3047 filis
2214 2996 2417 3047 sericeis
2454 2997 2615 3047 rubris
2642 3004 2695 3046 et
2717 2996 2867 3047 luteis
2892 2996 3233 3062 appendente,

351 3084 604 3150 quondam
636 3084 904 3137 Veteribus
942 3086 1107 3138 Iuncis
1145 3094 1472 3148 asservatum,
1509 3104 1642 3137 nunc
1677 3094 1758 3136 est
1791 3086 1982 3137 archivi
2016 3085 2205 3136 ordinis
2240 3084 2537 3135 Theutonici
2562 3084 2985 3135 Vindobonensis.
3040 3084 3235 3135 Ibidem

351 3172 506 3223 etiam
528 3181 885 3224 transsumtum
921 3174 970 3225 d.
999 3175 1048 3225 d.
1084 3174 1317 3225 Basileae
1353 3175 1422 3225 vii
1446 3174 1550 3225 kal.
1575 3174 1692 3224 maii
1728 3173 1895 3224 fratris
1921 3172 2133 3223 Achillis
2170 3172 2349 3238 prioris
2376 3173 2483 3224 ord.
2510 3173 2729 3239 praedic.
2749 3172 3059 3234 Basiliensis,
3084 3172 3230 3223 Hen-

348 3260 442 3311 rici
475 3260 768 3327 praepositi,
805 3260 1013 3311 Henrici
1049 3262 1228 3313 decani
1264 3262 1508 3313 ecclesiae
1535 3260 1842 3313 Basileensis
1881 3278 1992 3311 cum
2028 3261 2186 3312 tribus
2225 3260 2427 3327 sigillis:
2478 3263 2523 3312 1.
2562 3261 2614 3312 S.
2652 3260 2831 3327 prioris
2868 3261 3077 3311 fratrum
3112 3277 3232 3326 pre-

350 3348 626 3399 dicatorum
651 3348 852 3400 Basilee
890 3349 1138 3415 (Christus
1175 3351 1241 3401 ad
1278 3351 1556 3401 columnam
1593 3350 1827 3417 alligatus
1863 3338 2188 3417 flagellatur).
2244 3348 2293 3401 2.
2334 3349 2387 3401 S.
2412 3350 2621 3401 Henrici
2655 3349 2899 3416 prepositi
2930 3348 3051 3399 eccl.
3077 3346 3233 3399 Basil.

347 3445 404 3488 et
438 3438 626 3489 domini
660 3455 747 3505 pp.
785 3438 1086 3505 cappellani.
1142 3438 1193 3490 3.
1230 3437 1283 3490 S.
1308 3439 1515 3490 Henrici
1552 3439 1731 3491 decani
1766 3440 1981 3491 ecclesie
2016 3438 2339 3490 Basileensis.
2478 3438 2524 3490 1.
2559 3438 2711 3490 Ihesu
2739 3437 2923 3489 Christi
2957 3436 3024 3500 ΙΙ,
3061 3436 3125 3488 A.
3144 3435 3231 3487 20.

347 3524 400 3579 2.
439 3526 586 3579 deest
618 3526 686 3589 11,
723 3526 788 3578 A.
807 3526 893 3577 20.
1035 3526 1088 3578 3.
1125 3543 1213 3579 eos
1248 3527 1316 3591 11,
1353 3529 1418 3580 A.
1436 3519 1552 3580 20.'
1665 3528 1715 3581 4.
1753 3528 2050 3595 querelandi
2083 3527 2153 3589 Π,
2189 3526 2255 3580 A.
2274 3526 2359 3579 20.

353 3755 394 3826 3
410 3756 445 3825 1
462 3756 529 3826 9.
572 3760 744 3825 1221
793 3760 1086 3825 ianuarii
1112 3760 1198 3825 16
1243 3759 1568 3825 Laterani.
1641 3760 1967 3826 Hono-rius
1998 3758 2123 3825 III
2158 3760 2429 3824 decimas
2476 3758 2554 3823 ab
2594 3760 2814 3823 ordine
2851 3756 3230 3823 Theutonico

572 3868 744 3951 eoeiyi
783 3878 965 3932 vetat.

568 3989 886 4056 Honorius
942 3989 1273 4075 episcopus
1329 4010 1548 4057 servus
1605 4010 1932 4057 servorum
1987 3990 2086 4057 dei
2148 3994 2266 4055 etc.
2461 3988 2563 4055 Ex
2615 3993 2797 4075 parte
2852 3986 3224 4053 dilectorum

343 4094 648 4181 filiorum,
693 4096 962 4162 fratrum
1009 4095 1342 4182 hospitalis
1387 4104 1604 4163 sancte
1649 4094 1846 4163 Marie
1893 4096 2421 4162 Theotonicorum
2467 4095 2983 4177 lerosolimitani,
3042 4092 3223 4159 nobis

345 4207 444 4268 est
489 4202 698 4269 oblata
742 4202 1028 4288 querela,
1082 4203 1250 4288 quod
1299 4203 1552 4287 quidam
1602 4208 1878 4269 vestrum
1926 4203 2255 4269 occasione
2301 4202 2549 4269 concilii
2594 4201 2905 4287 generalis
2950 4220 3065 4287 pro
3114 4220 3225 4267 sue

341 4308 688 4375 voluntatis
747 4309 1008 4376 arbitrio
1067 4310 1344 4375 decimas
1398 4309 1686 4376 laborum
1745 4311 1822 4377 de
1866 4308 2371 4396 possessionibus
2418 4308 2649 4375 habitis
2696 4314 2843 4375 ante
2888 4306 3224 4374 concilium

339 4420 784 4500 memoratum,
830 4434 986 4499 quos
1030 4416 1157 4503 ipsi
1199 4418 1477 4503 propriis
1523 4416 1815 4483 manibus
1849 4423 1959 4483 aut
1994 4415 2351 4502 sumptibus
2383 4416 2693 4499 excolunt,
2728 4422 2791 4482 et
2820 4414 3225 4481 nutrimentis

341 4542 599 4589 suorum
653 4522 1021 4589 animalium
1069 4523 1150 4589 ab
1195 4522 1286 4589 eis
1332 4529 1552 4590 contra
1597 4544 1701 4607 ea,
1761 4544 1881 4609 que
1929 4544 1971 4589 a
2010 4522 2192 4589 nobis
2236 4522 2484 4589 indulta
2528 4529 2706 4606 sunt,
2764 4542 2891 4588 non
2934 4524 3229 4587 metuunt

343 4636 738 4714 extorquere.
807 4629 1112 4721 Quocirca
1157 4630 1555 4696 universitati
1600 4635 1808 4696 vestre
1854 4650 1970 4717 per
2016 4630 2363 4716 apostolica
2407 4629 2645 4716 scripta
2688 4629 2759 4694 in
2798 4630 3034 4694 virtute
3078 4627 3227 4693 obe-

340 4736 585 4803 diencie
631 4736 914 4803 districte
958 4735 1361 4823 precipiendo
1408 4737 1804 4820 mandamus,
1852 4736 2147 4822 quatinus
2192 4758 2321 4803 non
2367 4736 2657 4803 obstante
2698 4735 2887 4817 longa
2924 4732 3233 4799 violentia

341 4861 534 4928 super
577 4842 762 4909 dictis
819 4840 1252 4908 exactionibus
1309 4844 1546 4911 eisdem
1601 4843 1904 4911 fratribus
1962 4844 2244 4927 irrogata
2300 4848 2363 4909 et
2408 4864 2519 4909 vos
2572 4841 2696 4928 ipsi
2744 4842 2823 4907 ab
2870 4840 3231 4907 extorsione

337 4946 702 5016 huiusmodi
745 4950 996 5035 penitus
1043 4948 1362 5017 desistatis
1409 4957 1474 5017 et
1518 4956 1762 5018 vestros
1806 4950 2091 5019 subditos
2136 4950 2353 5018 taliter
2395 4970 2512 5035 per
2558 4968 2885 5016 censuram
2934 4946 3230 5015 ecclesia-

2730 5064 2799 5117 19

3356 4593 3367 4621 1
