3892 5609
696 304 841 378 138
1967 314 2284 364 nomm

689 479 993 561 quantum
1042 474 1123 541 ad
1154 495 1271 542 nos
1316 476 1610 561 pertinet,
1659 475 1738 542 ad
1771 476 2148 562 peticionem
2177 473 2444 568 fratrum
2475 473 2754 540 eiusdem
2783 473 3083 560 hospitali
3111 481 3328 542 sancte
3356 473 3554 544 Marie

687 581 1212 649 Theotonicorum
1239 581 1581 648 Ierusalem
1626 581 1913 649 dedimus
1943 586 2011 648 et
2040 579 2461 648 concessimus
2491 580 2686 647 libere
2717 599 2792 647 ac
2821 578 3080 666 pacifice
3123 583 3262 648 sine
3307 587 3554 651 contra-

686 688 959 755 dictione
1006 689 1216 774 aliqua
1260 690 1327 755 in
1358 695 1729 774 perpetuum
1778 687 2246 774 possidendum.
2311 685 2438 751 Vos
2469 706 2618 752 vero
2665 686 2750 752 de
2773 687 2959 753 solita
3003 688 3170 756 sedis
3211 689 3556 773 apostolice

687 792 1117 864 benivolencia
1160 795 1241 862 ad
1282 800 1567 862 nostram
1601 799 1665 862 et
1706 795 1976 862 fratrum
2010 793 2163 860 dicti
2193 791 2524 878 hospitalis
2555 793 2759 859 sancti
2787 792 2994 861 Iacobi
3029 794 3554 881 supplicationem

684 901 841 988 ipsis
885 901 1187 968 fratribus
1234 901 1313 968 ad
1359 901 1643 969 ordinem
1690 900 2216 968 Theutonicorum
2263 899 2660 966 concessistis
2706 899 3033 968 licenciam
3077 901 3450 968 transeundi
3494 907 3557 968 et

684 1009 969 1094 ipsorum
1025 1008 1309 1074 habitum
1368 1008 1729 1074 assumendi
1775 1007 1921 1074 dato
1969 1007 2196 1075 vestris
2239 1005 2468 1072 litteris
2512 1007 2582 1071 in
2634 1007 2950 1074 mandatis
2996 1007 3340 1074 venerabili
3385 1008 3558 1094 patri

618 1101 625 1114 ¹
685 1116 979 1201 episcopo
1027 1113 1415 1198 Coroniensi,
1462 1114 1677 1180 abbati
1721 1119 1785 1180 et
1828 1115 2028 1200 priori
2073 1114 2150 1186 de
2194 1113 2452 1196 Zarcaz,
2499 1113 2695 1197 quod,
2755 1113 2812 1180 si
2854 1114 2932 1180 de
2974 1115 3176 1200 ipsius
3219 1111 3558 1198 hospitalis

686 1221 1094 1308 exempcione
1149 1220 1269 1287 sibi
1316 1226 1633 1287 constaret
1662 1227 1751 1302 ‚et
1802 1221 1959 1286 nulli
2007 1220 2189 1287 alteri
2234 1219 2440 1286 ordini
2486 1218 2866 1305 subiaceret,
2923 1221 3225 1287 fratribus
3272 1218 3554 1285 eiusdem

682 1327 1015 1394 licenciam
1047 1328 1467 1394 concederent
1490 1327 1892 1414 postulatam.
1963 1327 2083 1406 Qui
2110 1327 2280 1392 facta
2309 1325 2643 1409 diligenter
2672 1333 2738 1393 et
2765 1327 3083 1394 subtiliter
3105 1326 3556 1412 -inquisicione,

686 1453 830 1501 cum
878 1435 956 1502 de
1002 1435 1172 1501 dicta
1216 1435 1623 1522 exempcione
1664 1433 1911 1520 plenius
1954 1438 2167 1501 essent
2208 1433 2538 1499 cerciorati
2583 1437 2646 1499 et
2690 1434 2858 1517 quod
2898 1434 3060 1500 nulli
3104 1433 3289 1500 alteri
3345 1432 3558 1498 ordini

685 1547 853 1608 esset
898 1540 1268 1636 subiectum,
1318 1541 1681 1607 memoratis
1726 1541 2027 1608 fratribus
2070 1539 2442 1606 auctoritate
2473 1545 2686 1607 vestra
2727 1541 3095 1608 transeundi
3139 1541 3223 1606 ad·
3263 1539 3554 1606 ordinem

684 1647 1214 1714 Theutonicorum
1260 1651 1325 1714 et
1366 1647 1647 1734 ipsorum
1694 1646 1980 1714 habitum
2026 1646 2385 1713 assumendi
2429 1645 2812 1731 postulatam
2855 1647 3185 1714 licenciam
3227 1665 3556 1714 concesse-

684 1757 851 1818 runt.
921 1753 1177 1819 Fratres
1222 1773 1404 1838 vero,
1453 1754 1561 1837 qui
1606 1753 1725 1820 soli
1771 1753 1943 1837 digni
1987 1752 2244 1820 fuerunt
2285 1752 2746 1835 benedictione,
2801 1752 2933 1819 fere
2991 1773 3206 1820 omnes
3261 1755 3554 1840 ipsorum

682 1858 969 1926 habitum
1013 1861 1235 1927 devote
1282 1866 1345 1926 et
1388 1859 1710 1926 humiliter
1754 1865 2181 1945 susceperunt.
2251 1858 2660 1926 Postmodum
2705 1865 2914 1926 autem
2950 1858 3258 1926 Iohannes
3287 1858 3552 1926 Mancus

685 1971 749 2033 et
781 1966 1081 2050 Iulianus,
1128 1965 1246 2032 filii
1290 1967 1641 2051 iniquitatis
1688 1971 1751 2033 et
1794 1965 2124 2049 mendacii,
2172 1966 2281 2050 qui
2325 1965 2402 2032 de
2448 1967 2765 2033 communi
2807 1966 3076 2032 fratrum
3105 1967 3312 2033 sancti
3338 1965 3553 2034 Iacobi

681 2072 913 2138 iudicio
962 2091 1074 2158 pro
1122 2073 1480 2139 excessibus
1526 2077 1590 2138 et
1632 2072 1992 2139 insolenciis
2037 2072 2168 2138 suis
2212 2072 2498 2139 habitum
2545 2072 2886 2138 amiserant
2927 2092 3046 2140 nec
3087 2094 3203 2159 pro
3243 2072 3552 2160 fratribus

680 2178 1091 2262 habebantur,
1138 2178 1219 2245 ad
1250 2184 1524 2245 vestram
1564 2179 1927 2245 accedentes
1973 2179 2384 2264 presenciam,
2431 2199 2648 2246 verum
2695 2183 2974 2245 tacentes
3021 2184 3085 2246 et
3126 2178 3358 2246 falsum
3399 2199 3550 2263 sug-

680 2291 969 2370 gerentes
1015 2290 1235 2352 contra
1278 2285 1477 2352 dictos
1532 2285 1761 2351 fratres
1809 2285 2226 2352 Theutonicos
2273 2305 2312 2352 a
2367 2285 2544 2352 vobis
2590 2285 2671 2351 ad
2725 2285 3098 2368 magistrum
3152 2284 3550 2354 Bernardum

682 2392 1133 2459 subdiaconum
1184 2397 1464 2458 vestrum
1522 2391 1968 2477 spoliacionem
2027 2393 2410 2458 mencientes
2466 2391 2711 2458 litteras
2765 2392 3220 2478 impetrarunt,
3279 2413 3550 2480 quarum

682 2499 1056 2578 auctoritate
1120 2499 1293 2586 ipsos
1350 2503 1651 2564 vexantes
1719 2498 1947 2564 dictam
2011 2499 2264 2564 domum
2322 2502 2541 2564 contra
2594 2503 2870 2564 vestram
2928 2503 2992 2565 et
3055 2503 3340 2566 nostram
3400 2519 3549 2566 con-

680 2604 1027 2671 cessionem
1054 2604 1475 2689 reclamando,
1523 2606 1690 2690 quod
1722 2606 1977 2690 indigne
2005 2606 2288 2688 ferimuS‚
2335 2605 2570 2671 eisdem
2601 2610 2821 2670 contra
2852 2605 3166 2672 iusticiam
3198 2607 3547 2692 dampnum

680 2710 958 2778 inferunt
1013 2716 1077 2777 et
1131 2731 1503 2796 gravamen,
1572 2711 1737 2778 unde
1794 2713 2126 2779 memorati
2184 2711 2552 2779 Theutonici
2611 2712 2926 2778 iusticiam
2983 2717 3048 2779 et
3113 2714 3548 2780 innocencium

678 2837 860 2882 suam
915 2816 1337 2886 deffendentes
1396 2818 1561 2885 bona
1618 2819 1839 2885 domus
1894 2819 2195 2886 adversus
2261 2817 2656 2884 infirmorum
2703 2823 2768 2884 et
2822 2838 3172 2906 pauperum
3239 2819 3547 2905 deputata

675 2923 986 2997 inutiliter
1031 2926 1383 3013 expendere
1428 2925 1908 3014 compelluntur.
1987 2925 2310 3010 Preterea,
2367 2925 2536 3010 quod
2581 2924 2852 3010 amplius
2897 2926 3336 3010 indignamur,
3394 2926 3548 2994 dicti

679 3035 965 3116 apostate
1007 3031 1406 3116 iniquitatem
1453 3053 1643 3118 super
1686 3032 2086 3117 iniquitatem
2133 3038 2541 3120 apponentes,
2594 3031 2876 3099 volentes
2921 3031 3296 3099 venerabilis
3339 3033 3546 3119 patris

677 3136 1077 3204 Patracensis
1108 3138 1561 3225 archiepiscopi
1608 3144 1672 3206 et
1702 3138 1883 3206 electi
1913 3138 2245 3205 Olonensis
2289 3139 2358 3204 in
2387 3157 2576 3204 causa
2605 3158 2721 3205 sua
2755 3138 3032 3224 pessima
3061 3138 3296 3206 habere
3329 3145 3546 3225 patro-

678 3243 911 3310 cinium
960 3249 1024 3310 et
1066 3243 1367 3329 favorem,
1413 3245 1579 3312 dicto
1626 3245 1821 3312 electo
1869 3245 2298 3312 obedienciam
2341 3245 2642 3312 facientes
2687 3245 3188 3331 spoponderunt,
3237 3245 3435 3331 quod,
3489 3245 3548 3312 si

678 3350 947 3417 indicta
976 3370 1184 3436 causa,
1217 3353 1404 3436 quod,
1446 3351 1851 3437 quoadusque
1880 3352 2247 3435 vixerimus,
2279 3349 2415 3417 fieri
2444 3371 2571 3417 non
2602 3356 2830 3437 potest,
2871 3355 3168 3437 poterunt
3193 3352 3546 3438 prevalere,

675 3457 773 3521 ita
827 3456 995 3541 quod
1051 3457 1452 3524 Theutonicis
1522 3459 1801 3544 expulsis
1856 3459 2092 3524 dictum
2160 3457 2472 3544 hospitale
2537 3459 2866 3544 optineant
2929 3463 3149 3524 contra
3208 3458 3548 3544 privilegia

679 3563 1138 3648 exempcionis,
1194 3564 1419 3648 quibus
1465 3570 1712 3631 constat
1755 3565 2012 3631 domum
2058 3585 2196 3632 esse
2253 3569 2611 3650 exemptam
2655 3569 2720 3630 et
2763 3564 2922 3630 nulli
2977 3563 3366 3650 prelatorum
3419 3566 3546 3632 nisi

676 3669 958 3736 Romano
1014 3669 1296 3756 pontifici
1344 3671 1699 3755 subiacere,
1758 3673 1964 3757 ipsam
2008 3671 2162 3736 dicti
2207 3671 2392 3738 electi
2437 3669 2758 3738 subiacere
2803 3670 3064 3754 dicioni,
3125 3671 3293 3756 quod
3337 3671 3545 3738 nulla-

678 3782 859 3843 tenus
907 3775 1209 3843 vellemus
1254 3776 1541 3844 tolerare.
1614 3777 1815 3862 Unde,
1862 3797 2005 3843 cum
2051 3778 2341 3844 dominus
2387 3775 2782 3843 Patracensis
2828 3776 3333 3863 archiepiscopus
3376 3778 3546 3846 inter

679 3903 897 3950 omnes
940 3883 1219 3970 prelatos
1262 3883 1567 3950 Romanie
1624 3885 2022 3951 reverencior
2065 3885 2402 3966 habeatur,
2459 3883 2590 3950 fere
2635 3903 2852 3950 omnes
2899 3882 3008 3950 alii
3050 3883 3282 3970 prelati
3337 3885 3544 3970 ipsius

676 3991 957 4057 favorem
1005 3995 1452 4075 prosequentes
1482 3991 1667 4058 dictis
1698 3991 2098 4088 Theutonicis
2129 3989 2431 4056 fratribus
2462 4009 2602 4056 cum
2633 3991 2774 4076 ipso
2805 4010 2873 4057 se
2903 3996 3252 4076 opponunt,
3289 3997 3544 4076 partem

678 4096 1007 4163 adversam
1055 4097 1261 4162 minus
1307 4096 1471 4164 iuste
1516 4097 1900 4165 sustinendo.
1970 4096 2124 4163 Inde
2169 4101 2284 4180 est,
2333 4097 2498 4180 quod
2544 4097 2867 4175 sanctitati
2900 4097 3301 4183 paternitatis
3331 4103 3545 4166 vestre

676 4202 1105 4288 supplicamus
1134 4203 1456 4270 humiliter
1486 4204 1914 4290 deprecantes,
1962 4204 2256 4289 quatinus
2303 4205 2516 4289 sepius
2550 4203 2943 4269 nominatum
2977 4203 3288 4290 hospitale
3317 4225 3544 4274 secun-

674 4310 825 4375 dum
872 4309 1335 4376 concessionem
1366 4315 1641 4376 vestram
1673 4315 1737 4376 et
1764 4317 2046 4376 nostram
2083 4308 2576 4376 confirmationis
2604 4315 2812 4375 vestre
2841 4309 3244 4395 privilegium
3278 4333 3541 4399 precum

672 4420 1034 4482 nostrarum
1076 4417 1436 4483 interventu
1479 4416 1773 4500 dignetur
1818 4422 2032 4484 vestra
2078 4416 2424 4503 paternitas
2479 4417 2868 4482 communire
2921 4422 3298 4503 perpetuum
3353 4419 3541 4486 dictis

673 4522 1191 4605 malignatoribus
1238 4523 1564 4590 silencium
1610 4523 2012 4609 imponendo,
2058 4528 2149 4607 ut,
2197 4523 2364 4608 quod
2407 4523 2567 4590 tanti
2611 4522 2813 4610 patris
2858 4528 2922 4590 et
2948 4529 3168 4591 nostra
3195 4527 3538 4594 auctoritas

676 4637 885 4696 actum
932 4650 1069 4695 esse
1115 4630 1194 4695 ad
1252 4629 1552 4696 honorem
1610 4630 1709 4696 dei
1765 4631 1929 4697 iuste
1987 4637 2050 4697 et
2101 4629 2590 4697 misericorditer
2645 4629 3019 4716 dinoscitur,
3079 4633 3538 4718 perhennitatis

672 4736 899 4802 robore
956 4735 1253 4802 fulciatur
1296 4740 1361 4801 et
1414 4735 1775 4803 inviolabile
1833 4743 2238 4804 conservetur
2293 4755 2410 4804 nec
2461 4736 2528 4802 in
2585 4743 2910 4822 posterum
2967 4738 3157 4805 alicui
3211 4739 3538 4806 hominum

674 4841 1137 4908 confirmationi
1165 4846 1374 4909 vestre
1416 4863 1576 4908 ausu
1618 4845 1956 4910 temerario
2001 4843 2190 4910 liceat
2231 4843 2564 4927 contraire,
2612 4845 2762 4928 quia
2805 4844 2976 4911 nullo
3024 4845 3207 4913 modo
3247 4845 3537 4912 volumus

674 4949 1005 5033 sustinere,
1053 4949 1220 5034 quod
1264 4953 1439 5016 tante
1482 4949 1775 5018 karitatis
1822 4950 2152 5039 plantatio,
2197 4951 2266 5017 in
2309 4969 2434 5034 qua
2461 4949 2662 5018 felicis
2699 4951 3004 5019 memorie
3031 4955 3212 5038 pater
3241 4958 3308 5021 et
3333 4958 3538 5020 mater
