<?xml version="1.0" encoding="UTF-8"?>
<!DOCTYPE html PUBLIC "-//W3C//DTD XHTML 1.0 Transitional//EN"
    "http://www.w3.org/TR/xhtml1/DTD/xhtml1-transitional.dtd">
<html xmlns="http://www.w3.org/1999/xhtml" xml:lang="en" lang="en">
 <head>
  <title>
</title>
<meta http-equiv="Content-Type" content="text/html;charset=utf-8" />
  <meta name='ocr-system' content='tesseract 3.04.00' />
  <meta name='ocr-capabilities' content='ocr_page ocr_carea ocr_par ocr_line ocrx_word'/>
</head>
<body>
  <div class='ocr_page' id='page_1' title='image "./tabulaeordinist00stregoog_0207.png"; bbox 0 0 3892 5609; ppageno 0'>
   <div class='ocr_carea' id='block_1_1' title="bbox 1377 343 3200 426">
    <p class='ocr_par' dir='ltr' id='par_1_1' title="bbox 1377 343 3200 426">
     <span class='ocr_line' id='line_1_1' title="bbox 1377 343 3200 426; baseline -0.001 -11"><span class='ocrx_word' id='word_1_1' title='bbox 1377 367 1797 416; x_wconf 67' lang='lat' dir='ltr'><strong>Annum-mu.</strong></span> <span class='ocrx_word' id='word_1_2' title='bbox 1866 367 2182 415; x_wconf 71' lang='lat' dir='ltr'><strong>nonnum</strong></span> <span class='ocrx_word' id='word_1_3' title='bbox 2311 343 2316 348; x_wconf 78' lang='grc'><em>’</em></span> <span class='ocrx_word' id='word_1_4' title='bbox 3061 355 3200 426; x_wconf 88' lang='lat'><strong>191</strong></span> 
     </span>
    </p>
   </div>
   <div class='ocr_carea' id='block_1_2' title="bbox 332 524 3211 5090">
    <p class='ocr_par' dir='ltr' id='par_1_2' title="bbox 332 524 3211 4130">
     <span class='ocr_line' id='line_1_2' title="bbox 336 524 3211 614; baseline 0.001 -26"><span class='ocrx_word' id='word_1_5' title='bbox 336 527 592 609; x_wconf 88' lang='lat' dir='ltr'><strong>menta,</strong></span> <span class='ocrx_word' id='word_1_6' title='bbox 636 524 885 592; x_wconf 89' lang='lat' dir='ltr'><strong>indulta</strong></span> <span class='ocrx_word' id='word_1_7' title='bbox 930 529 995 592; x_wconf 89' lang='lat' dir='ltr'><strong>et</strong></span> <span class='ocrx_word' id='word_1_8' title='bbox 1037 524 1371 613; x_wconf 82' lang='lat' dir='ltr'><strong>privilegia</strong></span> <span class='ocrx_word' id='word_1_9' title='bbox 1411 527 1479 598; x_wconf 89' lang='lat' dir='ltr'><strong>iu</strong></span> <span class='ocrx_word' id='word_1_10' title='bbox 1526 527 1761 595; x_wconf 91' lang='lat' dir='ltr'><strong>eisdem</strong></span> <span class='ocrx_word' id='word_1_11' title='bbox 1810 531 2136 596; x_wconf 88' lang='lat' dir='ltr'><strong>contentas</strong></span> <span class='ocrx_word' id='word_1_12' title='bbox 2183 531 2248 592; x_wconf 91' lang='lat' dir='ltr'><strong>et</strong></span> <span class='ocrx_word' id='word_1_13' title='bbox 2291 525 2640 614; x_wconf 87' lang='lat' dir='ltr'><strong>descriptas</strong></span> <span class='ocrx_word' id='word_1_14' title='bbox 2685 530 3101 610; x_wconf 78' lang='lat' dir='ltr'>contentaque</span> <span class='ocrx_word' id='word_1_15' title='bbox 3147 530 3211 592; x_wconf 90' lang='lat' dir='ltr'><strong>et</strong></span> 
     </span>
     <span class='ocr_line' id='line_1_3' title="bbox 335 628 3208 719; baseline 0.001 -24"><span class='ocrx_word' id='word_1_16' title='bbox 335 628 665 718; x_wconf 85' lang='lat' dir='ltr'><strong>descripta</strong></span> <span class='ocrx_word' id='word_1_17' title='bbox 704 633 775 699; x_wconf 89' lang='lat' dir='ltr'><strong>in</strong></span> <span class='ocrx_word' id='word_1_18' title='bbox 819 631 1083 698; x_wconf 85' lang='lat' dir='ltr'><strong>diversis</strong></span> <span class='ocrx_word' id='word_1_19' title='bbox 1130 639 1195 699; x_wconf 92' lang='lat' dir='ltr'><strong>et</strong></span> <span class='ocrx_word' id='word_1_20' title='bbox 1238 653 1278 700; x_wconf 87' lang='grc'><strong>8</strong></span> <span class='ocrx_word' id='word_1_21' title='bbox 1321 653 1389 700; x_wconf 89' lang='grc'><strong>80</strong></span> <span class='ocrx_word' id='word_1_22' title='bbox 1432 633 1619 718; x_wconf 84' lang='lat' dir='ltr'><strong>longe</strong></span> <span class='ocrx_word' id='word_1_23' title='bbox 1663 634 2042 700; x_wconf 88' lang='lat' dir='ltr'><strong>distantibus</strong></span> <span class='ocrx_word' id='word_1_24' title='bbox 2073 632 2294 699; x_wconf 90' lang='lat' dir='ltr'><strong>mundi</strong></span> <span class='ocrx_word' id='word_1_25' title='bbox 2337 632 2622 719; x_wconf 86' lang='lat' dir='ltr'><strong>partibus</strong></span> <span class='ocrx_word' id='word_1_26' title='bbox 2667 653 2743 701; x_wconf 87' lang='grc'><strong>80</strong></span> <span class='ocrx_word' id='word_1_27' title='bbox 2772 653 2985 700; x_wconf 87' lang='grc'><strong>0018111</strong></span> <span class='ocrx_word' id='word_1_28' title='bbox 3015 632 3208 698; x_wconf 82' lang='lat' dir='ltr'><strong>variis</strong></span> 
     </span>
     <span class='ocr_line' id='line_1_4' title="bbox 334 735 3208 826; baseline 0 -23"><span class='ocrx_word' id='word_1_29' title='bbox 334 741 478 803; x_wconf 82' lang='lat' dir='ltr'><strong>tam</strong></span> <span class='ocrx_word' id='word_1_30' title='bbox 546 735 983 826; x_wconf 74' lang='lat' dir='ltr'><strong>spiritualibus</strong></span> <span class='ocrx_word' id='word_1_31' title='bbox 1047 757 1236 823; x_wconf 89' lang='lat' dir='ltr'><strong>quam</strong></span> <span class='ocrx_word' id='word_1_32' title='bbox 1302 739 1685 808; x_wconf 88' lang='lat' dir='ltr'><strong>secularibus</strong></span> <span class='ocrx_word' id='word_1_33' title='bbox 1761 740 2072 808; x_wconf 89' lang='lat' dir='ltr'><strong>iudicibus</strong></span> <span class='ocrx_word' id='word_1_34' title='bbox 2143 741 2239 805; x_wconf 89' lang='lat' dir='ltr'><strong>uti</strong></span> <span class='ocrx_word' id='word_1_35' title='bbox 2303 739 2655 806; x_wconf 88' lang='lat' dir='ltr'><strong>necessario</strong></span> <span class='ocrx_word' id='word_1_36' title='bbox 2721 738 2952 806; x_wconf 86' lang='lat' dir='ltr'><strong>habeat</strong></span> <span class='ocrx_word' id='word_1_37' title='bbox 3021 743 3208 824; x_wconf 86' lang='lat' dir='ltr'><strong>atque</strong></span> 
     </span>
     <span class='ocr_line' id='line_1_5' title="bbox 334 842 3209 934; baseline -0 -23"><span class='ocrx_word' id='word_1_38' title='bbox 334 842 491 928; x_wconf 84' lang='lat' dir='ltr'><strong>frui,</strong></span> <span class='ocrx_word' id='word_1_39' title='bbox 535 845 648 912; x_wconf 92' lang='lat' dir='ltr'><strong>ubi</strong></span> <span class='ocrx_word' id='word_1_40' title='bbox 692 851 758 912; x_wconf 93' lang='lat' dir='ltr'><strong>et</strong></span> <span class='ocrx_word' id='word_1_41' title='bbox 800 845 881 912; x_wconf 90' lang='lat' dir='ltr'><strong>ad</strong></span> <span class='ocrx_word' id='word_1_42' title='bbox 926 865 1081 932; x_wconf 87' lang='lat' dir='ltr'><strong>quos</strong></span> <span class='ocrx_word' id='word_1_43' title='bbox 1129 865 1203 912; x_wconf 85' lang='grc'><strong>80</strong></span> <span class='ocrx_word' id='word_1_44' title='bbox 1248 847 1541 931; x_wconf 81' lang='lat' dir='ltr'><strong>quociens</strong></span> <span class='ocrx_word' id='word_1_45' title='bbox 1590 847 1940 934; x_wconf 86' lang='lat' dir='ltr'><strong>expedierit</strong></span> <span class='ocrx_word' id='word_1_46' title='bbox 1983 845 2155 913; x_wconf 90' lang='lat' dir='ltr'><strong>dicta</strong></span> <span class='ocrx_word' id='word_1_47' title='bbox 2195 847 2466 929; x_wconf 87' lang='lat' dir='ltr'><strong>registra</strong></span> <span class='ocrx_word' id='word_1_48' title='bbox 2505 865 2615 912; x_wconf 90' lang='lat' dir='ltr'><strong>seu</strong></span> <span class='ocrx_word' id='word_1_49' title='bbox 2646 845 2968 912; x_wconf 85' lang='lat' dir='ltr'><strong>volumina</strong></span> <span class='ocrx_word' id='word_1_50' title='bbox 3003 850 3209 912; x_wconf 85' lang='lat' dir='ltr'><strong>trans-</strong></span> 
     </span>
     <span class='ocr_line' id='line_1_6' title="bbox 338 951 3207 1039; baseline -0.002 -15"><span class='ocrx_word' id='word_1_51' title='bbox 338 956 737 1037; x_wconf 82' lang='lat' dir='ltr'><strong>sumptorum</strong></span> <span class='ocrx_word' id='word_1_52' title='bbox 784 957 917 1018; x_wconf 90' lang='lat' dir='ltr'><strong>tam</strong></span> <span class='ocrx_word' id='word_1_53' title='bbox 960 957 1221 1039; x_wconf 89' lang='lat' dir='ltr'><strong>propter</strong></span> <span class='ocrx_word' id='word_1_54' title='bbox 1264 973 1649 1037; x_wconf 79' lang='lat' dir='ltr'><strong>gwerrarum</strong></span> <span class='ocrx_word' id='word_1_55' title='bbox 1695 951 1978 1039; x_wconf 87' lang='lat' dir='ltr'><strong>pericula</strong></span> <span class='ocrx_word' id='word_1_56' title='bbox 2021 973 2212 1038; x_wconf 86' lang='lat' dir='ltr'><strong>quam</strong></span> <span class='ocrx_word' id='word_1_57' title='bbox 2241 953 2484 1022; x_wconf 86' lang='lat' dir='ltr'><strong>viarum</strong></span> <span class='ocrx_word' id='word_1_58' title='bbox 2533 952 2900 1020; x_wconf 88' lang='lat' dir='ltr'><strong>discrimina</strong></span> <span class='ocrx_word' id='word_1_59' title='bbox 2944 958 3008 1019; x_wconf 91' lang='lat' dir='ltr'><strong>et</strong></span> <span class='ocrx_word' id='word_1_60' title='bbox 3053 952 3207 1019; x_wconf 87' lang='lat' dir='ltr'><strong>alios</strong></span> 
     </span>
     <span class='ocr_line' id='line_1_7' title="bbox 338 1055 3210 1148; baseline 0.001 -25"><span class='ocrx_word' id='word_1_61' title='bbox 338 1055 697 1126; x_wconf 84' lang='lat' dir='ltr'><strong>diffortuuii</strong></span> <span class='ocrx_word' id='word_1_62' title='bbox 724 1059 1105 1148; x_wconf 77' lang='lat' dir='ltr'><strong>multiplices</strong></span> <span class='ocrx_word' id='word_1_63' title='bbox 1134 1078 1316 1127; x_wconf 88' lang='lat' dir='ltr'><strong>casus</strong></span> <span class='ocrx_word' id='word_1_64' title='bbox 1346 1059 1774 1127; x_wconf 72' lang='lat' dir='ltr'><strong>transmittere</strong></span> <span class='ocrx_word' id='word_1_65' title='bbox 1816 1079 1927 1125; x_wconf 90' lang='grc'><strong>8011</strong></span> <span class='ocrx_word' id='word_1_66' title='bbox 1958 1058 2201 1127; x_wconf 90' lang='lat' dir='ltr'><strong>deferre</strong></span> <span class='ocrx_word' id='word_1_67' title='bbox 2238 1059 2436 1127; x_wconf 90' lang='lat' dir='ltr'><strong>libere</strong></span> <span class='ocrx_word' id='word_1_68' title='bbox 2466 1065 2531 1126; x_wconf 89' lang='lat' dir='ltr'><strong>et</strong></span> <span class='ocrx_word' id='word_1_69' title='bbox 2563 1055 2810 1126; x_wconf 85' lang='lat' dir='ltr'><strong>secure⁸</strong></span> <span class='ocrx_word' id='word_1_70' title='bbox 2842 1079 2968 1127; x_wconf 93' lang='lat' dir='ltr'><strong>non</strong></span> <span class='ocrx_word' id='word_1_71' title='bbox 2999 1058 3210 1125; x_wconf 86' lang='lat' dir='ltr'><strong>valeat</strong></span> 
     </span>
     <span class='ocr_line' id='line_1_8' title="bbox 336 1165 3208 1253; baseline 0.001 -24"><span class='ocrx_word' id='word_1_72' title='bbox 336 1183 457 1230; x_wconf 86' lang='lat' dir='ltr'><strong>seu</strong></span> <span class='ocrx_word' id='word_1_73' title='bbox 502 1170 741 1252; x_wconf 83' lang='lat' dir='ltr'><strong>speret,</strong></span> <span class='ocrx_word' id='word_1_74' title='bbox 788 1187 934 1253; x_wconf 79' lang='lat' dir='ltr'><strong>ymo</strong></span> <span class='ocrx_word' id='word_1_75' title='bbox 980 1167 1196 1253; x_wconf 89' lang='lat' dir='ltr'><strong>pocius</strong></span> <span class='ocrx_word' id='word_1_76' title='bbox 1242 1167 1321 1234; x_wconf 91' lang='lat' dir='ltr'><strong>de</strong></span> <span class='ocrx_word' id='word_1_77' title='bbox 1372 1166 1715 1234; x_wconf 87' lang='lat' dir='ltr'><strong>earundem</strong></span> <span class='ocrx_word' id='word_1_78' title='bbox 1756 1165 2176 1249; x_wconf 85' lang='lat' dir='ltr'><strong>laceracione,</strong></span> <span class='ocrx_word' id='word_1_79' title='bbox 2232 1165 2665 1233; x_wconf 83' lang='lat' dir='ltr'><strong>devastacione</strong></span> <span class='ocrx_word' id='word_1_80' title='bbox 2712 1173 2776 1234; x_wconf 90' lang='lat' dir='ltr'><strong>et</strong></span> <span class='ocrx_word' id='word_1_81' title='bbox 2827 1166 3012 1233; x_wconf 88' lang='lat' dir='ltr'><strong>totali</strong></span> <span class='ocrx_word' id='word_1_82' title='bbox 3073 1185 3208 1231; x_wconf 87' lang='lat' dir='ltr'><strong>am-</strong></span> 
     </span>
     <span class='ocr_line' id='line_1_9' title="bbox 336 1269 3210 1360; baseline 0.001 -24"><span class='ocrx_word' id='word_1_83' title='bbox 336 1269 645 1340; x_wconf 86' lang='lat' dir='ltr'><strong>missione</strong></span> <span class='ocrx_word' id='word_1_84' title='bbox 686 1271 1029 1340; x_wconf 86' lang='lat' dir='ltr'><strong>formidare</strong></span> <span class='ocrx_word' id='word_1_85' title='bbox 1072 1277 1379 1359; x_wconf 87' lang='lat' dir='ltr'><strong>oporteat.</strong></span> <span class='ocrx_word' id='word_1_86' title='bbox 1447 1271 1642 1340; x_wconf 90' lang='lat' dir='ltr'><strong>Petiit</strong></span> <span class='ocrx_word' id='word_1_87' title='bbox 1686 1278 2024 1359; x_wconf 87' lang='lat' dir='ltr'><strong>propterea</strong></span> <span class='ocrx_word' id='word_1_88' title='bbox 2067 1272 2271 1339; x_wconf 90' lang='lat' dir='ltr'><strong>dictus</strong></span> <span class='ocrx_word' id='word_1_89' title='bbox 2317 1271 2558 1360; x_wconf 77' lang='lat' dir='ltr'><strong>caspar</strong></span> <span class='ocrx_word' id='word_1_90' title='bbox 2597 1271 2804 1357; x_wconf 86' lang='lat' dir='ltr'><strong>Lingg</strong></span> <span class='ocrx_word' id='word_1_91' title='bbox 2848 1293 2972 1359; x_wconf 87' lang='lat' dir='ltr'><strong>quo</strong></span> <span class='ocrx_word' id='word_1_92' title='bbox 3016 1292 3210 1359; x_wconf 84' lang='lat' dir='ltr'><strong>supra</strong></span> 
     </span>
     <span class='ocr_line' id='line_1_10' title="bbox 336 1377 3209 1466; baseline 0.001 -25"><span class='ocrx_word' id='word_1_93' title='bbox 336 1377 602 1444; x_wconf 86' lang='lat' dir='ltr'><strong>nomine</strong></span> <span class='ocrx_word' id='word_1_94' title='bbox 644 1380 1076 1466; x_wconf 82' lang='lat' dir='ltr'><strong>procuratorio</strong></span> <span class='ocrx_word' id='word_1_95' title='bbox 1123 1399 1161 1447; x_wconf 91' lang='lat' dir='ltr'><strong>a</strong></span> <span class='ocrx_word' id='word_1_96' title='bbox 1204 1400 1308 1447; x_wconf 90' lang='lat' dir='ltr'><strong>me</strong></span> <span class='ocrx_word' id='word_1_97' title='bbox 1350 1381 1597 1447; x_wconf 86' lang='lat' dir='ltr'><strong>notario</strong></span> <span class='ocrx_word' id='word_1_98' title='bbox 1640 1378 1891 1466; x_wconf 90' lang='lat' dir='ltr'><strong>publico</strong></span> <span class='ocrx_word' id='word_1_99' title='bbox 1936 1378 2342 1464; x_wconf 86' lang='lat' dir='ltr'><strong>infrascripto</strong></span> <span class='ocrx_word' id='word_1_100' title='bbox 2355 1427 2374 1462; x_wconf 90' lang='lat'><strong>,</strong></span> <span class='ocrx_word' id='word_1_101' title='bbox 2431 1385 2736 1464; x_wconf 88' lang='lat' dir='ltr'><strong>quatenus</strong></span> <span class='ocrx_word' id='word_1_102' title='bbox 2782 1381 3052 1463; x_wconf 86' lang='lat' dir='ltr'><strong>registra</strong></span> <span class='ocrx_word' id='word_1_103' title='bbox 3097 1398 3209 1446; x_wconf 89' lang='lat' dir='ltr'><strong>seu</strong></span> 
     </span>
     <span class='ocr_line' id='line_1_11' title="bbox 336 1482 3207 1574; baseline 0.001 -24"><span class='ocrx_word' id='word_1_104' title='bbox 336 1482 667 1552; x_wconf 82' lang='lat' dir='ltr'><strong>volumina</strong></span> <span class='ocrx_word' id='word_1_105' title='bbox 709 1490 1282 1574; x_wconf 86' lang='lat' dir='ltr'><strong>transsumptorum</strong></span> <span class='ocrx_word' id='word_1_106' title='bbox 1328 1486 1615 1573; x_wconf 89' lang='lat' dir='ltr'><strong>predicta</strong></span> <span class='ocrx_word' id='word_1_107' title='bbox 1658 1505 1799 1554; x_wconf 88' lang='lat' dir='ltr'><strong>cum</strong></span> <span class='ocrx_word' id='word_1_108' title='bbox 1832 1484 2094 1569; x_wconf 85' lang='lat' dir='ltr'><strong>singulis</strong></span> <span class='ocrx_word' id='word_1_109' title='bbox 2139 1485 2207 1550; x_wconf 92' lang='lat' dir='ltr'><strong>in</strong></span> <span class='ocrx_word' id='word_1_110' title='bbox 2239 1485 2330 1551; x_wconf 88' lang='lat' dir='ltr'><strong>eis</strong></span> <span class='ocrx_word' id='word_1_111' title='bbox 2365 1486 2673 1553; x_wconf 88' lang='lat' dir='ltr'><strong>contentis</strong></span> <span class='ocrx_word' id='word_1_112' title='bbox 2704 1484 2974 1554; x_wconf 89' lang='lat' dir='ltr'><strong>fideliter</strong></span> <span class='ocrx_word' id='word_1_113' title='bbox 3001 1491 3207 1552; x_wconf 87' lang='lat' dir='ltr'><strong>trans-</strong></span> 
     </span>
     <span class='ocr_line' id='line_1_12' title="bbox 336 1590 3207 1680; baseline 0 -22"><span class='ocrx_word' id='word_1_114' title='bbox 336 1590 684 1658; x_wconf 79' lang='lat' dir='ltr'><strong>scriberem</strong></span> <span class='ocrx_word' id='word_1_115' title='bbox 730 1598 795 1660; x_wconf 89' lang='lat' dir='ltr'><strong>et</strong></span> <span class='ocrx_word' id='word_1_116' title='bbox 840 1594 1237 1680; x_wconf 85' lang='lat' dir='ltr'><strong>excopiarem</strong></span> <span class='ocrx_word' id='word_1_117' title='bbox 1284 1612 1359 1660; x_wconf 89' lang='lat' dir='ltr'><strong>ac</strong></span> <span class='ocrx_word' id='word_1_118' title='bbox 1400 1594 1469 1659; x_wconf 92' lang='lat' dir='ltr'><strong>in</strong></span> <span class='ocrx_word' id='word_1_119' title='bbox 1514 1591 1829 1680; x_wconf 82' lang='lat' dir='ltr'><strong>publicam</strong></span> <span class='ocrx_word' id='word_1_120' title='bbox 1874 1592 2146 1658; x_wconf 82' lang='lat' dir='ltr'><strong>formam</strong></span> <span class='ocrx_word' id='word_1_121' title='bbox 2189 1591 2557 1677; x_wconf 86' lang='lat' dir='ltr'><strong>redigerem.</strong></span> <span class='ocrx_word' id='word_1_122' title='bbox 2631 1591 2800 1660; x_wconf 86' lang='lat' dir='ltr'><strong>Visis</strong></span> <span class='ocrx_word' id='word_1_123' title='bbox 2846 1592 3039 1677; x_wconf 85' lang='lat' dir='ltr'><strong>igitur</strong></span> <span class='ocrx_word' id='word_1_124' title='bbox 3093 1611 3207 1679; x_wconf 90' lang='lat' dir='ltr'><strong>per</strong></span> 
     </span>
     <span class='ocr_line' id='line_1_13' title="bbox 334 1698 3208 1786; baseline 0.001 -24"><span class='ocrx_word' id='word_1_125' title='bbox 334 1715 447 1763; x_wconf 87' lang='lat' dir='ltr'><strong>me</strong></span> <span class='ocrx_word' id='word_1_126' title='bbox 488 1699 805 1766; x_wconf 90' lang='lat' dir='ltr'><strong>notarium</strong></span> <span class='ocrx_word' id='word_1_127' title='bbox 851 1700 1171 1786; x_wconf 90' lang='lat' dir='ltr'><strong>publicum</strong></span> <span class='ocrx_word' id='word_1_128' title='bbox 1218 1699 1641 1786; x_wconf 88' lang='lat' dir='ltr'><strong>subscriptum</strong></span> <span class='ocrx_word' id='word_1_129' title='bbox 1685 1699 1971 1784; x_wconf 82' lang='lat' dir='ltr'><strong>registris</strong></span> <span class='ocrx_word' id='word_1_130' title='bbox 2015 1718 2126 1766; x_wconf 89' lang='lat' dir='ltr'><strong>seu</strong></span> <span class='ocrx_word' id='word_1_131' title='bbox 2173 1698 2591 1766; x_wconf 85' lang='lat' dir='ltr'><strong>voluminibus</strong></span> <span class='ocrx_word' id='word_1_132' title='bbox 2635 1704 3208 1786; x_wconf 85' lang='lat' dir='ltr'><strong>transsumptorum</strong></span> 
     </span>
     <span class='ocr_line' id='line_1_14' title="bbox 332 1804 3208 1892; baseline 0.001 -23"><span class='ocrx_word' id='word_1_133' title='bbox 332 1804 769 1889; x_wconf 88' lang='lat' dir='ltr'><strong>predictorum</strong></span> <span class='ocrx_word' id='word_1_134' title='bbox 838 1807 1055 1874; x_wconf 87' lang='lat' dir='ltr'><strong>eadem</strong></span> <span class='ocrx_word' id='word_1_135' title='bbox 1114 1826 1273 1874; x_wconf 86' lang='lat' dir='ltr'><strong>sana</strong></span> <span class='ocrx_word' id='word_1_136' title='bbox 1328 1813 1393 1874; x_wconf 91' lang='lat' dir='ltr'><strong>et</strong></span> <span class='ocrx_word' id='word_1_137' title='bbox 1455 1806 1667 1889; x_wconf 87' lang='lat' dir='ltr'><strong>illesa,</strong></span> <span class='ocrx_word' id='word_1_138' title='bbox 1733 1825 1859 1872; x_wconf 91' lang='lat' dir='ltr'><strong>non</strong></span> <span class='ocrx_word' id='word_1_139' title='bbox 1917 1805 2144 1874; x_wconf 85' lang='lat' dir='ltr'><strong>abrasa</strong></span> <span class='ocrx_word' id='word_1_140' title='bbox 2200 1826 2405 1892; x_wconf 90' lang='lat' dir='ltr'><strong>neque</strong></span> <span class='ocrx_word' id='word_1_141' title='bbox 2464 1807 2534 1871; x_wconf 91' lang='lat' dir='ltr'><strong>in</strong></span> <span class='ocrx_word' id='word_1_142' title='bbox 2593 1806 2806 1892; x_wconf 88' lang='lat' dir='ltr'><strong>aliqua</strong></span> <span class='ocrx_word' id='word_1_143' title='bbox 2859 1807 2958 1873; x_wconf 91' lang='lat' dir='ltr'><strong>sui</strong></span> <span class='ocrx_word' id='word_1_144' title='bbox 3026 1811 3208 1892; x_wconf 87' lang='lat' dir='ltr'><strong>parte</strong></span> 
     </span>
     <span class='ocr_line' id='line_1_15' title="bbox 336 1911 3207 2000; baseline -0 -21"><span class='ocrx_word' id='word_1_145' title='bbox 336 1917 639 1998; x_wconf 85' lang='lat' dir='ltr'><strong>suspecta</strong></span> <span class='ocrx_word' id='word_1_146' title='bbox 693 1913 937 1996; x_wconf 83' lang='lat' dir='ltr'><strong>inveni3</strong></span> <span class='ocrx_word' id='word_1_147' title='bbox 998 1913 1231 1981; x_wconf 88' lang='lat' dir='ltr'><strong>idcirco</strong></span> <span class='ocrx_word' id='word_1_148' title='bbox 1288 1913 1505 1980; x_wconf 87' lang='lat' dir='ltr'><strong>eadem</strong></span> <span class='ocrx_word' id='word_1_149' title='bbox 1520 1963 1538 1997; x_wconf 96' lang='lat'><strong>,</strong></span> <span class='ocrx_word' id='word_1_150' title='bbox 1600 1917 1673 1978; x_wconf 91' lang='lat' dir='ltr'><strong>ut</strong></span> <span class='ocrx_word' id='word_1_151' title='bbox 1724 1913 2014 2000; x_wconf 83' lang='lat' dir='ltr'><strong>proxime</strong></span> <span class='ocrx_word' id='word_1_152' title='bbox 2071 1930 2266 1997; x_wconf 88' lang='lat' dir='ltr'><strong>supra</strong></span> <span class='ocrx_word' id='word_1_153' title='bbox 2319 1913 2679 1999; x_wconf 87' lang='lat' dir='ltr'><strong>precedenti</strong></span> <span class='ocrx_word' id='word_1_154' title='bbox 2733 1912 2886 1979; x_wconf 87' lang='lat' dir='ltr'><strong>folio</strong></span> <span class='ocrx_word' id='word_1_155' title='bbox 2923 1911 3207 1999; x_wconf 77' lang='lat' dir='ltr'><strong>,premit-</strong></span> 
     </span>
     <span class='ocr_line' id='line_1_16' title="bbox 334 2016 3210 2105; baseline 0 -21"><span class='ocrx_word' id='word_1_156' title='bbox 334 2016 535 2103; x_wconf 89' lang='lat' dir='ltr'><strong>titur,</strong></span> <span class='ocrx_word' id='word_1_157' title='bbox 591 2018 671 2086; x_wconf 90' lang='lat' dir='ltr'><strong>de</strong></span> <span class='ocrx_word' id='word_1_158' title='bbox 725 2019 916 2087; x_wconf 82' lang='lat' dir='ltr'><strong>verbo</strong></span> <span class='ocrx_word' id='word_1_159' title='bbox 974 2020 1055 2086; x_wconf 84' lang='lat' dir='ltr'><strong>ad</strong></span> <span class='ocrx_word' id='word_1_160' title='bbox 1108 2021 1371 2089; x_wconf 84' lang='lat' dir='ltr'><strong>verbum</strong></span> <span class='ocrx_word' id='word_1_161' title='bbox 1423 2018 1515 2086; x_wconf 89' lang='lat' dir='ltr'><strong>nil</strong></span> <span class='ocrx_word' id='word_1_162' title='bbox 1568 2018 1852 2105; x_wconf 82' lang='grc'><strong>1101111118,</strong></span> <span class='ocrx_word' id='word_1_163' title='bbox 1926 2019 2094 2102; x_wconf 92' lang='lat' dir='ltr'><strong>quod</strong></span> <span class='ocrx_word' id='word_1_164' title='bbox 2147 2018 2432 2084; x_wconf 89' lang='lat' dir='ltr'><strong>sillabam</strong></span> <span class='ocrx_word' id='word_1_165' title='bbox 2493 2019 2784 2085; x_wconf 82' lang='lat' dir='ltr'><strong>immutet</strong></span> <span class='ocrx_word' id='word_1_166' title='bbox 2839 2039 2952 2085; x_wconf 88' lang='grc'><strong>8011</strong></span> <span class='ocrx_word' id='word_1_167' title='bbox 3007 2019 3210 2086; x_wconf 82' lang='lat' dir='ltr'><strong>variet</strong></span> 
     </span>
     <span class='ocr_line' id='line_1_17' title="bbox 332 2123 3208 2212; baseline 0.001 -22"><span class='ocrx_word' id='word_1_168' title='bbox 332 2123 731 2192; x_wconf 87' lang='lat' dir='ltr'><strong>intellectum</strong></span> <span class='ocrx_word' id='word_1_169' title='bbox 775 2130 1019 2194; x_wconf 88' lang='lat' dir='ltr'><strong>mutato</strong></span> <span class='ocrx_word' id='word_1_170' title='bbox 1064 2148 1177 2195; x_wconf 91' lang='lat' dir='ltr'><strong>seu</strong></span> <span class='ocrx_word' id='word_1_171' title='bbox 1210 2128 1454 2195; x_wconf 83' lang='lat' dir='ltr'><strong>variato</strong></span> <span class='ocrx_word' id='word_1_172' title='bbox 1497 2125 1904 2212; x_wconf 88' lang='lat' dir='ltr'><strong>transscripsi</strong></span> <span class='ocrx_word' id='word_1_173' title='bbox 1951 2129 2013 2191; x_wconf 88' lang='lat' dir='ltr'><strong>et</strong></span> <span class='ocrx_word' id='word_1_174' title='bbox 2057 2125 2383 2210; x_wconf 83' lang='lat' dir='ltr'><strong>excopiavi</strong></span> <span class='ocrx_word' id='word_1_175' title='bbox 2429 2144 2502 2192; x_wconf 92' lang='lat' dir='ltr'><strong>ac</strong></span> <span class='ocrx_word' id='word_1_176' title='bbox 2547 2124 2830 2210; x_wconf 85' lang='lat' dir='ltr'><strong>diligenti</strong></span> <span class='ocrx_word' id='word_1_177' title='bbox 2874 2125 3208 2212; x_wconf 87' lang='lat' dir='ltr'><strong>prehabita</strong></span> 
     </span>
     <span class='ocr_line' id='line_1_18' title="bbox 335 2230 3206 2319; baseline 0.001 -21"><span class='ocrx_word' id='word_1_178' title='bbox 335 2230 685 2299; x_wconf 87' lang='lat' dir='ltr'><strong>collacione</strong></span> <span class='ocrx_word' id='word_1_179' title='bbox 725 2234 934 2319; x_wconf 90' lang='lat' dir='ltr'><strong>reperi</strong></span> <span class='ocrx_word' id='word_1_180' title='bbox 979 2234 1335 2302; x_wconf 86' lang='lat' dir='ltr'><strong>omnimode</strong></span> <span class='ocrx_word' id='word_1_181' title='bbox 1379 2231 1970 2318; x_wconf 89' lang='lat' dir='ltr'><strong>transscripcionem</strong></span> <span class='ocrx_word' id='word_1_182' title='bbox 2016 2235 2081 2297; x_wconf 92' lang='lat' dir='ltr'><strong>et</strong></span> <span class='ocrx_word' id='word_1_183' title='bbox 2121 2231 2625 2317; x_wconf 83' lang='lat' dir='ltr'><strong>excopiacionem</strong></span> <span class='ocrx_word' id='word_1_184' title='bbox 2663 2231 3022 2300; x_wconf 88' lang='lat' dir='ltr'><strong>huiusmodi</strong></span> <span class='ocrx_word' id='word_1_185' title='bbox 3063 2252 3206 2300; x_wconf 91' lang='lat' dir='ltr'><strong>cum</strong></span> 
     </span>
     <span class='ocr_line' id='line_1_19' title="bbox 336 2337 3204 2427; baseline 0.001 -25"><span class='ocrx_word' id='word_1_186' title='bbox 336 2337 753 2422; x_wconf 81' lang='lat' dir='ltr'><strong>originalibus</strong></span> <span class='ocrx_word' id='word_1_187' title='bbox 796 2339 1081 2423; x_wconf 79' lang='lat' dir='ltr'><strong>registris</strong></span> <span class='ocrx_word' id='word_1_188' title='bbox 1128 2360 1238 2407; x_wconf 88' lang='lat' dir='ltr'><strong>seu</strong></span> <span class='ocrx_word' id='word_1_189' title='bbox 1282 2338 1702 2406; x_wconf 83' lang='lat' dir='ltr'><strong>voluminibus</strong></span> <span class='ocrx_word' id='word_1_190' title='bbox 1744 2337 2047 2426; x_wconf 88' lang='lat' dir='ltr'><strong>pretactis</strong></span> <span class='ocrx_word' id='word_1_191' title='bbox 2090 2338 2488 2404; x_wconf 86' lang='lat' dir='ltr'><strong>concordare.</strong></span> <span class='ocrx_word' id='word_1_192' title='bbox 2565 2337 3028 2427; x_wconf 82' lang='lat' dir='ltr'><strong>Subsequenter</strong></span> <span class='ocrx_word' id='word_1_193' title='bbox 3054 2359 3204 2406; x_wconf 80' lang='lat' dir='ltr'><strong>vero</strong></span> 
     </span>
     <span class='ocr_line' id='line_1_20' title="bbox 336 2443 3205 2534; baseline 0.001 -24"><span class='ocrx_word' id='word_1_194' title='bbox 336 2463 509 2511; x_wconf 89' lang='lat' dir='ltr'><strong>anno</strong></span> <span class='ocrx_word' id='word_1_195' title='bbox 574 2450 641 2512; x_wconf 93' lang='lat' dir='ltr'><strong>et</strong></span> <span class='ocrx_word' id='word_1_196' title='bbox 700 2446 1015 2514; x_wconf 87' lang='lat' dir='ltr'><strong>indicione</strong></span> <span class='ocrx_word' id='word_1_197' title='bbox 1081 2445 1604 2534; x_wconf 87' lang='lat' dir='ltr'><strong>premencionatis</strong></span> <span class='ocrx_word' id='word_1_198' title='bbox 1662 2444 1763 2511; x_wconf 89' lang='lat' dir='ltr'><strong>die</strong></span> <span class='ocrx_word' id='word_1_199' title='bbox 1826 2463 1975 2510; x_wconf 86' lang='lat' dir='ltr'><strong>vero</strong></span> <span class='ocrx_word' id='word_1_200' title='bbox 2029 2443 2329 2510; x_wconf 85' lang='lat' dir='ltr'><strong>vicesima</strong></span> <span class='ocrx_word' id='word_1_201' title='bbox 2396 2449 2618 2512; x_wconf 83' lang='lat' dir='ltr'><strong>octava</strong></span> <span class='ocrx_word' id='word_1_202' title='bbox 2683 2446 2916 2511; x_wconf 87' lang='lat' dir='ltr'><strong>mensis</strong></span> <span class='ocrx_word' id='word_1_203' title='bbox 2987 2446 3205 2531; x_wconf 89' lang='lat' dir='ltr'><strong>aprilis</strong></span> 
     </span>
     <span class='ocr_line' id='line_1_21' title="bbox 334 2549 3204 2639; baseline 0 -21"><span class='ocrx_word' id='word_1_204' title='bbox 334 2549 745 2639; x_wconf 86' lang='lat' dir='ltr'><strong>pontificatus</strong></span> <span class='ocrx_word' id='word_1_205' title='bbox 802 2551 1099 2639; x_wconf 89' lang='lat' dir='ltr'><strong>prelibati</strong></span> <span class='ocrx_word' id='word_1_206' title='bbox 1154 2553 1534 2620; x_wconf 87' lang='lat' dir='ltr'><strong>sanctissimi</strong></span> <span class='ocrx_word' id='word_1_207' title='bbox 1578 2551 1817 2619; x_wconf 89' lang='lat' dir='ltr'><strong>domini</strong></span> <span class='ocrx_word' id='word_1_208' title='bbox 1860 2550 2096 2634; x_wconf 84' lang='lat' dir='ltr'><strong>nostri,</strong></span> <span class='ocrx_word' id='word_1_209' title='bbox 2157 2550 2394 2616; x_wconf 90' lang='lat' dir='ltr'><strong>domini</strong></span> <span class='ocrx_word' id='word_1_210' title='bbox 2440 2550 2710 2634; x_wconf 87' lang='lat' dir='ltr'><strong>Eugenii</strong></span> <span class='ocrx_word' id='word_1_211' title='bbox 2754 2571 2920 2638; x_wconf 89' lang='lat' dir='ltr'><strong>pape</strong></span> <span class='ocrx_word' id='word_1_212' title='bbox 2975 2551 3204 2637; x_wconf 89' lang='lat' dir='ltr'><strong>quarti,</strong></span> 
     </span>
     <span class='ocr_line' id='line_1_22' title="bbox 338 2656 3205 2744; baseline -0.001 -18"><span class='ocrx_word' id='word_1_213' title='bbox 338 2678 509 2726; x_wconf 90' lang='lat' dir='ltr'><strong>anno</strong></span> <span class='ocrx_word' id='word_1_214' title='bbox 532 2659 665 2726; x_wconf 89' lang='lat' dir='ltr'><strong>eius</strong></span> <span class='ocrx_word' id='word_1_215' title='bbox 689 2658 1172 2744; x_wconf 86' lang='lat' dir='ltr'><strong>quintodecimo,</strong></span> <span class='ocrx_word' id='word_1_216' title='bbox 1197 2658 1627 2726; x_wconf 88' lang='lat' dir='ltr'><strong>mencionatus</strong></span> <span class='ocrx_word' id='word_1_217' title='bbox 1651 2656 2027 2725; x_wconf 87' lang='lat' dir='ltr'><strong>venerabilis</strong></span> <span class='ocrx_word' id='word_1_218' title='bbox 2051 2656 2338 2724; x_wconf 88' lang='lat' dir='ltr'><strong>dominus</strong></span> <span class='ocrx_word' id='word_1_219' title='bbox 2362 2657 2765 2725; x_wconf 86' lang='lat' dir='ltr'><strong>Burckardus</strong></span> <span class='ocrx_word' id='word_1_220' title='bbox 2787 2657 2865 2724; x_wconf 93' lang='lat' dir='ltr'><strong>de</strong></span> <span class='ocrx_word' id='word_1_221' title='bbox 2889 2656 3205 2725; x_wconf 78' lang='grc'><strong>8011011011-</strong></span> 
     </span>
     <span class='ocr_line' id='line_1_23' title="bbox 334 2763 3206 2852; baseline 0 -20"><span class='ocrx_word' id='word_1_222' title='bbox 334 2764 519 2850; x_wconf 84' lang='lat' dir='ltr'><strong>berg,</strong></span> <span class='ocrx_word' id='word_1_223' title='bbox 546 2765 951 2852; x_wconf 83' lang='lat' dir='ltr'><strong>provincialis</strong></span> <span class='ocrx_word' id='word_1_224' title='bbox 980 2764 1397 2852; x_wconf 85' lang='lat' dir='ltr'><strong>personaliter</strong></span> <span class='ocrx_word' id='word_1_225' title='bbox 1424 2785 1695 2832; x_wconf 90' lang='lat' dir='ltr'><strong>unacum</strong></span> <span class='ocrx_word' id='word_1_226' title='bbox 1724 2765 2163 2851; x_wconf 85' lang='lat' dir='ltr'><strong>prenominato</strong></span> <span class='ocrx_word' id='word_1_227' title='bbox 2194 2763 2470 2852; x_wconf 84' lang='lat' dir='ltr'><strong>Caspare</strong></span> <span class='ocrx_word' id='word_1_228' title='bbox 2489 2763 2717 2849; x_wconf 87' lang='lat' dir='ltr'><strong>Lingg,</strong></span> <span class='ocrx_word' id='word_1_229' title='bbox 2751 2765 3027 2832; x_wconf 89' lang='lat' dir='ltr'><strong>eiusdem</strong></span> <span class='ocrx_word' id='word_1_230' title='bbox 3059 2783 3206 2850; x_wconf 90' lang='lat' dir='ltr'><strong>pro-</strong></span> 
     </span>
     <span class='ocr_line' id='line_1_24' title="bbox 336 2870 3208 2958; baseline 0 -20"><span class='ocrx_word' id='word_1_231' title='bbox 336 2876 651 2956; x_wconf 81' lang='lat' dir='ltr'><strong>curatore,</strong></span> <span class='ocrx_word' id='word_1_232' title='bbox 694 2872 762 2938; x_wconf 90' lang='lat' dir='ltr'><strong>in</strong></span> <span class='ocrx_word' id='word_1_233' title='bbox 806 2877 1094 2958; x_wconf 86' lang='lat' dir='ltr'><strong>pretacta</strong></span> <span class='ocrx_word' id='word_1_234' title='bbox 1122 2871 1375 2938; x_wconf 87' lang='lat' dir='ltr'><strong>civitate</strong></span> <span class='ocrx_word' id='word_1_235' title='bbox 1406 2871 1879 2939; x_wconf 74' lang='lat' dir='ltr'><strong>constanciensi</strong></span> <span class='ocrx_word' id='word_1_236' title='bbox 1926 2875 1992 2937; x_wconf 85' lang='lat' dir='ltr'><strong>et</strong></span> <span class='ocrx_word' id='word_1_237' title='bbox 2035 2871 2268 2938; x_wconf 90' lang='lat' dir='ltr'><strong>ibidem</strong></span> <span class='ocrx_word' id='word_1_238' title='bbox 2313 2872 2380 2937; x_wconf 90' lang='lat' dir='ltr'><strong>in</strong></span> <span class='ocrx_word' id='word_1_239' title='bbox 2411 2872 2587 2938; x_wconf 89' lang='lat' dir='ltr'><strong>curia</strong></span> <span class='ocrx_word' id='word_1_240' title='bbox 2629 2891 2740 2940; x_wconf 87' lang='lat' dir='ltr'><strong>seu</strong></span> <span class='ocrx_word' id='word_1_241' title='bbox 2785 2871 2970 2938; x_wconf 90' lang='lat' dir='ltr'><strong>domo</strong></span> <span class='ocrx_word' id='word_1_242' title='bbox 3016 2870 3208 2958; x_wconf 89' lang='lat' dir='ltr'><strong>preli-</strong></span> 
     </span>
     <span class='ocr_line' id='line_1_25' title="bbox 337 2974 3202 3065; baseline -0 -20"><span class='ocrx_word' id='word_1_243' title='bbox 337 2976 479 3046; x_wconf 86' lang='lat' dir='ltr'><strong>bati</strong></span> <span class='ocrx_word' id='word_1_244' title='bbox 506 2977 744 3046; x_wconf 91' lang='lat' dir='ltr'><strong>domini</strong></span> <span class='ocrx_word' id='word_1_245' title='bbox 774 2977 1124 3046; x_wconf 87' lang='lat' dir='ltr'><strong>Burckardi</strong></span> <span class='ocrx_word' id='word_1_246' title='bbox 1170 2997 1244 3046; x_wconf 91' lang='lat' dir='ltr'><strong>ac</strong></span> <span class='ocrx_word' id='word_1_247' title='bbox 1275 2979 1344 3044; x_wconf 91' lang='lat' dir='ltr'><strong>in</strong></span> <span class='ocrx_word' id='word_1_248' title='bbox 1374 2979 1502 3046; x_wconf 88' lang='lat' dir='ltr'><strong>mei</strong></span> <span class='ocrx_word' id='word_1_249' title='bbox 1546 2979 1779 3044; x_wconf 88' lang='lat' dir='ltr'><strong>notarii</strong></span> <span class='ocrx_word' id='word_1_250' title='bbox 1821 2977 2058 3064; x_wconf 86' lang='lat' dir='ltr'><strong>publici</strong></span> <span class='ocrx_word' id='word_1_251' title='bbox 2103 2977 2444 3065; x_wconf 89' lang='lat' dir='ltr'><strong>subscripti</strong></span> <span class='ocrx_word' id='word_1_252' title='bbox 2490 2997 2730 3046; x_wconf 91' lang='lat' dir='ltr'><strong>necnon</strong></span> <span class='ocrx_word' id='word_1_253' title='bbox 2743 2974 2766 3007; x_wconf 79' lang='lat'><strong>⁴</strong></span> <span class='ocrx_word' id='word_1_254' title='bbox 2795 2978 3202 3045; x_wconf 88' lang='lat' dir='ltr'><strong>discretorum</strong></span> 
     </span>
     <span class='ocr_line' id='line_1_26' title="bbox 336 3081 3206 3170; baseline -0.001 -18"><span class='ocrx_word' id='word_1_255' title='bbox 336 3084 622 3170; x_wconf 83' lang='lat' dir='ltr'><strong>testium,</strong></span> <span class='ocrx_word' id='word_1_256' title='bbox 650 3084 943 3152; x_wconf 78' lang='lat' dir='ltr'><strong>videlicet</strong></span> <span class='ocrx_word' id='word_1_257' title='bbox 970 3085 1211 3152; x_wconf 90' lang='lat' dir='ltr'><strong>domini</strong></span> <span class='ocrx_word' id='word_1_258' title='bbox 1243 3083 1518 3152; x_wconf 84' lang='lat' dir='ltr'><strong>Conradi</strong></span> <span class='ocrx_word' id='word_1_259' title='bbox 1536 3083 1783 3167; x_wconf 89' lang='lat' dir='ltr'><strong>Weber,</strong></span> <span class='ocrx_word' id='word_1_260' title='bbox 1816 3081 2173 3170; x_wconf 88' lang='lat' dir='ltr'><strong>cappellani</strong></span> <span class='ocrx_word' id='word_1_261' title='bbox 2204 3084 2463 3152; x_wconf 87' lang='lat' dir='ltr'><strong>ecclesie</strong></span> <span class='ocrx_word' id='word_1_262' title='bbox 2494 3086 2696 3153; x_wconf 89' lang='lat' dir='ltr'><strong>sancti</strong></span> <span class='ocrx_word' id='word_1_263' title='bbox 2725 3083 3020 3152; x_wconf 89' lang='lat' dir='ltr'><strong>Iohannis</strong></span> <span class='ocrx_word' id='word_1_264' title='bbox 3044 3083 3206 3150; x_wconf 86' lang='lat' dir='ltr'><strong>Gon-</strong></span> 
     </span>
     <span class='ocr_line' id='line_1_27' title="bbox 336 3189 3207 3278; baseline 0 -21"><span class='ocrx_word' id='word_1_265' title='bbox 336 3191 738 3278; x_wconf 87' lang='lat' dir='ltr'><strong>stanciensis,</strong></span> <span class='ocrx_word' id='word_1_266' title='bbox 784 3191 1088 3260; x_wconf 87' lang='lat' dir='ltr'><strong>Friderici</strong></span> <span class='ocrx_word' id='word_1_267' title='bbox 1118 3191 1481 3260; x_wconf 89' lang='lat' dir='ltr'><strong>Ysenmann</strong></span> <span class='ocrx_word' id='word_1_268' title='bbox 1530 3195 1595 3258; x_wconf 88' lang='lat' dir='ltr'><strong>et</strong></span> <span class='ocrx_word' id='word_1_269' title='bbox 1638 3189 1910 3256; x_wconf 85' lang='lat' dir='ltr'><strong>Conradi</strong></span> <span class='ocrx_word' id='word_1_270' title='bbox 1957 3189 2110 3275; x_wconf 85' lang='lat' dir='ltr'><strong>Has,</strong></span> <span class='ocrx_word' id='word_1_271' title='bbox 2155 3191 2506 3258; x_wconf 85' lang='lat' dir='ltr'><strong>scribarum</strong></span> <span class='ocrx_word' id='word_1_272' title='bbox 2553 3192 2686 3258; x_wconf 85' lang='lat' dir='ltr'><strong>sive</strong></span> <span class='ocrx_word' id='word_1_273' title='bbox 2729 3197 3207 3278; x_wconf 84' lang='lat' dir='ltr'><strong>procuratorum</strong></span> 
     </span>
     <span class='ocr_line' id='line_1_28' title="bbox 335 3297 3207 3384; baseline 0 -20"><span class='ocrx_word' id='word_1_274' title='bbox 335 3297 589 3384; x_wconf 85' lang='lat' dir='ltr'><strong>prefate</strong></span> <span class='ocrx_word' id='word_1_275' title='bbox 617 3299 789 3366; x_wconf 88' lang='lat' dir='ltr'><strong>curie</strong></span> <span class='ocrx_word' id='word_1_276' title='bbox 818 3297 1325 3366; x_wconf 87' lang='lat' dir='ltr'><strong>Constanciensis</strong></span> <span class='ocrx_word' id='word_1_277' title='bbox 1371 3297 1449 3365; x_wconf 90' lang='lat' dir='ltr'><strong>ad</strong></span> <span class='ocrx_word' id='word_1_278' title='bbox 1494 3298 1808 3384; x_wconf 86' lang='lat' dir='ltr'><strong>premissa</strong></span> <span class='ocrx_word' id='word_1_279' title='bbox 1836 3303 2198 3364; x_wconf 84' lang='lat' dir='ltr'><strong>vocatorum</strong></span> <span class='ocrx_word' id='word_1_280' title='bbox 2243 3299 2604 3383; x_wconf 89' lang='lat' dir='ltr'><strong>pariterque</strong></span> <span class='ocrx_word' id='word_1_281' title='bbox 2651 3301 2715 3365; x_wconf 89' lang='grc'><strong>01</strong></span> <span class='ocrx_word' id='word_1_282' title='bbox 2759 3297 3207 3382; x_wconf 84' lang='grc' dir='ltr'><strong>1011111811οω111</strong></span> 
     </span>
     <span class='ocr_line' id='line_1_29' title="bbox 334 3402 3206 3491; baseline 0 -21"><span class='ocrx_word' id='word_1_283' title='bbox 334 3405 671 3491; x_wconf 85' lang='lat' dir='ltr'><strong>presencia</strong></span> <span class='ocrx_word' id='word_1_284' title='bbox 698 3405 1076 3472; x_wconf 87' lang='lat' dir='ltr'><strong>constitutus</strong></span> <span class='ocrx_word' id='word_1_285' title='bbox 1106 3405 1270 3472; x_wconf 90' lang='lat' dir='ltr'><strong>idem</strong></span> <span class='ocrx_word' id='word_1_286' title='bbox 1304 3404 1681 3472; x_wconf 81' lang='lat' dir='ltr'><strong>venerabilis</strong></span> <span class='ocrx_word' id='word_1_287' title='bbox 1710 3404 2001 3471; x_wconf 89' lang='lat' dir='ltr'><strong>dominus</strong></span> <span class='ocrx_word' id='word_1_288' title='bbox 2031 3402 2396 3470; x_wconf 88' lang='lat' dir='ltr'><strong>Burkardus</strong></span> <span class='ocrx_word' id='word_1_289' title='bbox 2435 3403 2842 3490; x_wconf 86' lang='lat' dir='ltr'><strong>provincialis</strong></span> <span class='ocrx_word' id='word_1_290' title='bbox 2877 3423 2993 3490; x_wconf 91' lang='lat' dir='ltr'><strong>per</strong></span> <span class='ocrx_word' id='word_1_291' title='bbox 3024 3423 3206 3488; x_wconf 86' lang='lat' dir='ltr'><strong>orga-</strong></span> 
     </span>
     <span class='ocr_line' id='line_1_30' title="bbox 335 3509 3208 3598; baseline 0 -22"><span class='ocrx_word' id='word_1_292' title='bbox 335 3531 495 3578; x_wconf 87' lang='lat' dir='ltr'><strong>num</strong></span> <span class='ocrx_word' id='word_1_293' title='bbox 524 3511 792 3597; x_wconf 88' lang='lat' dir='ltr'><strong>predicti</strong></span> <span class='ocrx_word' id='word_1_294' title='bbox 824 3510 1121 3598; x_wconf 83' lang='lat' dir='ltr'><strong>Casparis</strong></span> <span class='ocrx_word' id='word_1_295' title='bbox 1149 3510 1375 3596; x_wconf 87' lang='lat' dir='ltr'><strong>Lingg,</strong></span> <span class='ocrx_word' id='word_1_296' title='bbox 1420 3515 1493 3576; x_wconf 92' lang='lat' dir='ltr'><strong>ut</strong></span> <span class='ocrx_word' id='word_1_297' title='bbox 1526 3512 1841 3598; x_wconf 87' lang='lat' dir='ltr'><strong>prefertur</strong></span> <span class='ocrx_word' id='word_1_298' title='bbox 1870 3509 2318 3597; x_wconf 86' lang='lat' dir='ltr'><strong>procuratoris,</strong></span> <span class='ocrx_word' id='word_1_299' title='bbox 2363 3511 2716 3598; x_wconf 87' lang='lat' dir='ltr'><strong>prescripta</strong></span> <span class='ocrx_word' id='word_1_300' title='bbox 2745 3511 3066 3577; x_wconf 83' lang='lat' dir='ltr'><strong>volumina</strong></span> <span class='ocrx_word' id='word_1_301' title='bbox 3095 3529 3208 3577; x_wconf 86' lang='lat' dir='ltr'><strong>seu</strong></span> 
     </span>
     <span class='ocr_line' id='line_1_31' title="bbox 336 3615 3208 3705; baseline 0 -22"><span class='ocrx_word' id='word_1_302' title='bbox 336 3617 615 3702; x_wconf 80' lang='lat' dir='ltr'><strong>registra</strong></span> <span class='ocrx_word' id='word_1_303' title='bbox 657 3637 772 3705; x_wconf 89' lang='lat' dir='ltr'><strong>per</strong></span> <span class='ocrx_word' id='word_1_304' title='bbox 800 3637 903 3686; x_wconf 91' lang='lat' dir='ltr'><strong>me</strong></span> <span class='ocrx_word' id='word_1_305' title='bbox 930 3618 1248 3685; x_wconf 88' lang='lat' dir='ltr'><strong>notarium</strong></span> <span class='ocrx_word' id='word_1_306' title='bbox 1278 3617 1677 3684; x_wconf 88' lang='lat' dir='ltr'><strong>subnotatum</strong></span> <span class='ocrx_word' id='word_1_307' title='bbox 1724 3618 1789 3683; x_wconf 91' lang='lat' dir='ltr'><strong>in</strong></span> <span class='ocrx_word' id='word_1_308' title='bbox 1821 3615 2164 3684; x_wconf 87' lang='lat' dir='ltr'><strong>eorundem</strong></span> <span class='ocrx_word' id='word_1_309' title='bbox 2195 3616 2446 3683; x_wconf 89' lang='lat' dir='ltr'><strong>testium</strong></span> <span class='ocrx_word' id='word_1_310' title='bbox 2483 3617 2812 3702; x_wconf 89' lang='lat' dir='ltr'><strong>presencia</strong></span> <span class='ocrx_word' id='word_1_311' title='bbox 2842 3616 2907 3683; x_wconf 90' lang='lat' dir='ltr'><strong>in</strong></span> <span class='ocrx_word' id='word_1_312' title='bbox 2935 3618 3208 3684; x_wconf 86' lang='lat' dir='ltr'><strong>formam</strong></span> 
     </span>
     <span class='ocr_line' id='line_1_32' title="bbox 336 3721 3206 3812; baseline -0.001 -20"><span class='ocrx_word' id='word_1_313' title='bbox 336 3723 661 3812; x_wconf 86' lang='lat' dir='ltr'><strong>publicam</strong></span> <span class='ocrx_word' id='word_1_314' title='bbox 686 3725 889 3809; x_wconf 87' lang='lat' dir='ltr'><strong>redigi</strong></span> <span class='ocrx_word' id='word_1_315' title='bbox 902 3721 923 3754; x_wconf 81' lang='lat'>⁸</span> <span class='ocrx_word' id='word_1_316' title='bbox 948 3730 1013 3792; x_wconf 86' lang='lat' dir='ltr'><strong>et</strong></span> <span class='ocrx_word' id='word_1_317' title='bbox 1038 3723 1349 3792; x_wconf 89' lang='lat' dir='ltr'><strong>subscribi</strong></span> <span class='ocrx_word' id='word_1_318' title='bbox 1368 3723 1597 3812; x_wconf 84' lang='lat' dir='ltr'><strong>petivit</strong></span> <span class='ocrx_word' id='word_1_319' title='bbox 1624 3744 1861 3809; x_wconf 84' lang='lat' dir='ltr'><strong>egoque</strong></span> <span class='ocrx_word' id='word_1_320' title='bbox 1883 3723 2169 3792; x_wconf 87' lang='lat' dir='ltr'><strong>notarius</strong></span> <span class='ocrx_word' id='word_1_321' title='bbox 2191 3722 2586 3810; x_wconf 87' lang='lat' dir='ltr'><strong>subscriptus</strong></span> <span class='ocrx_word' id='word_1_322' title='bbox 2617 3723 2696 3790; x_wconf 88' lang='lat' dir='ltr'><strong>ad</strong></span> <span class='ocrx_word' id='word_1_323' title='bbox 2723 3723 3206 3809; x_wconf 87' lang='lat' dir='ltr'><strong>requisicionem</strong></span> 
     </span>
     <span class='ocr_line' id='line_1_33' title="bbox 338 3828 3206 3917; baseline -0 -20"><span class='ocrx_word' id='word_1_324' title='bbox 338 3830 611 3916; x_wconf 87' lang='lat' dir='ltr'><strong>sepefati</strong></span> <span class='ocrx_word' id='word_1_325' title='bbox 651 3831 1029 3898; x_wconf 84' lang='lat' dir='ltr'><strong>venerabilis</strong></span> <span class='ocrx_word' id='word_1_326' title='bbox 1076 3830 1313 3898; x_wconf 91' lang='lat' dir='ltr'><strong>domini</strong></span> <span class='ocrx_word' id='word_1_327' title='bbox 1357 3829 1762 3917; x_wconf 88' lang='lat' dir='ltr'><strong>provincialis</strong></span> <span class='ocrx_word' id='word_1_328' title='bbox 1805 3829 2168 3896; x_wconf 86' lang='lat' dir='ltr'><strong>huiusmodi</strong></span> <span class='ocrx_word' id='word_1_329' title='bbox 2210 3828 2532 3896; x_wconf 87' lang='lat' dir='ltr'><strong>volumina</strong></span> <span class='ocrx_word' id='word_1_330' title='bbox 2573 3831 2641 3896; x_wconf 90' lang='lat' dir='ltr'><strong>in</strong></span> <span class='ocrx_word' id='word_1_331' title='bbox 2680 3831 2949 3898; x_wconf 88' lang='lat' dir='ltr'><strong>formam</strong></span> <span class='ocrx_word' id='word_1_332' title='bbox 2996 3829 3206 3916; x_wconf 89' lang='lat' dir='ltr'><strong>publi·-</strong></span> 
     </span>
     <span class='ocr_line' id='line_1_34' title="bbox 337 3936 1345 4022; baseline -0.001 -18"><span class='ocrx_word' id='word_1_333' title='bbox 337 3956 483 4004; x_wconf 88' lang='lat' dir='ltr'><strong>cam</strong></span> <span class='ocrx_word' id='word_1_334' title='bbox 528 3937 925 4006; x_wconf 87' lang='lat' dir='ltr'><strong>subnotatam</strong></span> <span class='ocrx_word' id='word_1_335' title='bbox 970 3936 1185 4022; x_wconf 84' lang='lat' dir='ltr'><strong>redegi</strong></span> <span class='ocrx_word' id='word_1_336' title='bbox 1230 3940 1345 4004; x_wconf 89' lang='lat' dir='ltr'><strong>etc.</strong></span> 
     </span>
     <span class='ocr_line' id='line_1_35' title="bbox 1457 4043 2208 4130; baseline -0.005 -18"><span class='ocrx_word' id='word_1_337' title='bbox 1457 4044 1763 4130; x_wconf 71' lang='lat' dir='ltr'><strong>(Siquam</strong></span> <span class='ocrx_word' id='word_1_338' title='bbox 1804 4043 2096 4124; x_wconf 60' lang='lat' dir='ltr'><strong>notar-ii.)</strong></span> <span class='ocrx_word' id='word_1_339' title='bbox 2203 4061 2208 4066; x_wconf 75' lang='grc'><em>“</em></span> 
     </span>
    </p>

    <p class='ocr_par' dir='ltr' id='par_1_3' title="bbox 334 4146 3208 5090">
     <span class='ocr_line' id='line_1_36' title="bbox 562 4146 3204 4237; baseline 0 -21"><span class='ocrx_word' id='word_1_340' title='bbox 562 4146 651 4216; x_wconf 84' lang='grc' dir='ltr'><strong>Ε1</strong></span> <span class='ocrx_word' id='word_1_341' title='bbox 694 4169 806 4234; x_wconf 79' lang='lat' dir='ltr'><strong>ego</strong></span> <span class='ocrx_word' id='word_1_342' title='bbox 838 4149 1085 4216; x_wconf 85' lang='lat' dir='ltr'><strong>Ulricus</strong></span> <span class='ocrx_word' id='word_1_343' title='bbox 1115 4148 1470 4234; x_wconf 81' lang='lat' dir='ltr'><strong>Mollitoris,</strong></span> <span class='ocrx_word' id='word_1_344' title='bbox 1516 4150 1803 4237; x_wconf 89' lang='lat' dir='ltr'><strong>publicus</strong></span> <span class='ocrx_word' id='word_1_345' title='bbox 1847 4149 2166 4236; x_wconf 88' lang='lat' dir='ltr'><strong>imperiali</strong></span> <span class='ocrx_word' id='word_1_346' title='bbox 2211 4148 2582 4217; x_wconf 86' lang='lat' dir='ltr'><strong>auctoritate</strong></span> <span class='ocrx_word' id='word_1_347' title='bbox 2629 4168 2702 4218; x_wconf 90' lang='lat' dir='ltr'><strong>ac</strong></span> <span class='ocrx_word' id='word_1_348' title='bbox 2747 4149 2918 4216; x_wconf 88' lang='lat' dir='ltr'><strong>curie</strong></span> <span class='ocrx_word' id='word_1_349' title='bbox 2963 4147 3204 4235; x_wconf 89' lang='lat' dir='ltr'><strong>episco-</strong></span> 
     </span>
     <span class='ocr_line' id='line_1_37' title="bbox 334 4254 3205 4344; baseline -0 -21"><span class='ocrx_word' id='word_1_350' title='bbox 334 4255 505 4344; x_wconf 88' lang='lat' dir='ltr'><strong>palis</strong></span> <span class='ocrx_word' id='word_1_351' title='bbox 536 4254 1043 4323; x_wconf 86' lang='lat' dir='ltr'><strong>Constanciensis</strong></span> <span class='ocrx_word' id='word_1_352' title='bbox 1072 4255 1355 4323; x_wconf 89' lang='lat' dir='ltr'><strong>notarius</strong></span> <span class='ocrx_word' id='word_1_353' title='bbox 1386 4257 1647 4340; x_wconf 89' lang='lat' dir='ltr'><strong>iuratus,</strong></span> <span class='ocrx_word' id='word_1_354' title='bbox 1692 4256 1839 4340; x_wconf 89' lang='lat' dir='ltr'><strong>quia</strong></span> <span class='ocrx_word' id='word_1_355' title='bbox 1867 4256 2181 4322; x_wconf 89' lang='lat' dir='ltr'><strong>dictorum</strong></span> <span class='ocrx_word' id='word_1_356' title='bbox 2209 4257 2617 4340; x_wconf 83' lang='lat' dir='ltr'><strong>registrorum</strong></span> <span class='ocrx_word' id='word_1_357' title='bbox 2653 4256 2786 4324; x_wconf 87' lang='lat' dir='ltr'><strong>sive</strong></span> <span class='ocrx_word' id='word_1_358' title='bbox 2814 4254 3205 4322; x_wconf 84' lang='lat' dir='ltr'><strong>voluminum</strong></span> 
     </span>
     <span class='ocr_line' id='line_1_38' title="bbox 338 4361 3207 4450; baseline -0.001 -21"><span class='ocrx_word' id='word_1_359' title='bbox 338 4361 723 4430; x_wconf 87' lang='lat' dir='ltr'><strong>exhibicioni</strong></span> <span class='ocrx_word' id='word_1_360' title='bbox 768 4368 833 4431; x_wconf 89' lang='lat' dir='ltr'><strong>et</strong></span> <span class='ocrx_word' id='word_1_361' title='bbox 874 4362 1310 4450; x_wconf 88' lang='lat' dir='ltr'><strong>produccioni,</strong></span> <span class='ocrx_word' id='word_1_362' title='bbox 1364 4361 1806 4447; x_wconf 87' lang='lat' dir='ltr'><strong>affirmacioni,</strong></span> <span class='ocrx_word' id='word_1_363' title='bbox 1862 4363 2288 4449; x_wconf 91' lang='lat' dir='ltr'><strong>proposicioni</strong></span> <span class='ocrx_word' id='word_1_364' title='bbox 2301 4412 2320 4446; x_wconf 91' lang='lat'><strong>,</strong></span> <span class='ocrx_word' id='word_1_365' title='bbox 2380 4363 2607 4430; x_wconf 84' lang='lat' dir='ltr'><strong>visioni</strong></span> <span class='ocrx_word' id='word_1_366' title='bbox 2661 4368 2725 4430; x_wconf 88' lang='lat' dir='ltr'><strong>et</strong></span> <span class='ocrx_word' id='word_1_367' title='bbox 2775 4361 3207 4449; x_wconf 87' lang='lat' dir='ltr'><strong>perspeccioni</strong></span> 
     </span>
     <span class='ocr_line' id='line_1_39' title="bbox 338 4468 3202 4555; baseline -0.001 -19"><span class='ocrx_word' id='word_1_368' title='bbox 338 4468 756 4554; x_wconf 87' lang='lat' dir='ltr'><strong>omnibusque</strong></span> <span class='ocrx_word' id='word_1_369' title='bbox 800 4473 865 4536; x_wconf 93' lang='lat' dir='ltr'><strong>et</strong></span> <span class='ocrx_word' id='word_1_370' title='bbox 908 4469 1173 4554; x_wconf 83' lang='lat' dir='ltr'><strong>singulis</strong></span> <span class='ocrx_word' id='word_1_371' title='bbox 1219 4469 1380 4554; x_wconf 89' lang='lat' dir='ltr'><strong>aliis,</strong></span> <span class='ocrx_word' id='word_1_372' title='bbox 1428 4469 1578 4535; x_wconf 91' lang='lat' dir='ltr'><strong>dum</strong></span> <span class='ocrx_word' id='word_1_373' title='bbox 1624 4469 1788 4536; x_wconf 89' lang='lat' dir='ltr'><strong>sicut</strong></span> <span class='ocrx_word' id='word_1_374' title='bbox 1829 4470 2144 4555; x_wconf 86' lang='lat' dir='ltr'><strong>prefertur</strong></span> <span class='ocrx_word' id='word_1_375' title='bbox 2173 4468 2396 4535; x_wconf 88' lang='lat' dir='ltr'><strong>fierent</strong></span> <span class='ocrx_word' id='word_1_376' title='bbox 2427 4475 2490 4536; x_wconf 92' lang='lat' dir='ltr'><strong>et</strong></span> <span class='ocrx_word' id='word_1_377' title='bbox 2533 4473 2888 4553; x_wconf 86' lang='lat' dir='ltr'><strong>agerentur,</strong></span> <span class='ocrx_word' id='word_1_378' title='bbox 2934 4487 3202 4536; x_wconf 89' lang='lat' dir='ltr'><strong>unacum</strong></span> 
     </span>
     <span class='ocr_line' id='line_1_40' title="bbox 334 4573 3208 4663; baseline -0.001 -21"><span class='ocrx_word' id='word_1_379' title='bbox 334 4575 709 4663; x_wconf 85' lang='lat' dir='ltr'><strong>prescriptis</strong></span> <span class='ocrx_word' id='word_1_380' title='bbox 752 4574 1021 4644; x_wconf 88' lang='lat' dir='ltr'><strong>testibus</strong></span> <span class='ocrx_word' id='word_1_381' title='bbox 1064 4595 1325 4663; x_wconf 88' lang='lat' dir='ltr'><strong>presens</strong></span> <span class='ocrx_word' id='word_1_382' title='bbox 1368 4575 1461 4642; x_wconf 82' lang='lat' dir='ltr'><strong>fui</strong></span> <span class='ocrx_word' id='word_1_383' title='bbox 1506 4595 1703 4661; x_wconf 85' lang='lat' dir='ltr'><strong>eaque</strong></span> <span class='ocrx_word' id='word_1_384' title='bbox 1748 4575 1841 4646; x_wconf 89' lang='lat' dir='ltr'><strong>sic</strong></span> <span class='ocrx_word' id='word_1_385' title='bbox 1882 4574 2021 4643; x_wconf 88' lang='lat' dir='ltr'><strong>fieri</strong></span> <span class='ocrx_word' id='word_1_386' title='bbox 2065 4575 2196 4641; x_wconf 87' lang='lat' dir='ltr'><strong>vidi</strong></span> <span class='ocrx_word' id='word_1_387' title='bbox 2243 4580 2306 4641; x_wconf 92' lang='lat' dir='ltr'><strong>et</strong></span> <span class='ocrx_word' id='word_1_388' title='bbox 2351 4575 2561 4642; x_wconf 83' lang='lat' dir='ltr'><strong>audivi</strong></span> <span class='ocrx_word' id='word_1_389' title='bbox 2607 4594 2682 4642; x_wconf 92' lang='grc'><strong>80</strong></span> <span class='ocrx_word' id='word_1_390' title='bbox 2707 4574 3028 4641; x_wconf 83' lang='lat' dir='ltr'><strong>volumina</strong></span> <span class='ocrx_word' id='word_1_391' title='bbox 3074 4573 3208 4640; x_wconf 79' lang='lat' dir='ltr'><strong>sive</strong></span> 
     </span>
     <span class='ocr_line' id='line_1_41' title="bbox 336 4679 3206 4769; baseline -0.001 -20"><span class='ocrx_word' id='word_1_392' title='bbox 336 4683 611 4766; x_wconf 81' lang='lat' dir='ltr'><strong>registra</strong></span> <span class='ocrx_word' id='word_1_393' title='bbox 654 4683 941 4769; x_wconf 89' lang='lat' dir='ltr'><strong>predicta</strong></span> <span class='ocrx_word' id='word_1_394' title='bbox 983 4701 1251 4749; x_wconf 85' lang='lat' dir='ltr'><strong>unacum</strong></span> <span class='ocrx_word' id='word_1_395' title='bbox 1296 4680 1764 4768; x_wconf 89' lang='lat' dir='ltr'><strong>subscripcione</strong></span> <span class='ocrx_word' id='word_1_396' title='bbox 1808 4682 2196 4748; x_wconf 90' lang='lat' dir='ltr'><strong>notariorum</strong></span> <span class='ocrx_word' id='word_1_397' title='bbox 2236 4682 2304 4747; x_wconf 91' lang='lat' dir='ltr'><strong>in</strong></span> <span class='ocrx_word' id='word_1_398' title='bbox 2338 4681 2573 4748; x_wconf 90' lang='lat' dir='ltr'><strong>eisdem</strong></span> <span class='ocrx_word' id='word_1_399' title='bbox 2617 4681 3083 4747; x_wconf 89' lang='lat' dir='ltr'><strong>nominatorum</strong></span> <span class='ocrx_word' id='word_1_400' title='bbox 3128 4679 3206 4746; x_wconf 88' lang='lat' dir='ltr'><strong>de</strong></span> 
     </span>
     <span class='ocr_line' id='line_1_42' title="bbox 338 4786 3207 4874; baseline -0.002 -18"><span class='ocrx_word' id='word_1_401' title='bbox 338 4789 533 4858; x_wconf 80' lang='lat' dir='ltr'><strong>verbo</strong></span> <span class='ocrx_word' id='word_1_402' title='bbox 580 4787 663 4856; x_wconf 84' lang='lat' dir='ltr'><strong>ad</strong></span> <span class='ocrx_word' id='word_1_403' title='bbox 691 4789 951 4856; x_wconf 87' lang='lat' dir='ltr'><strong>verbum</strong></span> <span class='ocrx_word' id='word_1_404' title='bbox 996 4788 1089 4854; x_wconf 91' lang='lat' dir='ltr'><strong>nil</strong></span> <span class='ocrx_word' id='word_1_405' title='bbox 1134 4789 1348 4856; x_wconf 90' lang='lat' dir='ltr'><strong>addito</strong></span> <span class='ocrx_word' id='word_1_406' title='bbox 1391 4787 1493 4855; x_wconf 82' lang='lat' dir='ltr'><strong>vel</strong></span> <span class='ocrx_word' id='word_1_407' title='bbox 1538 4788 1789 4872; x_wconf 85' lang='lat' dir='ltr'><strong>omisso,</strong></span> <span class='ocrx_word' id='word_1_408' title='bbox 1838 4787 2006 4874; x_wconf 91' lang='lat' dir='ltr'><strong>quod</strong></span> <span class='ocrx_word' id='word_1_409' title='bbox 2032 4788 2186 4854; x_wconf 88' lang='lat' dir='ltr'><strong>facti</strong></span> <span class='ocrx_word' id='word_1_410' title='bbox 2215 4787 2505 4854; x_wconf 88' lang='lat' dir='ltr'><strong>sillabam</strong></span> <span class='ocrx_word' id='word_1_411' title='bbox 2540 4787 2832 4853; x_wconf 87' lang='lat' dir='ltr'><strong>immutet</strong></span> <span class='ocrx_word' id='word_1_412' title='bbox 2863 4807 2972 4853; x_wconf 90' lang='lat' dir='ltr'><strong>seu</strong></span> <span class='ocrx_word' id='word_1_413' title='bbox 3005 4786 3207 4851; x_wconf 86' lang='lat' dir='ltr'><strong>variet</strong></span> 
     </span>
     <span class='ocr_line' id='line_1_43' title="bbox 336 4891 3206 4982; baseline -0.002 -19"><span class='ocrx_word' id='word_1_414' title='bbox 336 4893 726 4963; x_wconf 82' lang='lat' dir='ltr'><strong>intellectum</strong></span> <span class='ocrx_word' id='word_1_415' title='bbox 739 4945 759 4979; x_wconf 90' lang='lat'><strong>,</strong></span> <span class='ocrx_word' id='word_1_416' title='bbox 812 4915 1006 4962; x_wconf 87' lang='grc'><strong>11181111</strong></span> <span class='ocrx_word' id='word_1_417' title='bbox 1051 4915 1194 4962; x_wconf 86' lang='grc'><strong>11108</strong></span> <span class='ocrx_word' id='word_1_418' title='bbox 1236 4896 1497 4982; x_wconf 86' lang='lat' dir='ltr'><strong>propria</strong></span> <span class='ocrx_word' id='word_1_419' title='bbox 1548 4893 1816 4961; x_wconf 89' lang='lat' dir='ltr'><strong>fideliter</strong></span> <span class='ocrx_word' id='word_1_420' title='bbox 1872 4894 2278 4978; x_wconf 87' lang='lat' dir='ltr'><strong>transscripsi</strong></span> <span class='ocrx_word' id='word_1_421' title='bbox 2331 4898 2396 4960; x_wconf 91' lang='grc'><strong>01</strong></span> <span class='ocrx_word' id='word_1_422' title='bbox 2453 4893 2778 4980; x_wconf 84' lang='lat' dir='ltr'><strong>excopiavi</strong></span> <span class='ocrx_word' id='word_1_423' title='bbox 2834 4897 2898 4958; x_wconf 91' lang='lat' dir='ltr'><strong>et</strong></span> <span class='ocrx_word' id='word_1_424' title='bbox 2951 4891 3206 4958; x_wconf 87' lang='lat' dir='ltr'><strong>tandem</strong></span> 
     </span>
     <span class='ocr_line' id='line_1_44' title="bbox 337 4998 3208 5090; baseline -0.001 -22"><span class='ocrx_word' id='word_1_425' title='bbox 337 5021 483 5070; x_wconf 90' lang='lat' dir='ltr'><strong>cum</strong></span> <span class='ocrx_word' id='word_1_426' title='bbox 539 5003 699 5090; x_wconf 89' lang='lat' dir='ltr'><strong>ipsis</strong></span> <span class='ocrx_word' id='word_1_427' title='bbox 754 5001 1164 5087; x_wconf 86' lang='lat' dir='ltr'><strong>originalibus</strong></span> <span class='ocrx_word' id='word_1_428' title='bbox 1218 5001 1334 5068; x_wconf 90' lang='lat' dir='ltr'><strong>hec</strong></span> <span class='ocrx_word' id='word_1_429' title='bbox 1386 5001 1804 5088; x_wconf 85' lang='lat' dir='ltr'><strong>transscripta</strong></span> <span class='ocrx_word' id='word_1_430' title='bbox 1858 5006 1921 5068; x_wconf 91' lang='lat' dir='ltr'><strong>et</strong></span> <span class='ocrx_word' id='word_1_431' title='bbox 1976 4999 2306 5087; x_wconf 86' lang='lat' dir='ltr'><strong>excopiata</strong></span> <span class='ocrx_word' id='word_1_432' title='bbox 2359 4999 2628 5067; x_wconf 88' lang='lat' dir='ltr'><strong>fideliter</strong></span> <span class='ocrx_word' id='word_1_433' title='bbox 2683 4998 3090 5066; x_wconf 86' lang='lat' dir='ltr'><strong>collacionavi</strong></span> <span class='ocrx_word' id='word_1_434' title='bbox 3144 5003 3208 5065; x_wconf 91' lang='grc'><strong>01</strong></span> 
     </span>
    </p>
   </div>
  </div>
 </body>
</html>
