3892 5609
693 338 844 411 236
1981 350 2263 399 nvom

691 512 992 597 magister
1037 511 1115 578 de
1157 508 1442 597 Lyvonia
1494 510 1678 577 nobis
1733 511 1915 577 iuxta
1972 511 2423 606 continentiam
2476 513 2831 585 litterarum
2888 534 3079 601 super
3132 532 3211 579 ea
3262 510 3549 579 hincinde

691 621 1114 687 confectarum
1158 618 1368 686 facere
1411 618 1597 685 debet
1641 624 1706 687 et
1746 623 2017 703 tenetur,
2065 624 2129 685 et
2174 640 2362 705 quam
2406 622 2545 709 ipse
2577 622 2727 689 olim
2758 622 2825 688 in
2872 621 3056 687 dictis
3090 618 3377 708 partibus
3420 639 3549 685 ma-

693 728 887 811 gister
917 727 1195 795 existens
1227 746 1302 792 ac
1329 733 1476 812 post
1507 746 1648 792 eum
1681 726 1780 791 sui
1813 746 2201 793 successores
2233 728 2502 795 dominis
2532 728 2810 813 Rigensi,
2848 728 3144 797 Osiliensi
3174 746 3249 793 ac
3276 725 3550 793 Tharba-

691 834 855 901 tensi
902 834 1212 921 episcopis
1259 853 1332 901 eo
1376 840 1662 921 tempore
1705 833 2169 920 presidentibus
2214 835 2497 903 fecerant
2536 836 2808 923 publice,
2853 837 2920 903 in
2966 832 3244 922 capitulo
3288 834 3549 902 fratrum

691 941 1155 1029 predicatorum
1197 942 1350 1009 dicti
1388 941 1511 1007 loci
1543 939 1921 1008 Senonensis
1958 942 2109 1008 fecit
2151 946 2215 1008 et
2246 938 2445 1009 dictos
2475 947 2849 1028 magistrum
2888 949 2955 1011 et
2980 944 3213 1009 fratres
3242 942 3324 1008 de
3349 939 3550 1029 Lyvo-

692 1049 800 1116 nia
821 1049 1032 1116 taliter
1059 1049 1482 1115 iurisdictioni
1507 1049 1791 1135 ipsorum
1817 1050 2211 1115 dominorum
2240 1050 2694 1138 archiepiscopi
2726 1057 2790 1119 et
2818 1051 3255 1138 episcoporum
3278 1047 3552 1133 subesse,

694 1156 963 1242 qualiter
1007 1157 1076 1223 in
1119 1157 1467 1244 privilegiis
1515 1177 1704 1243 super
1747 1156 1870 1223 hiis
1907 1155 2202 1225 hincinde
2232 1158 2531 1225 confectis
2577 1153 2983 1244 continetur³,
3030 1156 3413 1241 recognovit,
3456 1156 3551 1221 in-

695 1284 915 1351 super,
964 1264 1132 1349 quod
1175 1264 1326 1330 dicti
1371 1264 1675 1349 magister
1721 1268 1783 1330 et
1825 1264 2053 1331 fratres
2105 1264 2317 1349 nobis,
2376 1265 2847 1353 archiepiscopo
2893 1272 2959 1332 et
3011 1264 3327 1352 episcopis
3381 1268 3555 1331 ante-

694 1372 901 1456 dictis,
949 1372 1025 1437 de
1073 1370 1503 1458 spiritualibus
1551 1376 1613 1439 et
1657 1371 2112 1459 temporalibus
2156 1372 2421 1458 facient,
2476 1373 2815 1442 secundum
2865 1372 3031 1461 quod
3084 1372 3154 1438 in
3209 1369 3561 1459 privilegiis

696 1500 886 1567 super
941 1479 1062 1545 hiis
1116 1478 1409 1545 hincinde
1467 1479 1762 1547 confectis
1821 1478 2071 1567 plenius
2127 1480 2499 1559 continetur.
2578 1479 2667 1547 Et
2707 1480 2826 1547 hec
2882 1480 3095 1547 omnia
3146 1479 3299 1545 fecit
3355 1479 3557 1545 dictus

695 1592 1027 1674 preceptor
1069 1586 1184 1653 sub
1229 1588 1680 1673 protestatione
1725 1586 2091 1671 sufficienti,
2152 1587 2317 1671 quod
2374 1608 2453 1653 ex
2496 1587 2857 1654 huiusmodi
2908 1587 3368 1673 interruptione
3411 1605 3558 1652 con·

697 1694 1064 1779 suetudiniS,
1113 1714 1232 1779 que
1278 1694 1422 1761 talis
1473 1698 1596 1778 est,
1657 1694 1824 1780 quod
1877 1694 2049 1760 dicta
2106 1694 2459 1762 obedientia
2504 1715 2542 1761 a
2596 1696 2901 1780 magistro
2944 1694 3227 1782 Lyvonie
3272 1699 3339 1760 et
3392 1692 3559 1759 infra

696 1802 996 1869 terminos
1026 1800 1305 1889 Lyvonie
1333 1800 1472 1869 fieri
1503 1802 1845 1886 consuevit,
1893 1802 2098 1867 ordini
2142 1802 2425 1888 ipsorum
2472 1804 2885 1891 preiudicium
2927 1821 3326 1889 nequaquam
3372 1819 3557 1885 gene-

697 1915 900 1994 retur,
959 1909 1068 1975 sed
1125 1908 1335 1995 potius
1392 1909 1610 1976 eadem
1669 1909 2053 1976 consuetudo
2098 1910 2176 1975 de
2221 1917 2427 1979 cetero
2474 1912 2660 1979 debet
2711 1908 3159 1979 inviolabiliter
3214 1908 3555 1975 observari.

695 2016 1039 2103 Postquam
1082 2036 1230 2083 vero
1277 2016 1578 2100 magister
1606 2017 1792 2083 Anno
1824 2017 1924 2083 vel
1970 2018 2103 2085 eius
2148 2038 2471 2086 successor
2501 2019 2927 2087 obedienciam
2958 2018 3309 2106 predictam
3342 2016 3562 2083 fecerit

695 2123 877 2191 nobis
939 2124 1406 2212 archiepiscopo
1453 2128 1518 2191 et
1572 2125 1884 2211 episcopis
1943 2125 2273 2193 antedictis
2287 2176 2307 2210 ,
2362 2128 2643 2213 prefatus
2700 2132 3031 2214 preceptor
3088 2124 3557 2207 Th(eodericus)

698 2232 820 2300 erit
862 2253 902 2299 a
945 2233 1070 2299 iam
1119 2233 1385 2318 prestita
1429 2232 1784 2299 obedientia
1831 2232 2171 2299 absolutus,
2250 2232 2349 2300 De
2394 2235 2789 2301 ordinatione
2832 2254 2981 2301 vero
3025 2234 3197 2300 facta
3237 2232 3407 2299 inter
3450 2232 3557 2299 do-

603 2324 609 2329 ’
696 2340 938 2406 minum
997 2339 1446 2407 Curoniensem
1515 2344 1578 2407 et
1641 2340 1866 2406 fratres
1937 2340 2003 2405 in
2062 2338 2338 2407 Curonia
2392 2347 2849 2409 commorantes
2907 2344 2975 2409 in
3032 2340 3295 2429 speciali
3348 2340 3561 2407 littera

695 2448 944 2536 plenius
989 2448 1359 2514 continetur.
1437 2446 1739 2514 Promisit
1783 2448 1973 2514 etiam
2020 2448 2418 2534 supradictus
2466 2446 2802 2533 magister⁴
2847 2448 3349 2531 Th(eodericus),
3396 2446 3559 2533 quod

698 2576 813 2642 per
856 2553 1099 2621 litteras
1148 2560 1210 2620 et
1253 2554 1550 2621 nuncium
1599 2555 1901 2639 magistro
1950 2560 2015 2621 et
2056 2555 2359 2623 fratribus
2388 2557 2457 2622 in
2484 2554 2772 2644 Lyvonia
2803 2555 3159 2623 constitutis
3190 2556 3563 2622 auctoritate

700 2663 984 2746 magistri
1033 2661 1342 2745 generalis
1389 2660 1510 2728 sibi
1555 2662 1622 2727 in
1663 2662 1784 2729 hac
1828 2668 2009 2749 parte
2040 2664 2375 2731 commissa
2410 2664 2753 2733 districtius
2784 2665 3073 2748 iniungat
3112 2667 3178 2730 et
3214 2662 3560 2748 mandabit,

701 2770 867 2857 quod
910 2770 1035 2855 ipsi
1081 2770 1294 2836 omnia
1337 2770 1697 2856 supradicta
1739 2770 1977 2837 faciant
2020 2775 2084 2837 et
2128 2770 2491 2857 observent,
2540 2779 2603 2839 et
2648 2773 2811 2858 quod
2858 2772 2937 2839 de
2980 2770 3245 2855 singulis
3291 2770 3561 2856 querelis

701 2877 1136 2964 episcoporum
1171 2873 1296 2943 eis⁴
1331 2877 1742 2962 satisfaciant,
1787 2884 1860 2945 ut
1889 2882 2197 2945 tenentur.
2267 2879 2342 2945 In
2372 2880 2649 2946 omnium
2680 2880 2873 2965 igitur
2900 2878 3356 2966 premissorum
3383 2880 3564 2945 testi-

699 2980 1020 3063 monium⁶
1065 2988 1128 3051 et
1180 2985 1499 3051 munimen
1546 2985 1755 3069 sigilla
1797 2990 2018 3052 nostra
2060 3006 2206 3053 cum
2249 2985 2517 3073 predicti
2566 2987 2855 3072 magistri
2898 2986 3265 3054 Theoderici
3312 2992 3377 3053 et
3418 3006 3561 3073 pre·

702 3093 1051 3159 dicatorum
1097 3096 1162 3159 et
1203 3092 1516 3159 minorum
1561 3092 1830 3159 fratrum
1877 3092 2331 3161 Senonensium
2378 3094 2604 3177 sigillis
2650 3095 3043 3181 presentibus
3076 3099 3225 3161 sunt
3259 3114 3558 3185 appensa.

700 3199 936 3267 Datum
993 3200 1060 3265 in
1129 3200 1380 3266 civitate
1438 3199 1784 3266 Senonensi
1841 3220 2006 3267 anno
2066 3202 2305 3268 domini
2372 3200 2706 3268 millesimo
2771 3200 3197 3269 ducentesimo
3254 3201 3561 3287 quinqua-

702 3308 941 3403 gesimo
988 3313 1231 3393 quarto,
1277 3308 1347 3375 in
1389 3308 1606 3392 vigilia
1649 3309 1830 3375 beate
1872 3308 2137 3393 virginis
2181 3308 2394 3377 Lucio.

915 3448 980 3511 11,
1013 3448 1168 3501 141v.
1205 3448 1314 3500 sine
1352 3449 1484 3501 dato.
1537 3452 1614 3501 Ex
1639 3450 1869 3517 originali
1904 3442 2094 3503 archivi
2121 3459 2242 3502 tunc
2260 3450 2607 3503 Vni-soriensis
2642 3450 2725 3503 cd.
2748 3450 2933 3517 Dogiel
2971 3448 3091 3502 eod.
3115 3447 3226 3501 Pol.
3250 3448 3373 3516 dipl.
3392 3448 3457 3513 V,
3492 3450 3563 3501 20

703 3538 946 3601 XXVIII,
983 3539 1116 3591 unde
1150 3538 1352 3604 repetiit
1387 3538 1512 3590 Livl.
1537 3538 1692 3591 U.-B.
1718 3539 1760 3601 1,
1797 3538 1902 3591 358
1937 3558 1989 3591 n.
2014 3538 2138 3592 27⁷.
2353 3540 2399 3591 l.
2437 3540 2620 3591 Christi
2648 3570 2709 3577 —
2740 3539 2923 3591 Christi
2958 3538 3103 3590 deest
3134 3538 3198 3590 B.
3376 3538 3428 3590 2.
3464 3556 3559 3607 tp·

705 3629 872 3696 paruit
905 3627 966 3680 Β.
1143 3628 1194 3679 3.
1231 3628 1512 3679 continetur
1539 3659 1600 3666 —
1629 3628 1867 3681 confectis
1905 3628 2051 3680 deest
2084 3628 2136 3679 in
2170 3630 2232 3682 B.
2409 3630 2460 3680 4.
2497 3629 2643 3681 deest
2676 3628 2738 3680 B.
2920 3628 2973 3680 5.
3010 3636 3179 3680 cetera
3214 3628 3400 3681 desunt
3430 3626 3491 3679 Β.

710 3914 886 3985 251.
927 3916 1103 3982 1419
1149 3940 1293 4003 auq.
1310 3917 1401 3982 25
1429 3916 1806 3983 Florentiae.
1875 3916 2198 3981 Martinus
2228 3940 2416 4004 papa
2438 3916 2767 3983 Vrevocat
2802 3920 3228 4003 provisionem
3255 3915 3559 4003 Wiyando

933 4020 1206 4090 Grabow
1265 4024 1342 4089 de
1398 4022 1770 4090 Curoniensi
1817 4026 2265 4112 praepositura
2311 4024 2566 4109 saetam
2620 4020 3018 4111 declaratque
3074 4024 3423 4112 privileqia
3480 4028 3559 4090 oi.

937 4130 1126 4201 Theo.
1161 4154 1468 4213 concessa,
1517 4134 1688 4219 quod
1729 4136 1963 4199 invitus
2006 4155 2135 4197 non
2170 4144 2451 4199 teneatur
2476 4135 2851 4219 respondere
2884 4132 3361 4219 provisionibus
3404 4154 3561 4219 apo-

930 4239 1164 4305 stolicis
1209 4262 1318 4305 scu
1364 4238 1728 4325 lavatoriam,
1773 4244 1845 4306 in
1887 4242 2103 4326 viyore
2136 4262 2529 4328 permanere.

927 4381 1237 4449 Martinus
1282 4381 1613 4469 episcopus
1643 4402 1861 4450 servus
1895 4400 2219 4449 servorum
2251 4382 2353 4449 dei
2383 4381 2462 4447 ad
2506 4370 2908 4448 futuram'rei
2952 4379 3341 4447 memoriam.
3410 4378 3563 4448 Pro-

709 4489 970 4558 visionis
1014 4496 1228 4557 nostre
1271 4490 1458 4556 debet
1499 4491 1832 4577 provenire
1877 4488 2177 4572 subsidio,
2225 4494 2297 4556 ut
2338 4488 2561 4573 dubia,
2615 4508 2735 4573 que
2781 4508 2861 4555 ex
2904 4487 3408 4555 concessionibus
3452 4509 3563 4575 per

705 4620 822 4667 nos
869 4600 1053 4665 factis
1099 4598 1252 4664 oriri
1296 4618 1482 4684 posse
1528 4596 1942 4681 arbitrantur,
1999 4618 2081 4664 ne
2123 4598 2283 4682 litis,
2341 4596 2734 4664 anfractuum
2780 4616 2893 4664 seu
2934 4595 3374 4663 scandalorum
3420 4618 3563 4682 par-

706 4708 950 4775 turiant
989 4708 1360 4789 fomentum,
1405 4711 1621 4772 nostro
1667 4704 2097 4771 moderamine
2142 4704 2554 4773 declarentur.
2635 4703 2890 4770 Dudum
2936 4703 3244 4789 siquidem
3290 4724 3408 4790 per
3449 4724 3561 4770 nos

711 4820 986 4902 accepto,
1035 4815 1202 4900 quod
1247 4814 1509 4881 dilectus
1554 4812 1720 4878 filius
1755 4810 2119 4898 Wygandus
2166 4810 2455 4897 Grabow,
2500 4811 2763 4879 clericus
2809 4810 3231 4895 CuroniensiS,
3274 4810 3563 4898 cupiebat

709 4944 838 4991 una
882 4944 1023 4991 cum
1071 4922 1314 5001 dilectis
1359 4919 1506 4987 filiis
1559 4920 1864 5003 magistro
1909 4926 1975 4987 et
2026 4919 2327 4987 fratribus
2378 4918 2711 5007 hospitalis
2766 4920 2946 4988 beate
2988 4918 3189 4986 Marie
3230 4918 3559 4986 Theotoni-

710 5050 924 5099 corum
969 5029 1457 5099 lerosolimitani
1500 5028 1566 5096 in
1624 5026 1924 5117 hospitali
1968 5028 2107 5116 ipso
2120 5078 2139 5114 ,
2196 5028 2265 5095 in
2322 5047 2445 5115 quo
2498 5032 2707 5097 certus
2759 5026 3027 5095 fratrum
3082 5046 3383 5097 numerus
3438 5046 3559 5094 non
