3892 5609
1279 401 1584 459 mussa.
1617 414 1624 429 ·
1652 410 1838 459 Nova
1885 412 2203 460 manem
3036 401 3183 473 199

301 568 626 655 lempnem
684 569 1176 655 predicationem
1223 570 1602 637 accesserint
1613 566 1656 655 ²,
1713 590 1804 637 xx
1849 570 1984 637 dies
2032 569 2109 637 de
2157 559 2438 637 iniuncta
2497 572 2848 657 penitentia
2898 572 3189 640 relaxare

303 695 386 743 ac
432 696 648 743 eorum
696 676 960 759 singulis
1005 676 1158 743 illuc
1203 681 1454 765 sumpto
1513 682 1773 763 propter
1817 676 1936 743 hoc
1981 678 2183 743 crucis
2230 682 2546 744 caractere
2598 678 3021 763 processuris,
3081 681 3191 765 qui

301 803 426 869 pro
472 782 778 849 incendiis
833 788 899 849 et
954 783 1291 850 iniectione
1345 804 1648 849 manuum
1705 784 1772 849 in
1819 782 2077 849 clericos
2125 783 2227 849 vel
2285 784 2441 849 alias
2498 784 2825 867 religiosas
2884 805 3188 871 personas

302 890 980 956 excommunicationis
1023 889 1317 973 laqueum
1363 890 1786 973 incurrerunt,
1831 890 2245 956 absolutionis
2275 890 2647 956 beneficium
2692 892 2874 956 iuxta
2916 890 3189 969 formam

303 995 574 1063 ecclesie
618 996 870 1062 valeant
913 996 1260 1082 impertiri,
1308 996 1560 1083 proviso
1575 994 1630 1080 ¹¹,
1685 1002 1758 1063 ut
1799 998 2005 1082 passis
2052 997 2331 1083 dampna
2376 1001 2439 1064 et
2481 997 2747 1063 iniurias
2794 998 3190 1065 satisfaciant

303 1106 771 1189 competenter,
829 1102 958 1168 illis
1005 1103 1336 1170 dumtaxat
1378 1104 1694 1189 exceptiS,
1741 1122 2007 1187 quorum
2055 1123 2350 1170 excessus
2398 1103 2553 1170 adeo
2599 1110 2749 1169 sunt
2790 1103 3077 1171 difficiles
3126 1110 3191 1171 et

305 1228 632 1292 enormes,
693 1208 859 1293 quod
919 1210 1144 1275 merito
1203 1210 1332 1276 sint
1377 1212 1457 1277 ad
1503 1211 1716 1305 sedem
1764 1210 2175 1297 apostolicam
2226 1210 2603 1277 destinandi.
2685 1210 2855 1278 Data
2898 1212 3188 1297 Anagnis

302 1314 449 1381 viiii
493 1314 796 1382 kalendas
843 1315 1120 1382 octubris
1166 1336 1330 1382 anno
1377 1317 1602 1402 primo.

535 1420 608 1487 In
654 1422 922 1489 eundem
969 1423 1224 1489 modum
1280 1423 1479 1509 priori
1536 1422 1910 1509 provinciali
1953 1424 2224 1490 fratrum
2272 1423 2512 1489 ordinis
2568 1422 3074 1510 praedicatorum
3120 1426 3189 1491 in

303 1526 593 1613 Polonia,
640 1550 754 1616 per
797 1549 1064 1614 regnum
1106 1527 1383 1613 Boemie,
1429 1529 1690 1596 Polonie
1735 1535 1800 1596 et
1839 1529 2303 1597 Pomeraniam.

533 1636 608 1702 In
653 1636 919 1703 eundem
965 1636 1224 1702 modum
1267 1656 1330 1723 p.
1364 1657 1426 1722 p.
1460 1636 1504 1703 f.
1539 1657 1595 1702 o.
1631 1657 1695 1723 p.
1741 1637 1810 1703 in
1855 1636 2085 1723 Dacia,
2144 1656 2259 1722 per
2316 1656 2515 1721 regna
2558 1635 2783 1721 Dacie,
2846 1635 3068 1703 Suecie
3126 1641 3190 1703 et

303 1740 658 1809 Norwecie.

535 1848 934 1914 innocentius
981 1853 1097 1916 etc.
1147 1848 1346 1935 priori
1405 1853 1469 1916 et
1522 1848 1824 1915 fratribus
1881 1848 2119 1914 ordinis
2179 1849 2644 1935 predicatorum
2690 1848 3189 1933 Magdeburgen-

305 1955 488 2021 sibus
521 1960 637 2021 etc.
707 1954 829 2033 Qui
857 1955 1041 2021 iustis
1073 1970 1181 2023 eto.
1214 1978 1412 2042 usque
1439 1956 1859 2039 iniungenteS,
1907 1953 2074 2039 quod
2103 1956 2170 2020 in
2200 1954 2746 2039 Magdeburgensi,
2787 1954 3189 2023 Brandebur·

305 2063 524 2146 gensi,
567 2061 1024 2145 Avelbergensi
1069 2062 1428 2128 civitatibus
1474 2081 1548 2127 ac
1595 2061 1976 2145 diocesibus,
2026 2060 2491 2128 Alberstatensi
2536 2068 2601 2129 et
2622 2061 2937 2128 ‘verdensi
2983 2063 3188 2129 dioce-

307 2168 511 2254 sibus,
560 2174 884 2255 assumpto
930 2174 1144 2235 sancte
1188 2169 1638 2254 predicationis
1686 2166 1888 2233 officio
1933 2174 2195 2253 propter
2227 2168 2413 2234 deum
2457 2166 2673 2234 fideles
2704 2158 3076 2235 constitutos
3120 2172 3189 2235 in

303 2276 470 2347 illis.
499 2289 606 2343 etc.
654 2298 854 2363 usque
905 2276 1364 2342 incrementum
1417 2275 1814 2361 presencium
1869 2274 2048 2341 vobis
2108 2276 2479 2342 auctoritate
2533 2276 2963 2358 concedimus,
3022 2276 3191 2361 quod

303 2383 443 2449 illis
490 2381 832 2449 earundem
878 2382 1205 2449 civitatum
1251 2388 1315 2448 et
1344 2382 1708 2466 diocesium,
1757 2382 1866 2467 qui
1912 2382 1993 2447 ad
2034 2381 2444 2470 sollempnem
2491 2396 2599 2449 etc.
2642 2397 2715 2449 ut
2754 2387 2825 2448 in
2870 2384 3004 2449 alia
3046 2406 3187 2449 ver-

305 2492 410 2556 bis
455 2503 866 2577 competenter
907 2494 1180 2555 mutatis.

538 2595 608 2662 In
665 2595 930 2662 eundem
987 2594 1244 2661 modum
1299 2594 1535 2661 eisdem
1581 2594 2105 2662 Ildesemensibus
2120 2644 2139 2679 ,
2200 2616 2316 2681 per
2360 2594 2811 2662 fldesemenses
2866 2596 3189 2662 civitatem

307 2708 378 2771 et
423 2702 744 2769 diocesim.

537 2809 612 2875 In
657 2808 922 2875 eundem
969 2808 1224 2874 modum
1273 2808 1511 2875 eisdem
1539 2806 2006 2892 BremensibuS,
2052 2828 2168 2895 per
2196 2806 2569 2875 Bremenses
2617 2814 2680 2875 et
2700 2808 3055 2875 Verdenses
3101 2808 3188 2875 ci-

308 2917 544 2984 vitates
591 2920 654 2982 et
697 2915 996 2981 dioceses.

537 3022 612 3088 In
665 3021 932 3089 eundem
991 3021 1249 3087 modum
1304 3021 1541 3089 eisdem
1583 3020 2046 3089 Viennensibus
2108 3026 2226 3109 pei·
2277 3022 2687 3089 Patavienses
2746 3022 3069 3088 civitatem
3124 3027 3193 3090 et

307 3130 631 3197 diocesim.

538 3234 610 3300 In
657 3234 926 3300 eundem
971 3234 1229 3299 modum
1263 3233 1500 3301 eisdem
1530 3232 2136 3318 Alberstatensibus,
2182 3255 2297 3320 per
2326 3234 2835 3301 Alberstatenses
2867 3234 3188 3301 civitatem

310 3348 378 3411 et
421 3342 740 3408 diocesim.

537 3448 611 3514 In
677 3447 945 3514 eundem
1013 3446 1272 3512 modum
1352 3446 1588 3512 eisdem
1655 3444 2094 3533 Lipicensibus
2161 3444 2661 3529 Mersburgensis
2731 3446 2997 3513 diocesis
3076 3467 3190 3532 per

309 3555 826 3637 Mersburgenses
875 3559 938 3620 et
981 3552 1493 3635 Numburgenses
1550 3553 1838 3618 civitates
1895 3559 1961 3619 et
2016 3553 2325 3638 dioceses,
2382 3552 3018 3639 Magdeburgensem,
3072 3554 3188 3620 Al-

309 3664 773 3729 berstatensem
818 3663 881 3726 et
923 3658 1308 3725 Misnensem
1355 3658 1652 3725 dioceses.

537 3767 610 3833 In
657 3767 924 3833 eundem
969 3766 1226 3832 modum
1274 3765 1507 3833 eisdem
1556 3764 2102 3849 Amburgensibus
2146 3764 2507 3833 Bremensis
2554 3767 2821 3835 diocesis
2876 3788 2992 3856 per
3034 3766 3191 3836 Bre-

307 3896 619 3959 mensem,
663 3874 1210 3956 Razeburgensem
1261 3878 1324 3939 et
1352 3872 1737 3939 Verdensem
1783 3873 2082 3938 dioceses.

537 3982 610 4049 In
657 3980 924 4048 eundem
970 3980 1223 4047 modum
1274 3980 1509 4047 eisdem
1554 3978 2120 4066 Ratisponensibus
2173 4000 2287 4066 per
2329 3941 2821 4067 Ratisponenses
2866 3982 3189 4049 civitatem

311 4095 378 4157 et
420 4088 742 4156 diocesim.

538 4195 612 4261 In
657 4194 924 4261 eundem
971 4192 1227 4259 modum
1275 4192 1512 4259 eisdem
1557 4190 2012 4259 Lubicensibus
2058 4212 2173 4278 per
2215 4191 2621 4277 LubicenseS,
2674 4193 3188 4277 Razeburgenses

313 4310 379 4371 et
419 4301 855 4369 Zwerinenses
901 4300 1190 4365 civitates
1236 4304 1300 4364 et
1345 4300 1624 4365 dioceses
1671 4305 1735 4365 et
1764 4298 2152 4365 Verdensem
2198 4300 2517 4367 diocesim.

263 4402 268 4407 ’
539 4407 610 4473 In
657 4408 923 4474 eundem
968 4406 1226 4472 modum
1276 4406 1512 4472 eisdem
1561 4405 2080 4471 Olomucensibus
2128 4410 2193 4472 et
2235 4406 2710 4475 Brunnensibus
2756 4405 3191 4473 olomucensis

314 4515 606 4599 diocesis,
652 4535 768 4601 per
813 4513 1255 4580 Olomucenses
1301 4512 1601 4579 diocesim
1649 4518 1713 4578 et
1755 4512 2098 4579 civitatem.

539 4622 612 4688 In
638 4621 902 4688 eundem
928 4619 1182 4685 modum
1211 4619 1448 4685 eisdem
1471 4618 1894 4704 Pragensibus
1928 4640 2042 4705 per
2064 4619 2413 4704 Pragenses
2439 4619 2759 4686 civitatem
2782 4624 2846 4687 et
2868 4620 3187 4687 diocesim.

537 4729 610 4795 In
668 4727 935 4794 eundem
990 4726 1250 4793 modum
1309 4727 1546 4793 eisdem
1597 4726 2125 4811 Friburgensibus
2183 4748 2297 4814 per
2340 4726 2693 4795 Misnenses
2752 4728 3073 4795 civitatem
3128 4733 3192 4795 et

316 4836 617 4903 diocesim
665 4840 730 4901 et
771 4833 1314 4917 Numburgensem
1360 4834 1678 4901 diocesim.

539 4942 612 5008 In
659 4940 926 5008 eundem
971 4940 1230 5007 modum
1275 4941 1511 5010 eisdem
1559 4939 2079 5008 Cracoviensibus
2124 4960 2240 5027 per
2270 4939 2716 5007 cracovienses
2762 4940 3082 5008 civitatem
3128 4945 3193 5007 et

317 5048 636 5117 diocesim.
