3892 5609
1201 328 1431 375 TERRA
1479 328 1761 376 SANc'rA.
1832 328 2165 375 ARMENIA.
2238 328 2503 377 crenus
3194 318 3289 389 29

420 506 540 571 que
584 491 826 553 turrem
871 505 990 553 nec
1035 486 1185 553 dare
1239 492 1540 573 poterunt
1594 487 1778 553 alicui
1835 505 1964 554 nec·
2000 487 2273 553 vendere
2323 508 2441 554 nec
2492 488 2848 570 invadiare3
2906 495 2971 556 et
3024 490 3077 555 si
3132 489 3295 555 forte

417 592 640 677 religio
699 613 916 659 eorum
971 593 1052 659 ad
1111 593 1303 660 aliam
1359 598 1892 661 transmutaretur
1942 594 2313 678 religionem
2326 590 2369 678 ²,
2410 596 2780 681 «predictam
2834 602 3077 662 turrem
3137 596 3293 662 mihi

419 699 552 766 sive
583 701 741 767 meis
771 700 1236 767 successoribus
1267 702 1540 768 dominis
1584 702 1764 785 regni
1809 702 2225 785 resignarent.
2297 701 2595 769 Preterea
2639 704 2694 769 si
2738 724 2854 789 pro
2900 723 3131 786 guerra
3172 703 3294 767 ini-

416 808 722 874 micorum
757 808 857 874 vel
903 828 1018 894 pro
1051 808 1262 894 aliquo
1309 829 1456 875 casu
1504 803 1859 875 accidente³
1901 808 2071 875 dicta
2099 810 2293 875 turris
2322 807 2479 875 mihi
2514 811 2797 894 meisque
2826 809 3293 877 successoribus

417 914 690 981 dominis
736 915 916 998 regni
959 916 1152 982 fuerit
1193 916 1580 1001 necessaria,
1639 916 1693 981 si
1741 909 2156 999 voluerimus,
2214 922 2455 983 turrem
2507 918 2688 984 nobis
2735 917 2965 984 debent
3008 906 3291 1001 reddere,

414 1019 590 1088 nulla
634 1021 924 1089 obstante
968 1024 1325 1106 occasione;
1373 1044 1486 1089 nos
1531 1042 1678 1089 vero
1724 1028 1870 1109 post
1914 1028 2199 1089 nostrum
2249 1023 2326 1089 de
2368 1028 2544 1090 turre
2591 1031 2919 1111 peractum
2964 1024 3291 1109 negocium

413 1129 716 1215 predictis
762 1129 1064 1196 fratribus
1109 1138 1349 1199 turrem
1394 1130 1694 1198 debemus
1739 1130 2033 1213 reddere,
2094 1135 2157 1195 et
2212 1130 2417 1215 ipsam
2476 1131 2663 1199 nullis
2712 1132 2852 1199 aliis
2900 1152 3089 1216 quam
3136 1130 3292 1217 ipsis

413 1235 515 1303 vel
561 1236 714 1303 dare
759 1235 860 1303 vel
912 1238 1252 1303 concedere
1309 1242 1421 1303 aut
1465 1238 1736 1305 vendere
1792 1237 2141 1323 poterimus
2188 1236 2289 1304 vel
2343 1238 2686 1303 invadiare.
2771 1238 2857 1305 Ut
2913 1246 3123 1304 autem
3177 1237 3293 1303 hec

415 1349 635 1410 nostra
663 1343 917 1410 donatio
964 1345 1402 1431 prenominato
1448 1344 1747 1430 hospitali
1795 1347 1858 1410 et
1885 1344 2189 1411 fratribus
2230 1350 2373 1411 rata
2417 1349 2787 1432 permaneat
2830 1350 2894 1413 et
2938 1347 3290 1427 immutata,

413 1456 772 1536 presentem
820 1456 1058 1518 cartam
1107 1451 1314 1536 sigillo
1359 1457 1578 1517 nostro
1625 1446 1722 1518 et⁴
1769 1450 2229 1539 subscriptione
2282 1452 2540 1518 testium
2584 1452 2847 1519 fecimus
2895 1452 3289 1518 communiri.

413 1557 618 1625 Huius
673 1560 771 1625 rei
824 1562 1020 1625 testes
1077 1562 1257 1625 sunt:
1315 1558 1659 1625 Rainaldus
1719 1557 2022 1644 Sydonis3
2085 1557 2389 1624 Radulfus
2436 1558 2837 1645 TyberiadiS,
2900 1559 3291 1627 senescalcus

413 1666 620 1750 regni3
669 1665 998 1749 Iohannes,
1047 1664 1546 1733 constabularius
1591 1666 1804 1749 regni;
1849 1665 2181 1750 IohanneS,
2228 1666 2646 1733 marescalcus
2681 1667 2892 1750 regni3
2939 1666 3291 1751 RoharduS,

413 1773 706 1839 dominus
752 1771 1041 1859 Cayphe3
1089 1772 1380 1839 Terricus
1436 1772 1514 1839 de
1563 1772 1751 1854 Orca3
1800 1770 2093 1838 Tetricus
2151 1772 2229 1839 de
2276 1773 2716 1855 Terrimonde3
2774 1773 3165 1841 Raimundus
3214 1774 3291 1840 de

413 1876 680 1946 Gibelet.
773 1880 1006 1945 Actum
1060 1880 1275 1945 Accon
1345 1900 1508 1945 anno
1577 1880 1655 1946 ab
1723 1879 2157 1945 incarnatione
2216 1879 2455 1946 domini
2510 1888 2597 1946 m⁰
2642 1888 2700 1946 c⁰
2743 1887 2845 1947 xc⁰
2887 1880 3023 1946 viii·
3074 1902 3291 1947 mense

413 1990 700 2071 augusto.
783 1986 1018 2053 Datum
1087 2006 1200 2073 per
1268 2006 1526 2053 manum
1581 1986 1822 2052 domini
1877 1982 2063 2053 Ioscii
2108 1987 2405 2073 Tyrensis
2466 1987 2923 2074 archiepiscopi
2987 1989 3291 2074 regnique

411 2092 792 2161 cancellarii.

627 2217 668 2277 Ι,
694 2216 819 2267 24v.
857 2234 907 2269 n.
933 2216 1022 2268 46.
1167 2218 1212 2267 1.
1249 2216 1456 2283 exigere
1479 2216 1539 2269 Β.
1683 2216 1732 2269 2.
1771 2216 1906 2269 Ante
1942 2234 2133 2283 paucos
2158 2234 2359 2268 menses
2387 2216 2523 2268 1198
2560 2216 2737 2269 martio
2774 2216 3036 2283 hospitalis
3062 2218 3287 2269 'I'heuto-

411 2304 636 2357 πίθοι-πω
670 2306 955 2357 Acconeusi
1001 2306 1248 2371 susceptis
1283 2305 1678 2373 Templariorum
1714 2306 2013 2358 militaribus
2048 2306 2250 2358 statutis
2295 2314 2623 2372 regeneratus
2672 2314 2725 2357 et
2761 2305 2999 2359 dilatatus
3038 2316 3175 2368 θεας
3226 2307 3289 2358 cf.

411 2394 765 2445 Nar-rationem
791 2394 856 2445 de
878 2394 1162 2461 primordiis
1199 2395 1388 2447 ordinis
1413 2395 1710 2447 Theutonici
1746 2395 1827 2446 ed.
1853 2396 2067 2462 'l'oppen
2102 2395 2153 2445 in
2180 2395 2518 2461 scriptoribus
2544 2412 2707 2445 rerum
2732 2395 3078 2447 Prussicarum
3101 2395 3142 2457 1,
3168 2395 3289 2447 220.

409 2481 512 2533 Pro
535 2482 774 2533 Aimerici
808 2484 944 2548 regis
973 2478 1174 2535 nomine
1198 2484 1593 2550 manuscriptum
1628 2484 1698 2535 ibi
1733 2500 1784 2549 p.
1805 2484 1902 2535 221
1939 2484 2072 2535 male
2101 2485 2259 2536 habet
2281 2483 2523 2545 Heinrici,
2562 2484 2647 2550 qui
2681 2501 2934 2550 nunqnam
2971 2502 3058 2534 rex
3094 2492 3289 2535 tantum

412 2570 620 2623 abusive
654 2572 720 2622 ab
757 2570 1002 2637 aliquibus
1041 2570 1288 2638 (Amoldo
1323 2572 1626 2639 Lubecensi)
1669 2572 1741 2623 sic
1775 2572 2060 2625 nominatus
2098 2583 2191 2629 est.
2335 2574 2387 2625 3.
2424 2572 2673 2624 accidenti
2708 2573 2769 2623 B.
2913 2573 2964 2623 4.
3004 2570 3251 2639 suppleri.

420 2908 542 2979 36.
586 2910 766 2980 1200
809 2923 1085 2998 anqusto·
1110 2912 1346 2978 Accon.
1415 2914 1782 2979 Amalricus
1814 2913 1900 2978 II
1941 2913 2555 3001 Hierosolymitanus
2616 2926 2673 2979 et
2716 2870 2918 3000 Cypri
2968 2934 3081 2978 rea·
3137 2935 3286 2977 con-

593 3020 816 3095 firmat
857 3020 1160 3106 hospitali
1201 3044 1249 3085 s.
1285 3022 1541 3087 Mariae
1577 3020 2102 3087 Tlceutonicorum
2142 3022 2395 3086 domum
2434 3020 2598 3108 Tyri
2632 3046 2672 3085 a
2703 3021 2913 3085 Paulo
2962 3033 3017 3085 et
3043 3020 3282 3105 fratre,

589 3128 754 3212 filiis
792 3126 1150 3192 Theodoria
1195 3130 1272 3193 de
1308 3128 1604 3215 Sarepta,
1655 3142 1898 3194 emtam.

2442 3210 2476 3239 ὁ

633 3268 770 3353 Ego
801 3268 1176 3355 Aymericus
1221 3270 1323 3335 dei
1367 3270 1584 3353 gracia
1627 3290 1740 3337 rex
1768 3269 2111 3337 Ierusalem
2141 3290 2342 3337 nonus
2389 3275 2454 3335 et
2494 3290 2605 3336 rex
2640 3268 2815 3354 Gipri
2861 3273 3075 3333 notum
3122 3268 3285 3335 facio

413 3376 704 3443 omnibus
749 3377 1146 3463 presentibus
1193 3383 1257 3444 et
1299 3377 1550 3463 futuris,
1599 3378 1767 3463 quod
1794 3375 2029 3443 Paulus
2078 3382 2143 3445 et
2172 3378 2370 3444 frater
2402 3398 2551 3443 suus
2563 3372 2600 3460 ¹,
2644 3374 2763 3441 filii
2793 3374 3164 3442 Theoderici
3210 3375 3287 3441 de

415 3483 702 3571 Sarepta,
751 3485 822 3551 in
866 3486 1195 3571 presencia
1237 3490 1458 3551 nostra
1503 3490 1568 3551 et
1609 3486 1678 3551 in
1723 3484 1900 3551 curia
1942 3488 2166 3549 nostra
2210 3488 2273 3549 et
2318 3484 2516 3551 eciam
2563 3484 2738 3549 curia
2780 3484 3132 3549 iuratorum
3175 3503 3289 3549 no-

413 3596 690 3657 strorum
721 3592 1062 3659 existentes
1095 3591 1410 3677 quandam
1444 3592 1700 3658 domum
1735 3612 1877 3657 cum
1920 3590 2169 3657 iardino
2216 3595 2282 3657 et
2324 3590 2637 3657 universis
2684 3590 2813 3656 suis
2858 3589 3287 3677 pertinenciis,

414 3717 606 3783 quam
661 3698 890 3765 fratres
947 3698 1280 3786 hospitalis
1323 3704 1540 3765 sancte
1585 3697 1784 3766 Marie
1831 3697 2353 3765 Theotonicorum
2414 3718 2492 3764 ex
2549 3697 2712 3763 dono
2768 3696 2931 3763 bone
2986 3695 3288 3762 memorie

414 3806 662 3872 comitis
706 3803 964 3873 Henrici
1025 3811 1091 3873 et
1144 3805 1396 3873 domine
1441 3805 1706 3873 Isabelle
1761 3809 1913 3873 tunc
1972 3805 2188 3871 uxoris
2246 3826 2387 3889 sue,
2446 3804 2714 3871 illustris
2768 3804 2935 3887 regis
2980 3802 3288 3869 Amalrici

411 3908 596 3997 filie·‚
641 3912 940 3979 tenebant
983 3915 1046 3980 in
1080 3914 1246 4001 Tyro
1295 3919 1360 3980 et
1389 3913 1616 3979 exinde
1651 3912 2053 4002 privilegium
2086 3911 2423 3995 habebant,
2472 3912 2677 3979 eidem
2706 3910 3006 3996 hospitali
3052 3916 3117 3977 et
3159 3911 3284 3977 fra-

411 4021 616 4087 tribus
661 4024 727 4086 et
769 4020 1036 4087 infirmis
1090 4022 1158 4087 in
1214 4026 1588 4107 perpetuum
1635 4023 2105 4103 concesserunt,
2165 4020 2568 4105 quitaverunt
2621 4023 2685 4085 et
2728 4019 3008 4104 quietam
3056 4016 3287 4084 clama-

410 4132 643 4195 verunt
683 4128 857 4193 omni
900 4129 1070 4211 iure,
1127 4128 1294 4212 quod
1338 4128 1404 4193 in
1454 4127 1675 4194 eadem
1720 4127 1906 4192 domo
1956 4126 2367 4213 expetebant,
2425 4126 2664 4192 eisdem
2707 4124 3010 4193 fratribus
3056 4146 3288 4191 renun-

413 4234 611 4319 ciato,
665 4234 833 4301 unde
879 4234 958 4300 ob
1004 4234 1122 4301 hoc
1165 4236 1394 4303 fratres
1441 4236 1724 4302 eiusdem
1769 4234 2102 4321 hospitalis
2147 4233 2431 4320 predicto
2478 4231 2675 4299 Paulo
2724 4238 2787 4299 et
2829 4233 3011 4300 fratri
3058 4252 3169 4297 suo
3218 4250 3289 4297 cc

411 4340 719 4408 bisantios
767 4346 1198 4408 sarracenatos
1245 4342 1570 4427 dederunt,
1617 4362 1734 4407 nos
1782 4346 2096 4426 rogantes,
2146 4348 2219 4407 ut
2263 4340 2491 4407 exinde
2536 4340 2627 4406 eis
2674 4340 3077 4428 privilegium
3120 4340 3287 4405 face·-

409 4469 642 4515 remus.
724 4447 853 4514 Nos
912 4453 1122 4514 autem
1179 4469 1394 4515 eorum
1451 4450 1745 4535 precibus
1793 4449 2259 4533 acquiescentes
2304 4447 2629 4514 voluntate
2674 4452 2738 4513 et
2786 4446 3097 4534 peticione
3144 4466 3289 4532 pre-

411 4556 567 4623 dicti
606 4556 787 4622 Pauli
835 4560 898 4621 et
940 4556 1158 4622 fratris
1207 4556 1306 4622 sui
1350 4557 1858 4643 prenominatam
1905 4555 2160 4646 domum
2208 4574 2351 4621 cum
2395 4556 2643 4621 iardino
2690 4560 2755 4621 et
2798 4554 3109 4619 universis
3154 4554 3286 4619 suis

411 4663 820 4750 pertinenciis
863 4662 1148 4750 predicto
1193 4663 1511 4750 hospitali,
1565 4663 1868 4729 fratribus
1915 4668 1979 4729 et
2022 4661 2311 4746 infirmis,
2359 4662 2683 4729 voluntate
2728 4668 2793 4727 et
2837 4681 3097 4727 assensu
3142 4680 3287 4746 pre-

411 4770 577 4837 dicte
609 4770 859 4836 domine
890 4769 1200 4837 Ysabellis
1243 4772 1460 4837 uxoris
1489 4790 1648 4855 mee,
1695 4769 2073 4837 venerabilis
2119 4768 2373 4854 regine,
2402 4770 2800 4837 concedimus
2848 4774 2913 4835 et
2956 4766 3287 4834 confirma-

409 4898 552 4957 mus
596 4878 664 4944 in
707 4882 1106 4965 perpetuum,
1151 4878 1246 4945 ita
1274 4879 1442 4962 quod
1471 4898 1587 4943 nos
1633 4883 1698 4945 et
1731 4898 2123 4945 successores
2168 4878 2371 4943 nostri
2416 4877 2625 4965 ipsam
2670 4876 2924 4942 domum
2972 4895 3112 4941 cum
3158 4874 3286 4949 iar-

411 4985 560 5052 dino
617 4990 682 5053 et
734 4984 1048 5053 universis
1105 4985 1238 5052 suis
1294 4986 1700 5073 pertinenciis
1759 4986 1838 5053 ab
1897 4986 2071 5053 omni
2128 4984 2491 5073 calumpnia
2535 4984 2689 5051 dicti
2733 4982 2915 5049 Pauli
2962 4987 3026 5049 et
3068 4983 3285 5049 fratris
