3892 5609
1146 351 1375 398 TERRA
1420 349 1701 398 61111616.
1770 309 2102 396 1111116616.
2173 349 2434 397 crenus
3039 337 3213 408 *109

362 527 549 575 manz
606 509 663 575 si
720 529 861 576 com
892 509 1027 576 ’(166
1087 515 1295 576 autres
1353 529 1617 596 propres
1673 509 1889 576 choses
1945 473 2024 575 de
2067 514 2274 576 vostre
2319 509 2550 576 devant
2593 508 2722 574 dite
2763 508 3007 574 maison
3065 528 3217 574 sanz

360 616 678 684 contredit
719 622 785 683 et
822 616 1009 684 debat
1052 622 1117 683 et
1162 615 1481 699 chalenge,
1532 636 1651 701 que
1688 617 1781 717 je¹
1801 636 1881 682 66
1926 635 2060 682 mes
2105 615 2272 682 heire
2319 636 2400 682 66
2446 620 2622 681 66116
2667 634 2784 700 1161
2814 636 2928 682 noe
2959 637 3002 702 y
3029 617 3218 682 meis-

360 724 532 790 eiens
578 744 661 790 66
702 725 1025 810 1166661666
1070 731 1289 807 mette,
1337 728 1401 788 et
1445 728 1695 808 promet
1739 728 1803 790 et
1846 723 1945 789 sui
1988 729 2177 790 tenuz
2223 743 2340 809 por
2367 723 2494 789 mei
2538 729 2601 789 et
2643 741 2760 808 por
2789 743 2922 789 mes
2963 723 3132 789 heire
3178 745 3216 789 6

362 851 475 897 166
520 831 581 897 16
626 832 813 898 (16666
858 851 1043 899 nome
1088 829 1463 898 comandeor
1508 834 1573 896 et
1616 850 1696 897 au
1726 837 1949 897 covent
1977 831 2054 896 de
2083 837 2292 898 vostre
2324 830 2453 897 dite
2483 830 2726 896 maison
2763 837 3056 899 recevant
3098 850 3216 917 por

363 937 425 1004 le
468 937 564 1004 dit
606 939 862 1005 meistre
920 945 983 1005 et
1038 959 1157 1026 por
1201 959 1311 1004 vos
1358 943 1421 1003 et
1462 957 1579 1024 por
1624 957 1741 1002 voz
1788 957 2141 1004 successore
2188 938 2264 1004 de
2307 938 2646 1004 maintenir
2692 943 2756 1004 et
2797 939 2962 1004 tenir
3005 938 3064 1004 16
3109 938 3216 1004 de-

363 1049 517 1111 vant
560 1045 654 1112 dit
698 1046 1005 1130 eschange
1050 1046 1159 1112 des
1204 1065 1425 1112 6666116
1472 1045 1655 1112 (16666
1698 1065 1920 1111 nomez
1969 1049 2034 1112 et
2076 1045 2154 1112 de
2195 1044 2293 1110 lor
2339 1051 2784 1131 apartenances
2822 1067 2866 1111 6
2912 1049 3074 1112 16166
3118 1045 3216 1112 lor

362 1152 603 1218 reieons
650 1159 714 1219 et
756 1153 854 1220 lor
882 1154 1191 1220 dreitures
1220 1159 1425 1220 tontes
1455 1151 1771 1220 eneemble
1812 1158 1873 1218 et
1904 1151 2176 1218 chaecun
2219 1171 2334 1238 per
2379 1153 2472 1219 sei
2515 1153 2571 1218 si
2615 1172 2754 1218 com
2797 1152 2846 1218 il
2889 1157 2986 1218 eet
3029 1153 3214 1219 (16666

365 1259 461 1325 (111
517 1265 581 1326 61
634 1264 736 1326 toz
792 1261 883 1327 les
930 1279 1241 1327 covenanz
1289 1260 1473 1326 desue
1520 1260 1711 1327 motiz
1773 1265 1838 1326 et
1880 1260 1958 1325 de
2001 1279 2129 1326 non
2181 1259 2312 1326 aler
2359 1280 2396 1325 6
2438 1259 2778 1326 1’61166111;1·6
2823 1259 2952 1325 fust
2997 1280 3074 1326 en
3119 1265 3216 1326 tot

241 1359 254 1364 “
364 1386 445 1432 66
491 1387 574 1433 en
618 1367 841 1453 1161116,
890 1371 1050 1434 etse
1078 1366 1127 1432 il
1158 1367 1425 1452 aveneit,
1473 1387 1593 1452 que
1628 1367 1695 1452 je
1742 1387 1821 1433 66
1865 1387 2000 1433 11166
2029 1367 2198 1433 heire
2245 1387 2324 1432 66
2372 1373 2579 1433 autres
2626 1387 2742 1452 por
2787 1387 2900 1432 noe
2948 1365 3214 1433 alesiens

364 1494 443 1541 en
490 1493 691 1541 aucun
736 1479 875 1542 tens
922 1494 1000 1541 en
1047 1474 1191 1558 quel
1236 1494 1355 1559 que
1399 1475 1675 1540 meniere
1733 1493 1875 1558 que.
1910 1494 1982 1541 66
2035 1473 2166 1540 fust
2211 1495 2250 1540 a
2291 1473 2635 1540 l’encontre
2679 1473 2804 1540 dou
2849 1474 3078 1540 devant
3121 1475 3216 1540 dit

365 1580 673 1666 eschange
718 1587 782 1648 et
826 1581 941 1647 dez
973 1581 1205 1647 devant
1238 1581 1341 1648 diz
1388 1601 1700 1648 covenanz
1747 1581 1878 1648 fust
1921 1601 2000 1648 en
2045 1586 2143 1647 tot
2185 1600 2268 1646 ou
2311 1601 2389 1648 en
2435 1581 2659 1666 partie,
2705 1601 2787 1646 66
2817 1601 2858 1666 y
2887 1581 3214 1648 meissiens

362 1687 667 1772 chalonge
712 1709 792 1755 ou
836 1689 1147 1756 contredit
1201 1709 1279 1755 en
1324 1695 1502 1756 court
1556 1709 1637 1756 ou
1687 1689 1833 1756 hore
1879 1689 1958 1756 de
2003 1693 2211 1772 court,
2270 1709 2346 1754 en
2391 1687 2553 1774 plait
2595 1707 2676 1753 ou
2719 1687 2864 1754 hore
2912 1688 2988 1754 de
3032 1687 3212 1774 plait,

355 1795 445 1880 je,
490 1795 731 1862 l’avant
770 1816 957 1862 nome
1002 1797 1126 1862 sire
1172 1796 1251 1863 de
1292 1795 1509 1881 Barut,
1555 1817 1673 1883 por
1716 1797 1842 1864 mei
1888 1800 1954 1862 et
1996 1816 2115 1882 por
2157 1815 2292 1862 mes
2337 1795 2504 1862 heire
2551 1796 2650 1862 eui
2694 1800 2880 1862 tenuz
2929 1816 2966 1861 a
2999 1815 3110 1862 voe
3152 1796 3212 1862 le

365 1902 553 1969 desus
600 1923 784 1970 nome
829 1903 1202 1970 comandeor
1244 1908 1465 1970 tenant
1518 1905 1655 1970 luec
1700 1904 1776 1970 de
1819 1903 2075 1970 meistre
2122 1907 2186 1969 et
2227 1909 2522 1969 recevant
2572 1922 2691 1988 por
2735 1902 2794 1968 16
2837 1903 3096 1970 maistre
3153 1909 3218 1970 et

363 2029 482 2096 por
511 2030 621 2076 vos
668 2014 733 2077 et
774 2031 891 2097 por
935 2015 1144 2078 vostre
1190 2016 1412 2078 covent
1455 2016 1518 2077 et
1561 2032 1679 2098 por
1710 2031 1826 2076 voz
1874 2029 2227 2076 successore
2273 2009 2636 2076 d’amander
2683 2015 2746 2076 et
2790 2015 3060 2077 restorer
3103 2030 3216 2076 vos

362 2123 466 2184 toz
506 2117 603 2184 166
651 2118 975 2202 domages,
1022 2129 1142 2205 (166
1187 2139 1296 2185 166
1343 2140 1384 2205 y
1430 2118 1671 2204 auriez,
1726 2123 1790 2185 et
1833 2118 1910 2184 de
1955 2136 2026 2183 66
2068 2137 2180 2183 166
2225 2115 2428 2201 oblige
2477 2117 2598 2183 mei
2645 2123 2708 2183 et
2749 2137 2884 2182 mes
2930 2116 3098 2184 heire
3151 2123 3216 2184 et

363 2245 475 2291 voe
522 2225 726 2309 oblige
772 2231 837 2292 et
880 2225 1205 2292 abandons
1250 2231 1354 2292 toz
1399 2227 1489 2293 lee
1535 2226 1711 2294 biens
1757 2226 1834 2292 de
1877 2227 2004 2292 mei
2050 2230 2114 2292 et
2145 2225 2222 2291 de
2253 2244 2385 2290 mes
2415 2224 2584 2290 heire
2618 2223 2896 2290 meubles
2943 2229 3007 2290 et
3051 2235 3215 2290 esta-

364 2330 497 2399 bles
540 2345 627 2398 ou
671 2353 791 2418 que
835 2333 884 2398 il
912 2333 1133 2414 ‚soient
1176 2337 1239 2400 et
1286 2333 1461 2417 quels
1508 2354 1627 2419 que
1671 2333 1721 2398 il
1765 2334 1972 2400 soient
2015 2339 2081 2399 et
2121 2351 2233 2398 vos
2279 2332 2470 2415 doing
2512 2331 2687 2417 plain
2734 2350 2887 2416 poer
2931 2352 3047 2419 por
3089 2332 3216 2398 mei

365 2446 429 2506 et
470 2460 590 2526 por
630 2459 765 2506 mes
809 2439 999 2524 heire,
1046 2461 1167 2526 que
1195 2459 1307 2508 voe
1354 2440 1431 2508 de
1481 2445 1686 2508 vostre
1732 2441 2000 2508 autorite
2045 2445 2110 2508 et
2152 2459 2269 2526 par
2311 2439 2378 2505 16
2417 2439 2588 2506 force
2633 2444 2696 2505 et
2738 2458 2854 2525 par
2899 2439 3216 2505 l’autorite

364 2546 443 2613 (16
486 2552 591 2613 toz
638 2567 843 2631 ceaue,
892 2548 1000 2632 qui
1043 2568 1153 2614 vos
1198 2549 1223 2614 i
1268 2554 1529 2634 porront
1572 2568 1653 2614 ou
1685 2547 1996 2615 voudront
2039 2547 2235 2614 aidier
2270 2568 2309 2613 a
2337 2553 2548 2614 vostre
2590 2552 2882 2632 requeete
2925 2551 2990 2614 et
3034 2565 3072 2611 6
3104 2566 3214 2612 16-

365 2659 495 2720 6116
540 2651 747 2739 1161111,
796 2673 831 2720 6
876 2675 989 2721 166
1033 2675 1116 2721 66
1158 2675 1275 2741 1161
1320 2675 1431 2722 166
1479 2656 1745 2741 116166166
1792 2660 1857 2722 et
1900 2655 2073 2721 doies
2119 2660 2182 2720 et
2222 2654 2316 2721 les
2362 2660 2572 2722 autres
2616 2674 2734 2741 por
2777 2675 2888 2720 vos
2931 2654 3217 2740 puissent

364 2764 429 2826 et
472 2759 727 2827 doivent
767 2781 882 2828 noe
927 2762 1357 2829 constraindre
1412 2769 1476 2829 et
1530 2763 1799 2849 prendre
1842 2781 1995 2828 sanz
2043 2762 2449 2847 mesprendre
2494 2782 2606 2828 noe
2651 2762 2828 2828 biens
2874 2767 2937 2827 et
2981 2761 3214 2828 vendre

364 2886 445 2934 ou
487 2867 647 2934 faire
674 2869 907 2937 vendre
942 2869 1204 2954 jusques
1247 2869 1375 2936 ala
1411 2870 1683 2956 parfaite
1726 2869 1872 2956 11616
1916 2868 2043 2935 (166
2084 2873 2288 2936 166161
2333 2869 2456 2935 (166
2499 2870 2782 2953 damage,
2829 2889 2950 2955 que
2978 2887 3090 2934 166
3136 2868 3214 2935 (16

364 2990 433 3040 66
480 2976 692 3041 auriez
740 2995 817 3042 eu
860 2996 977 3064 par
1008 2997 1123 3043 noe
1170 2997 1251 3043 66
1295 2997 1411 3064 par
1442 2997 1561 3043 1166
1592 2977 1761 3044 heire
1806 2997 1887 3042 ou
1930 2997 2050 3064 par
2079 2981 2258 3042 autre
2303 2995 2422 3063 por
2447 2996 2581 3043 nos.
2651 2975 2738 3042 Et
2782 2981 2958 3042 outre
3005 2979 3099 3040 tot
3141 2993 3214 3042 66

362 3079 716 3166 l’eechange
760 3083 946 3150 desus
990 3087 1148 3151 moti
1190 3084 1321 3151 deit
1366 3090 1531 3152 estre
1588 3091 1651 3151 et
1706 3085 2058 3171 parmeneir
2111 3084 2273 3149 ferm
2329 3089 2392 3150 et
2446 3084 2682 3152 estable
2735 3084 2790 3168 si
2843 3101 2980 3150 66111
3025 3081 3073 3148 11
3118 3086 3214 3148 661

363 3190 549 3256 (16666
595 3191 785 3257 escrit
828 3196 895 3257 et
935 3211 1054 3278 por
1096 3211 1167 3258 ce
1214 3211 1334 3276 que
1369 3193 1437 3276 36
1482 3191 1657 3275 16111,
1717 3212 1838 3277 que
1882 3197 2045 3258 totes
2094 3190 2188 3257 les
2233 3191 2448 3258 choses
2497 3191 2680 3257 (16666
2727 3191 3005 3257 (16116666
3051 3195 3213 3256 16166

363 3297 678 3364 6666161116
724 3303 789 3364 et
831 3298 1099 3364 chascun
1147 3319 1263 3385 par
1308 3301 1398 3365 661
1442 3299 1647 3365 soient
1682 3319 1720 3364 a
1748 3305 1852 3364 toz
1889 3299 2026 3382 jors
2071 3303 2292 3364 tenues
2337 3305 2402 3365 et
2443 3300 2832 3366 mainteuues
2876 3299 3104 3364 fermee
3153 3302 3216 3364 et

364 3402 654 3488 estables,
702 3405 757 3471 61
802 3425 923 3490 (166
958 3406 1026 3489 je
1057 3425 1139 3471 ou
1168 3425 1303 3472 mee
1332 3406 1501 3472 heire
1532 3427 1613 3472 66
1642 3426 1761 3472 noz
1795 3425 2146 3472 successore
2193 3426 2274 3471 66
2311 3411 2488 3472 66116
2533 3425 2652 3492 por
2679 3425 2794 3471 noe
2824 3424 2943 3490 par
2971 3423 3210 3471 aucune

360 3513 642 3579 maniere
684 3514 831 3579 n’eu
872 3513 1165 3599 puiseons
1210 3533 1287 3580 en
1334 3533 1537 3580 aucun
1580 3518 1720 3580 tens
1766 3513 1897 3579 aler
1928 3533 1968 3578 a
1998 3513 2340 3579 l’encontre
2385 3513 2690 3580 d’aucune
2732 3512 2918 3578 chose
2961 3512 3092 3578 fust
3135 3532 3213 3579 en

362 3623 459 3686 tot
501 3639 581 3687 ou
628 3639 705 3685 en
750 3620 975 3706 partie,
1024 3621 1085 3686 ai
1120 3621 1187 3705 je
1232 3616 1366 3687 fait'
1384 3621 1543 3688 faire
1588 3641 1659 3688 66
1702 3626 1958 3706 present
2001 3621 2318 3706 previlege
2361 3621 2526 3688 bolle
2557 3620 2634 3686 (16
2664 3618 2878 3707 plomb
2924 3619 3214 3706 enpreint

363 3745 444 3794 en
486 3747 621 3793 mes
669 3727 840 3793 dreiz
887 3729 1057 3794 coine
1102 3747 1407 3811 generans
1456 3749 1493 3794 o
1536 3729 1600 3794 16
1643 3727 1925 3812 garentie
1971 3729 2048 3794 de
2091 3749 2226 3795 mee
2273 3729 2518 3810 11611166,
2577 3727 2686 3794 (166
2731 3726 2908 3810 quels
2955 3747 3024 3794 66
3071 3732 3216 3793 sont

359 3834 453 3902 les
498 3855 692 3900 none:
737 3833 962 3900 Balian
994 3834 1073 3900 (16
1100 3833 1382 3920 Μ1111616,
1427 3836 1691 3902 Amauri
1722 3835 1980 3921 Hardel,
2024 3835 2230 3902 Johan
2261 3836 2338 3902 de
2369 3835 2637 3919 Gibelin,
2683 3833 2942 3920 Phelipe
2987 3835 3063 3901 de
3092 3834 3212 3902 Re-

361 3941 469 4026 tel,
513 3941 558 4009 J
560 3942 719 4008 ohan
750 3940 1137 4027 Poilevilain,
1188 3941 1445 4010 Gautier
1474 3943 1837 4011 Mainebuef
1875 3951 1939 4010 et
1979 3943 2260 4031 plussore
2291 3948 2520 4009 autres.
2591 3941 2677 4009 Ce
2705 3942 2775 4008 fu
2802 3941 2920 4007 fait
2961 3962 3038 4008 en
3082 3943 3212 4008 l'an
3279 3963 3288 3971 ·

361 4049 439 4116 de
482 4049 923 4116 l'incarnation
965 4054 1179 4117 nostre
1224 4051 1474 4135 seignor
1516 4050 1711 4119 Jheeu
1758 4051 1971 4120 Christ
2012 4071 2078 4117 m
2121 4071 2194 4118 66
2236 4051 2329 4118 lxi
2372 4071 2413 4117 6
2453 4051 2714 4117 l’entree
2761 4049 2884 4114 dou
2927 4049 3088 4116 maie
3135 4050 3212 4116 de

360 4158 720 4225 novambre.

574 4280 665 4343 111,
706 4281 824 4344 154.
1038 4283 1085 4334 l.
1118 4281 1295 4348 incipit
1329 4281 1429 4334 6116
1460 4299 1654 4334 manus.

370 4566 543 4638 120.
587 4569 759 4636 1261
804 4570 1126 4635 novembri
1164 4572 1429 4636 ineunte.
1508 4571 1822 4636 Iohannes
1869 4571 1945 4634 de
1990 4539 2266 4650 helino,
2317 4571 2606 4635 dominus
2652 4570 2728 4634 de
2771 4569 3045 4648 Bao-ath,
3093 4570 3208 4633 do-

582 4691 698 4742 nat
749 4679 968 4743 domui
1016 4677 1343 4764 hospitalis
1388 4700 1437 4742 e.
1470 4678 1725 4742 Mariae
1772 4676 2292 4742 Theutonicorum
2347 4680 2416 4742 in
2471 4699 2662 4762 rayno
2711 4675 3208 4741 Ieroeolimitano

582 4797 871 4852 toronum
912 4785 1170 4850 Ahmud
1211 4789 1281 4851 in
1323 4787 1633 4852 montibus
1677 4785 2193 4862 Burutheneibue.

586 4907 859 4976 Sachent
901 4909 1025 4974 tuit
1067 4909 1149 4976 cil
1192 4910 1301 4993 qui
1346 4913 1489 4976 sont
1534 4915 1598 4977 et
1640 4911 1749 4994 qui
1794 4914 2024 4992 6616111,
2073 4927 2194 4993 que
2227 4905 2323 4992 je¹
2367 4907 2572 4974 Johan
2604 4905 2912 4989 d'Ybelin,
2961 4907 3211 4990 seignur

360 5015 439 5083 de
482 5013 751 5100 Baruth,
810 5017 1001 5101 doing
1044 5020 1109 5082 et
1152 5017 1310 5083 otrei
1356 5023 1419 5083 et
1463 5017 1741 5084 conferm
1787 5037 1826 5083 a
1870 5021 1972 5082 toz
2017 5017 2152 5100 jors
2199 5036 2277 5082 en
2324 5035 2622 5082 6611166116
2666 5013 2992 5102 perpetuel
3037 5015 3210 5080 fran-
