3892 5609
731 303 882 374 452
1711 313 2129 363 Porrus-roma
2172 276 2611 364 Romnoutm

729 473 1102 539 municionis
1147 477 1212 539 et
1255 472 1592 540 voluntatis
1635 473 1975 557 infringere
2018 472 2116 539 vel
2162 473 2219 540 ei
2273 494 2431 541 ausu
2484 475 2813 541 temerario
2872 473 3203 539 contraire.
3297 469 3371 537 Si
3426 472 3569 556 quis

733 585 937 647 autem
983 581 1101 646 hoc
1147 583 1517 665 attemptare
1561 581 2033 667 presumpserit,
2078 581 2572 664 indignacionem
2618 579 3059 665 omnipotentis
3104 579 3205 644 dei
3254 585 3321 645 et
3360 578 3573 644 beato-

730 706 869 752 rum
901 685 1072 754 Petri
1117 691 1180 753 et
1209 684 1386 751 Pauli
1433 687 1852 773 apostolorum
1899 689 2032 755 eius
2078 707 2145 754 se
2189 688 2434 754 noverit
2458 687 2868 753 incursurum.
2931 685 3163 752 Datum
3196 685 3573 752 Constancie

731 794 778 860 ii
821 794 961 861 idus
1008 793 1252 878 augusti
1308 813 1468 868 anno
1525 814 1566 860 a
1617 795 1946 862 nativitate
1992 795 2229 861 domini
2287 793 2617 861 millesimo
2670 793 3281 879 quadringentesimo
3326 793 3573 858 decimo

733 901 1020 987 septimo,
1066 899 1408 986 apostolica
1457 900 1604 967 sede
1649 907 1927 969 vacante.

941 1037 1030 1100 IV,
1064 1039 1224 1091 231v.
1297 1040 1374 1091 De
1421 1042 1732 1092 transsumtis
1777 1040 1923 1092 huius
1972 1041 2355 1094 confirmationis
2392 1041 2505 1092 vide
2552 1059 2703 1107 supra
2750 1041 2842 1091 sub
2878 1058 2927 1090 n.
2946 1041 3051 1091 306
3086 1057 3135 1106 p.
3156 1039 3278 1090 279.
3352 1039 3460 1089 1011.
3484 1040 3575 1088 44.

733 1127 862 1178 Edd.
891 1127 1152 1180 Caorsinus
1190 1129 1243 1178 C.
1270 1127 1358 1180 Ἰν.
1411 1128 1606 1179 Senner
1641 1129 1697 1180 F.
1723 1131 1772 1181 3.
1849 1130 2000 1182 1220.
2044 1131 2351 1181 Entdeckter
2386 1129 2631 1194 Ungi-und
2666 1146 2727 1179 ex
2762 1147 2833 1180 or.
2875 1130 2927 1180 C.
2952 1130 3017 1190 3,
3066 1128 3151 1209 uhi
3185 1128 3337 1180 etiam
3374 1127 3575 1192 effigies

732 1216 898 1268 bullae
943 1216 1274 1283 appendentis
1330 1215 1388 1284 a)
1436 1217 1489 1269 S.
1523 1217 1629 1268 ΡΑ.
1666 1217 1718 1269 S.
1755 1217 1858 1270 PE.
1931 1219 1983 1287 ὁ)
2032 1219 2083 1270 S.
2116 1219 2365 1270 SACRE·
2384 1217 2615 1270 SINODI
2636 1237 2647 1248 ·
2668 1217 3157 1268 CONSTANCIEN.

739 1510 912 1581 704.
953 1512 1132 1579 1417
1177 1514 1402 1598 septbr.
1432 1513 1478 1577 4
1524 1509 1935 1578 Οοπειαπιίαθ.
2010 1511 2303 1597 Synodus
2344 1513 2654 1598 qeneralis
2684 1514 3123 1598 Mequntimcm
3150 1511 3579 1598 archiepisco-

949 1641 1106 1705 pum
1172 1631 1230 1684 et
1293 1621 1613 1706 episcopos
1669 1619 2181 1705 Arqentinensem
2236 1619 2865 1706 Herbipoleneemque
2920 1621 3132 1686 ordini
3190 1618 3575 1684 Theutonoeo

955 1737 1408 1790 conservatores
1435 1724 1629 1810 facit.

956 1857 1365 1924 Sacrosancta
1409 1863 1473 1924 et
1514 1857 1823 1941 generalis
1881 1857 2153 1943 synodus
2199 1857 2701 1926 Constanciensis
2756 1856 3211 1926 venerabilibus
3264 1855 3573 1922 fratribus

739 1964 1205 2052 archiepiscopo
1249 1963 1614 2048 Maguntino
1659 1969 1723 2031 et
1764 1964 2209 2048 Argentinensi
2256 1984 2329 2032 ac
2358 1965 2793 2052 Herbipolensi
2838 1964 3145 2052 episcopis
3191 1964 3463 2029 salutem
3508 1971 3579 2028 et

741 2071 842 2138 dei
886 2071 1330 2158 omnipotentis
1375 2071 1884 2138 benedictionem.
2075 2071 2177 2137 Ad
2222 2072 2698 2160 compescendos
2744 2077 3003 2139 conatus
3049 2071 3384 2158 nephar-ios
3428 2091 3577 2158 per-

739 2198 1080 2262 versorum,
1126 2177 1232 2264 qui
1275 2198 1574 2263 personas
1621 2182 1686 2244 et
1727 2175 1862 2244 loca
1909 2179 2327 2248 ecclesiastica
2372 2200 2557 2267 super
2600 2179 2779 2245 bonis
2825 2183 2888 2246 et
2930 2178 3167 2245 iuribus
3214 2179 3347 2244 suis
3382 2175 3581 2243 offen-

739 2285 885 2352 dere
933 2305 1005 2352 ae
1047 2284 1494 2371 multiplicibus
1541 2284 1906 2370 perturbare
1950 2287 2253 2353 molestiis
2298 2307 2422 2353 non
2456 2292 2763 2370 verentur,
2810 2291 2987 2352 tanto
3022 2287 3223 2369 magis
3254 2285 3434 2351 decet
3462 2304 3581 2371 per

739 2411 986 2458 sacrum
1030 2391 1320 2475 generale
1365 2389 1693 2458 concilium
1740 2397 2044 2478 oportuno
2099 2394 2375 2460 remedio
2429 2395 2785 2480 providere,
2846 2399 3079 2477 quanto
3136 2411 3251 2478 per
3304 2389 3580 2476 amplius

737 2497 1131 2564 turbaciones
1175 2498 1528 2564 huiusmodi
1576 2504 1639 2565 et
1681 2498 1965 2567 molestie
2008 2499 2074 2565 in
2120 2500 2327 2566 divine
2372 2500 2717 2568 maiestatis
2764 2497 3062 2566 offensam
3108 2517 3350 2564 necnon
3378 2497 3577 2564 eecle-

740 2606 990 2671 siastice
1033 2603 1342 2672 libertatis
1386 2604 1738 2671 redundare
1767 2605 2161 2692 dispendium
2192 2607 2615 2674 dinoscuntur.
2673 2606 2927 2673 Dudum
2958 2603 3286 2690 siquidem,
3334 2624 3477 2671 cum
3510 2604 3575 2669 in

741 2711 1006 2778 diversis
1051 2711 1267 2777 mundi
1313 2710 1596 2797 partibus
1641 2711 1925 2778 consules
1972 2713 2294 2780 civitatum
2324 2718 2389 2780 et
2414 2717 2687 2781 rectores
2716 2731 2955 2780 necnon
2988 2710 3115 2794 alii,
3162 2712 3269 2796 qui
3300 2717 3584 2796 potesta-

739 2824 863 2885 tem
933 2818 1162 2885 habere
1217 2818 1587 2885 videbantur
1603 2867 1623 2903 ,
1681 2824 1776 2886 tot
1837 2839 2031 2886 onera
2094 2821 2451 2906 frequenter
2502 2821 2897 2907 imponerent
2962 2818 3235 2886 ecclesiis
3248 2867 3271 2900 ,
3336 2823 3411 2883 ut
3468 2817 3583 2883 de-

741 2925 988 2992 terioris
1033 2925 1405 2992 conditionis
1447 2925 1684 2991 factum
1728 2924 1844 2992 sub
1889 2927 1981 2992 eis
2026 2927 2447 2994 sacerdocium
2495 2927 2825 3010 videretur,
2873 2943 3060 3011 quam
3102 2923 3221 2991 sub
3250 2922 3583 2990 Pharaone

740 3033 990 3116 fnisset,
1038 3032 1146 3118 qui
1188 3030 1344 3116 legis
1391 3031 1598 3098 divine
1641 3032 1935 3098 noticiam
1983 3053 2108 3099 non
2152 3033 2422 3101 habebat
2464 3034 2692 3119 quique
2746 3032 3033 3100 omnibus
3088 3031 3229 3097 aliis
3286 3031 3583 3098 servituti

742 3138 1014 3205 subactis
1059 3139 1410 3206 sacerdotes
1455 3144 1519 3206 et
1560 3140 1983 3225 possessiones
2029 3159 2241 3207 eorum
2294 3141 2361 3206 in
2416 3140 2683 3227 pristina
2736 3139 3025 3206 libertate
3082 3138 3324 3204 dimisit
3378 3143 3447 3204 et
3500 3137 3581 3203 de

746 3245 993 3332 publico
1041 3246 1129 3312 eis
1177 3244 1534 3312 alimoniam
1579 3246 1978 3331 ministravit,
2030 3248 2096 3313 in
2140 3247 2400 3315 concilio
2445 3245 2851 3314 Lateranensi
2895 3244 3151 3313 ecclesie
3190 3244 3581 3310 immunitati

742 3352 1125 3438 providendo
1171 3352 1286 3419 sub
1334 3353 1747 3421 anathematis
1791 3353 2179 3420 districtione
2221 3353 2601 3440 prohibitum
2634 3355 2861 3438 extitit,
2908 3373 2987 3419 ne
3024 3351 3331 3434 consules,
3372 3359 3581 3418 recto-

743 3479 844 3525 res
889 3465 1000 3525 aut
1045 3459 1152 3525 alii
1195 3459 1459 3546 predicti
1507 3459 1796 3526 ecclesias
1843 3466 1908 3527 et
1950 3461 2117 3526 viros
2162 3461 2609 3528 ecclesiasticos
2656 3461 2847 3527 talliis
2892 3479 3001 3526 seu
3030 3457 3305 3526 collectis
3336 3457 3439 3525 vel
3466 3479 3581 3526 ex-

746 3565 1090 3632 actionibus
1136 3567 1275 3632 aliis
1323 3586 1660 3651 aggravare
1705 3574 2137 3653 presumerent
2180 3574 2670 3652 transgressores
2716 3573 2779 3635 et
2830 3568 3105 3634 fautores
3164 3585 3379 3632 eorum
3432 3585 3581 3652 pre-

746 3672 1030 3758 cipiendo
1086 3673 1501 3740 anathematis
1557 3673 1863 3740 sententie
1917 3673 2269 3758 subiacere,
2338 3675 2535 3741 donec
2603 3674 3085 3742 satisfactionem
3140 3673 3583 3760 impenderent

745 3785 1201 3866 competentem
1248 3785 1312 3846 et
1354 3781 1551 3847 eciam
1596 3779 1820 3847 deinde
1861 3781 1930 3845 in
1974 3781 2251 3864 generali
2292 3781 2551 3849 concilio
2582 3781 2852 3848 edictum
2891 3781 3101 3864 fuerit,
3146 3781 3313 3865 quod
3346 3780 3405 3845 si
3444 3781 3583 3865 epi-

747 3887 920 3973 scopi
961 3886 1124 3953 forte
1169 3884 1356 3952 simul
1401 3907 1538 3954 cum
1587 3885 1848 3970 clericis,
1895 3888 2149 3954 eciamsi
2192 3894 2433 3955 tantam
2478 3889 2911 3956 necessitatem
2956 3887 3057 3955 vel
3102 3887 3434 3954 utilitatem
3480 3887 3583 3952 in-

695 4059 699 4063 ,
748 3994 1079 4080 spicerent,
1127 3997 1198 4059 ut
1240 3993 1473 4078 absque
1516 3993 1643 4059 ulla
1685 3994 2003 4062 coactione
2047 3995 2128 4063 ad
2171 3995 2534 4062 relevandas
2577 4015 2935 4063 com-munes
2976 3993 3279 4060 utilitates
3326 3994 3426 4061 vel
3468 4015 3581 4061 ne-

747 4101 1089 4184 cessitates,
1135 4099 1241 4167 ubi
1285 4099 1583 4166 laicorum
1629 4119 1752 4166 nen
1797 4108 2205 4189 suppeterent
2243 4103 2592 4186 facultates,
2634 4103 2911 4170 subsidia
2939 4121 3053 4189 per
3080 4101 3372 4169 ecclesias
3400 4099 3579 4167 laicis

747 4207 1046 4273 ducerent
1087 4207 1479 4274 concedenda
1520 4207 1775 4275 minime
1805 4229 1996 4295 super
2033 4209 2151 4276 hoc
2178 4211 2459 4278 consulto
2488 4209 2765 4276 Romano
2796 4206 3106 4295 pontifice,
3152 4209 3581 4275 concessiones

750 4320 813 4381 et
853 4315 1186 4398 sentencie,
1235 4333 1355 4398 que
1399 4335 1438 4380 a
1481 4314 1708 4382 talibus
1753 4316 1853 4383 vel
1899 4316 1979 4384 de
2022 4318 2301 4403 ipsorum
2348 4317 2641 4383 mandato
2684 4317 2890 4383 forent
2920 4314 3325 4401 promulgate,
3372 4319 3581 4382 essent

748 4420 928 4486 irrite
971 4427 1036 4487 et
1087 4421 1304 4486 inanes
1348 4420 1518 4486 nullo
1569 4442 1868 4508 umquam
1920 4429 2203 4510 tempore
2259 4423 2557 4509 valitura,
2618 4442 2690 4490 ac
2742 4423 2939 4490 eciam
2988 4422 3059 4488 in
3112 4421 3251 4508 ipso
3304 4421 3577 4506 generali

749 4527 1010 4594 concilio
1055 4527 1373 4594 decretum
1418 4527 1655 4612 extitit,
1712 4529 1920 4614 illum,
1982 4531 2089 4616 qui
2148 4531 2313 4597 infra
2356 4536 2603 4618 tempus
2647 4529 2747 4595 sui
2788 4528 3109 4613 regiminis
3154 4533 3413 4616 propter
3452 4531 3581 4595 fra-

749 4635 1039 4719 ctionem,
1084 4634 1601 4700 constitucionum
1649 4635 1748 4704 vel
1793 4638 2181 4704 sanctionum
2228 4636 2585 4704 huiusmodi
2630 4637 2995 4721 sustineret,
3042 4636 3377 4704 anathema
3416 4642 3578 4704 tam-

753 4761 941 4826 quam
983 4746 1128 4828 post
1169 4741 1324 4808 illud
1367 4761 1494 4808 non
1538 4749 1704 4809 esset
1733 4744 1814 4810 ad
1843 4744 2287 4812 satisfactionis
2316 4743 2594 4811 debitum
2622 4741 3084 4831 compellendus
3112 4763 3355 4811 necnon
3383 4745 3579 4830 ipsius

751 4867 1190 4932 successorem,
1237 4849 1346 4934 qui
1387 4867 1513 4916 non
1559 4851 1949 4920 satisfaceret
1991 4851 2157 4918 infra
2200 4871 2478 4918 mensem
2492 4901 2512 4936 ,
2564 4870 2819 4918 monere
2864 4850 3281 4918 ecclesiastica
3322 4871 3581 4917 censura

751 4954 1109 5023 conclusum
1123 5003 1144 5041 ,
1190 4955 1388 5025 donec
1429 4957 1818 5028 satisfaceret
1862 4963 2289 5046 competenter
2332 4979 2477 5027 cum
2519 4959 2881 5063 succederet
2920 4959 2989 5024 in
3042 4977 3231 5026 onere
3284 4959 3395 5044 qui
3436 4959 3579 5026 sub-
