3892 5609
1329 284 1723 401 rmvmncni
1768 350 2159 399 canamus
2207 431 2215 443 ¹
2660 342 2663 347 ·
3016 340 3112 413 27
3124 340 3165 411 9

305 514 476 581 sedis
533 514 922 581 auctoritate.
1009 511 1078 581 Si
1136 514 1274 598 quis
1328 513 1524 597 igitur
1577 510 1762 577 huius
1821 518 2034 579 nostre
2094 512 2559 579 constitutionis
2615 512 2911 598 paginam
2966 513 3171 579 sciens

303 626 531 689 contra
575 640 712 687 eam
757 630 996 689 temere
1040 621 1256 689 venire
1299 618 1734 706 temptaverit,
1783 618 2055 685 secundo
2100 620 2366 687 tertiove
2408 619 2822 687 commonitus
2862 619 2988 686 nisi
3033 640 3171 688 rea-

304 733 445 795 tum
499 748 682 795 suum
739 748 1015 813 congrua
1069 728 1495 795 satisfactione
1551 726 1926 809 correxerit,
1985 728 2317 812 potestatis
2372 726 2751 811 honorisque
2808 727 2906 793 sui
2960 732 3173 793 careat

303 836 616 920 dignitate
661 855 961 922 reumque
1007 856 1076 903 se
1121 835 1334 901 divino
1381 833 1610 900 iudicio
1659 832 1930 899 existere
1975 833 2053 900 de
2084 840 2447 921 perpetrata
2476 834 2807 919 iniquitate
2838 839 3172 918 cognoscat

305 948 374 1010 et
418 963 459 1009 a
500 943 927 1011 sacratissimo
983 962 1244 1028 corpore
1289 962 1363 1007 ac
1407 940 1712 1025 sanguine
1769 941 1870 1007 dei
1925 946 1990 1007 et
2044 940 2282 1008 domini
2324 941 2743 1027 redemptoris
2786 942 2985 1008 nostri
3030 941 3173 1008 Iesu

305 1050 546 1119 Christi
593 1050 835 1119 alienus
879 1048 992 1117 fiat
1035 1055 1222 1134 atque
1264 1049 1332 1115 in
1379 1052 1660 1115 extremo
1707 1048 1997 1115 examine
2033 1048 2315 1116 districte
2346 1048 2668 1115 subiaceat
2694 1048 2936 1115 ultioni.
3008 1048 3171 1115 Con-

304 1163 632 1225 servantes
677 1162 889 1223 autem
932 1156 1049 1223 hec
1095 1156 1548 1242 omnipotentis
1595 1155 1694 1222 dei
1742 1161 1805 1222 et
1848 1156 2175 1223 beatorum
2207 1154 2380 1223 Petri
2426 1160 2491 1223 et
2518 1154 2699 1223 Pauli
2744 1154 3170 1243 apostolorum

303 1265 444 1333 eius
489 1264 988 1333 benedictionem
1032 1271 1097 1330 et
1140 1264 1410 1348 gratiam
1455 1266 1934 1348 consequantur.
2004 1265 2233 1349 Amen,
2278 1282 2483 1347 amen,
2531 1284 2733 1331 amen.

527 1372 664 1457 Ego
709 1372 1024 1439 Honorius
1068 1370 1371 1439 catholice
1415 1369 1676 1437 ecclesie
1721 1370 2053 1457 episcopus
2099 1366 2502 1459 subscripsi⁸.

528 1479 664 1563 Ego
712 1477 916 1547 Guido
959 1478 1366 1546 Prenestinus
1410 1477 1742 1565 episcopus
1787 1476 2150 1566 subscripsi.

530 1586 666 1671 Ego
711 1587 896 1673 Hugo
940 1586 1296 1654 Hostiensis
1341 1591 1407 1653 et
1432 1584 1816 1652 veletrensis
1861 1584 2194 1672 episcopus
2240 1585 2605 1673 subscripsi.

530 1694 666 1780 Ego
709 1695 908 1761 frater
950 1692 1247 1761 Nicolaus
1294 1691 1682 1759 Tusculanus
1729 1691 2060 1778 episcopus
2106 1692 2467 1781 subscripsi.

529 1801 666 1886 Ego
709 1800 840 1869 Leo
884 1800 1053 1869 tituli
1081 1803 1298 1867 sancte
1329 1800 1530 1867 crucis
1573 1799 1642 1865 in
1671 1797 2066 1866 Hierusalem
2097 1800 2409 1888 presbiter
2439 1801 2775 1868 cardinalis
2808 1799 3168 1885 subscripsi.

530 1908 666 1993 Ego
713 1907 918 1977 Guala
960 1910 1160 1975 sancti
1206 1906 1465 1973 Martini
1510 1905 1821 1992 presbiter
1878 1905 2215 1974 cardinalis
2260 1907 2429 1976 tituli
2473 1908 2716 1995 Equitii
2761 1907 3123 1993 subscripsi.

532 2015 668 2101 Ego
716 2015 1058 2100 Gregorius
1103 2014 1275 2083 tituli
1321 2018 1536 2081 sancte
1579 2014 1918 2081 Anastasio
1964 2015 2276 2101 presbiter
2322 2015 2661 2083 cardinalis
2706 2016 3069 2102 subscripsi.

530 2122 668 2208 Ego
715 2124 988 2190 Thomas
1032 2122 1202 2189 tituli
1248 2128 1464 2189 sancte
1509 2120 1742 2188 Sabine
1788 2121 2103 2208 presbiter
2146 2123 2485 2191 cardinalis
2530 2124 2893 2209 subscripsi.

531 2232 667 2315 Ego
715 2230 920 2298 Guido
967 2251 1017 2299 s.
1051 2230 1296 2298 Nicolai
1338 2231 1410 2297 in
1453 2248 1704 2297 carcere
1751 2228 2038 2295 Tulliano
2085 2228 2385 2297 diaconus
2426 2229 2761 2297 cardinalis
2808 2229 3171 2317 subscripsi.

529 2340 666 2425 Ego
712 2338 859 2407 Otto
905 2343 1267 2407 sanctorum
1313 2336 1518 2422 Sergii
1563 2340 1628 2403 et
1671 2335 1867 2403 Bachi
1913 2337 2215 2405 diaconus
2261 2338 2599 2406 cardinalis
2644 2338 3007 2424 subscripsi.

531 2446 667 2531 Ego
715 2444 1055 2531 Gregorius
1102 2429 1304 2513 sancti
1348 2444 1661 2541 Theodori
1703 2444 2002 2511 diaconus
2048 2444 2385 2513 cardinalis
2433 2446 2794 2531 subscripsi.

531 2554 667 2637 Ego
710 2554 1020 2621 Rainerus
1064 2560 1278 2621 sancte
1321 2552 1522 2620 Marie
1564 2552 1631 2619 in
1677 2550 2033 2619 Cosmedin.
2079 2552 2377 2620 diaconus
2422 2552 2757 2620 cardinalis
2804 2552 3167 2641 subscripsi.

530 2662 666 2747 Ego
691 2661 1070 2749 ,Stephanus
1115 2660 1318 2727 sancti
1357 2658 1629 2726 Adriani
1673 2659 1973 2726 diaconus
2020 2660 2356 2728 cardinalis
2402 2660 2763 2747 subscripsi.

531 2768 668 2854 Ego
711 2768 937 2837 Petrus
981 2790 1031 2835 s.
1067 2767 1320 2852 Georgii
1367 2767 1448 2834 ad
1489 2766 1700 2834 velum
1747 2786 2008 2834 aureum
2053 2767 2349 2836 diaconus
2396 2767 2731 2836 cardinalis
2777 2766 3139 2853 subscripsi.

529 2876 768 2943 Datum
811 2874 1111 2943 Laterani
1155 2895 1271 2962 per
1313 2894 1570 2939 manum
1615 2872 1934 2941 Wilhelmi
1990 2880 2206 2943 sancte
2252 2875 2529 2943 Romane
2583 2874 2843 2941 ecclesie
2886 2876 3169 2941 vicecan-

303 2982 545 3068 celarii,
587 2984 744 3050 xviii
772 2982 900 3051 kal.
934 2974 1244 3067 ianuarii,‘
1271 2980 1613 3048 indictione
1641 2981 1730 3065 ix,
1773 2983 2223 3050 incarnationis
2253 2984 2563 3051 dominice
2594 3002 2757 3049 anno
2802 2992 2894 3049 m⁰
2918 2990 3013 3049 cc‘·
3034 2991 3167 3065 ιω,

301 3090 708 3179 pontificatus
753 3091 989 3157 domini
1034 3089 1302 3157 Honorii
1346 3108 1514 3176 pape
1555 3089 1727 3155 tertii
1771 3108 1936 3157 anno
1982 3091 2221 3175 quinto.

521 3206 644 3257 Cum
667 3205 810 3257 dato:
852 3204 986 3256 1220
1021 3204 1139 3256 xviii
1165 3203 1270 3255 kal.
1293 3202 1506 3255 ianuarii
1539 3202 1711 3255 indict.
1735 3202 1813 3255 ixx
1851 3220 1914 3255 ex
1950 3204 2183 3270 originali
2216 3205 2298 3257 ed.
2335 3204 2541 3273 (Fedor)
2578 3205 2897 3258 Historisch-
2910 3202 3167 3271 diplomat.

305 3295 510 3347 Unterr.
536 3312 586 3346 n.
611 3294 698 3347 35.
721 3324 783 3334 —
810 3294 900 3357 IV,
925 3294 1114 3355 231v.;
1151 3291 1258 3345 1011.
1285 3292 1370 3343 44.
1401 3320 1460 3331 -—
1489 3292 1534 3343 E
1569 3292 1790 3359 copiario
1825 3308 1960 3345 saec.
1977 3310 2040 3344 xv
2066 3310 2179 3345 cum
2202 3295 2665 3361 subscriptionibus,
2702 3310 2831 3361 quae
2866 3293 2916 3345 in
2941 3292 3001 3345 Β.
3026 3301 3081 3344 et
3102 3293 3166 3345 B..

301 3384 506 3446 desunt,
541 3384 624 3436 ed.
647 3384 856 3435 Hennes
883 3382 1005 3436 Cod.
1030 3383 1138 3435 ord.
1155 3382 1335 3433 Theut.
1369 3381 1411 3443 Ι,
1446 3380 1516 3433 50
1551 3399 1603 3434 n.
1626 3380 1714 3433 49.
1766 3382 1902 3434 Ante
1936 3382 2206 3434 ediderunt
2240 3384 2507 3436 caorsinus
2546 3384 2599 3435 Ο.
2618 3382 2738 3444 'Ira
2776 3384 2972 3435 Senner
3002 3382 3063 3433 F.
3088 3383 3167 3443 iii;

301 3472 536 3525 Duellius
569 3473 702 3525 Hist-
737 3473 846 3525 ord.
871 3473 1051 3526 Theut.
1086 3472 1209 3538 dipl.
1247 3487 1365 3539 app.
1399 3472 1424 3521 l
1464 3488 1515 3523 n.
1540 3470 1592 3532 Ι;
1637 3470 1769 3523 male
1815 3488 1876 3522 ex
1924 3490 1997 3523 or.
2033 3472 2295 3523 Kotzebue
2332 3472 2517 3524 Gesch.
2542 3470 2815 3524 Preufsens
2852 3472 2903 3535 1,
2939 3472 3061 3537 35,1.
3100 3502 3163 3511 --

301 3562 366 3614 In
400 3562 770 3628 Regimontano
807 3563 1010 3615 archivo
1057 3568 1378 3614 asservantur
1411 3560 1510 3611 tria
1550 3567 1882 3611 transsumta:
1935 3561 1981 3612 1.
2020 3560 2417 3613 confirmationis
2455 3562 2519 3613 de
2562 3561 2697 3613 1417
2732 3579 2847 3629 aug.
2880 3562 2943 3613 12
2989 3568 3163 3613 aucto-

299 3651 456 3703 ritate
483 3660 538 3703 et
559 3652 652 3703 sub
677 3651 841 3718 sigillo
867 3650 1118 3703 Ger-hardi
1140 3648 1546 3702 Pomesanionsis
1569 3649 1794 3715 episcopi
1816 3648 1884 3701 ad
1907 3650 2206 3701 instanciam
2234 3648 2429 3702 Nicolai
2452 3650 2844 3718 Schouemborg,
2869 3658 3163 3719 procurato·-

299 3740 376 3791 ris
407 3740 659 3806 magistri,
707 3758 800 3807 per
836 3738 960 3792 duos
995 3739 1218 3791 notarios
1254 3738 1536 3791 confecmm
1570 3739 1620 3790 d.
1649 3738 1698 3790 d.
1738 3738 1873 3789 1426
1908 3738 2019 3791 dec.
2045 3738 2117 3789 20
2160 3740 2213 3790 in
2250 3748 2415 3792 castro
2448 3748 2621 3792 nostro
2655 3740 3059 3793 Matienwerder.
3102 3769 3161 3778 --

301 3828 358 3881 2.
399 3828 641 3881 Eiusdem
675 3828 1062 3881 confirmationis
1097 3828 1393 3880 auctoritate
1437 3834 1492 3878 et
1535 3828 1628 3877 sub
1665 3826 1828 3894 sigillo
1863 3828 2103 3880 Iohannis
2137 3826 2539 3881 Pomesaniensis
2588 3830 2813 3895 episcopi
2856 3830 2923 3880 ad
2966 3830 3163 3881 instan-

300 3914 434 3969 ciam
459 3918 692 3984 Caspai-is
715 3918 894 3981 Linke,
931 3916 1182 3985 capellani
1215 3922 1269 3967 et
1302 3915 1500 3982 syndici
1534 3916 1776 3982 magistri,
1811 3932 1906 3983 per
1941 3917 2191 3969 notarium
2222 3916 2493 3968 Martinam
2516 3916 2685 3967 Alwer
2720 3916 2785 3968 de
2806 3917 2999 3969 Dirsaw
3038 3916 3087 3968 d.
3112 3917 3163 3968 d.

303 4005 448 4059 1438
483 4015 612 4072 sept.
637 4006 707 4057 26
740 4008 793 4057 in
830 4016 994 4059 castro
1029 4015 1201 4058 nostro
1235 4004 1566 4071 Resemburg.
1595 4032 1656 4042 —-
1695 4005 1746 4057 3.
1783 4006 2097 4058 'l'ranssumti
2131 4006 2240 4058 sine
2277 4005 2414 4067 dato,
2452 4005 2586 4071 quod
2621 4004 2891 4072 sigillatum
2928 4014 3037 4057 erat
3071 4023 3165 4074 per

298 4094 569 4148 Nicolaum
603 4094 736 4148 tituli
759 4096 920 4149 sancti
945 4094 1150 4147 Eusebii
1185 4103 1238 4146 et
1260 4093 1482 4146 Vitalcm
1515 4092 1648 4144 tituli
1683 4110 1724 4145 s.
1747 4092 1955 4146 Martini
1990 4094 2040 4146 in
2064 4096 2315 4148 montibus
2353 4095 2676 4161 presbyteros
2702 4094 3011 4159 cardinales„
3038 4096 3159 4147 sub-

300 4184 546 4252 scriptum
591 4202 685 4251 per
727 4185 950 4238 notarios
994 4184 1268 4238 Iohannem
1304 4182 1446 4235 Petri
1483 4182 1730 4234 Gualterii
1774 4182 1840 4235 de
1875 4182 2264 4250 Aquamundula
2275 4221 2292 4246 ,
2338 4182 2545 4235 Petrum
2580 4183 2819 4235 Iohannis
2856 4182 2921 4234 de
2945 4184 3161 4246 Verulis,

295 4272 604 4325 Michaelem
625 4274 866 4326 Ludorici
901 4273 966 4325 dc
989 4272 1336 4333 Summervelt,
1375 4272 1645 4338 sigillat-um
1679 4288 1774 4339 per
1795 4270 2070 4325 Henricum
2087 4272 2558 4325 wladislaviensem
2592 4282 2646 4324 et
2679 4272 2955 4326 Iohannem
2988 4272 3159 4325 Rora-

293 4364 514 4415 liensem
547 4363 810 4431 episcopos
847 4380 907 4415 ac
939 4362 1217 4415 Iohannem
1251 4362 1487 4413 abbatem
1522 4356 1928 4427 Pclpelinensem
1972 4370 2181 4429 petente
2202 4362 2539 4414 Wennemaro
2577 4363 2641 4414 de
2675 4362 3013 4432 Bruggenoye
3048 4380 3158 4414 ma·-

297 4452 464 4521 gistro
511 4469 602 4518 per
637 4452 896 4509 Livoniam
908 4490 923 4514 ,
969 4453 1209 4519 scriptum
1253 4468 1345 4517 per
1380 4449 1642 4501 Nicolaum
1685 4450 1749 4502 de
1783 4450 2033 4501 Pantelitz
2070 4450 2422 4503 Roskildensis
2470 4451 2682 4503 diocesis
2728 4452 2978 4503 notarium
3026 4452 3075 4503 d.
3110 4452 3160 4503 d.

301 4540 444 4593 1393
480 4541 598 4592 maii
627 4540 697 4592 29
733 4541 784 4592 in
821 4542 1056 4593 suburbio
1093 4540 1246 4593 castri
1265 4538 1632 4591 Marionborch.
1663 4570 1723 4577 -
1753 4538 1876 4591 Oum
1912 4539 2057 4590 dato:
2102 4540 2235 4591 1227
2266 4558 2297 4589 r
2325 4539 2428 4591 kal.
2454 4541 2655 4607 augusti
2690 4541 2795 4593 ind.
2820 4558 2885 4592 xv
2910 4541 3159 4607 Anagnia.

295 4630 484 4684 Latine
521 4638 574 4681 et
597 4630 896 4682 Germanice
930 4630 995 4682 A.
1019 4630 1090 4681 20
1124 4648 1174 4681 ιι.
1200 4628 1269 4680 79
1306 4646 1416 4680 cum
1451 4634 1573 4679 nota
1614 4628 1879 4695 „Gregorii
1912 4628 2075 4681 simile
2110 4629 2163 4680 in
2186 4628 2623 4697 Mergentheym“.
2679 4630 2782 4681 Sed
2817 4628 2965 4682 facile
3001 4637 3159 4697 patet,

295 4720 519 4773 scribam
553 4719 651 4771 duo
676 4718 849 4771 similis
873 4718 1062 4771 tenoris
1084 4718 1349 4785 privilegia
1371 4716 1582 4769 alterum
1606 4716 1816 4769 Honorii
1840 4718 1916 4770 111
1952 4718 2165 4770 alterum
2193 4718 2425 4785 Gregorii
2448 4718 2521 4769 IX
2558 4718 2609 4770 in
2644 4736 2798 4769 unum
2834 4718 3159 4770 conferi-umi-

294 4826 469 4861 nasse.
493 4836 544 4847 -
586 4807 645 4860 In
679 4807 1028 4875 designatione
1050 4806 1360 4859 Mitoviensis
1385 4806 1573 4859 archivi
1595 4806 1827 4859 Holmiae
1857 4806 2101 4859 asservati
2130 4824 2213 4873 ap.
2233 4807 2468 4859 Schirren
2496 4807 2531 4859 l.
2548 4824 2591 4859 c.
2615 4806 2714 4859 127
2734 4808 2937 4858 citatur:
2975 4806 3159 4871 „1220.

295 4898 719 4963 Transsumptum
752 4896 920 4949 bullae
943 4896 1154 4949 Honor-ii
1175 4896 1268 4959 ΙΙΙ,
1304 4897 1356 4949 in
1393 4914 1493 4963 qua
1527 4896 1808 4948 continetur
1830 4896 1993 4963 prima
2014 4896 2242 4949 fundatio
2266 4904 2319 4949 et
2340 4896 2650 4950 confirmatio
2674 4894 2861 4949 ordinis
2884 4896 3160 4958 Teutonici,

297 5005 414 5040 cum
437 4986 695 5037 beneficiis
721 4994 773 5038 et
794 4985 971 5053 gratiis
994 4994 1221 5052 tempore
1243 4985 1523 5037 Hei-manni
1544 4985 1690 5051 primi
1714 4985 1941 5052 magistri
1965 4986 2087 5052 ipsis
2113 4986 2414 5039 concessis“.
2526 4988 2571 5037 l.
2611 4988 2635 5038 1
2659 4986 2770 5047 Cor.
2790 4984 2841 5047 3,
2861 4985 2910 5038 7.
3018 4985 3069 5037 2.
3092 4984 3158 5036 Κ.

296 5084 452 5144 pacto
476 5074 536 5138 1¹¹,
560 5074 629 5138 H,
655 5074 753 5126 Du.
879 5074 930 5126 3.
967 5092 1007 5127 s.
1033 5090 1082 5141 q.
1109 5074 1166 5126 F.
1289 5074 1342 5125 4.
1376 5074 1442 5125 K.
1467 5074 1575 5147 quis
1600 5074 1658 5136 1³¹,
1683 5074 1751 5125 H.
1876 5074 1927 5125 5.
1963 5074 2029 5126 K.
2054 5074 2277 5147 minuere
2300 5076 2359 5129 F.
2484 5074 2534 5128 6.
2571 5076 2629 5127 F.
2655 5076 2847 5143 potius:
2884 5074 3158 5127 subscribo.
