3892 5609
1140 356 1368 401 TBRRA
1415 354 1698 411 sANQ‘rA.
1768 356 2100 402 ARMENIA.
2172 354 2437 403 crpnus
3128 346 3220 415 77

359 507 482 579 99.
532 512 712 579 1244
755 513 906 578 iulii
929 514 974 577 7
1005 512 1242 579 Accon.
1312 512 1580 579 Iacobus
1625 516 1702 579 de
1731 515 2109 601 Amiqdalia
2156 516 2319 581 locat
2360 517 2578 581 domui
2618 516 2949 603 hospitalis
2983 516 3055 582 S.
3080 518 3228 583 Ma-

533 622 672 683 riae
721 619 1244 685 Theutom'eorum
1287 622 1671 685 medietatem
1715 623 2029 686 Maronis.

578 742 647 808 In
695 745 948 811 nomine
995 744 1196 831 patris
1243 750 1308 810 et
1349 744 1464 809 filii
1525 751 1587 811 et
1631 745 1892 831 spiritus
1939 747 2159 811 sancti.
2220 744 2447 810 Amen.
2526 742 2761 810 Notum
2808 746 2894 813 sit
2938 747 3227 813 omnibus

349 856 488 915 tam
533 851 928 935 presentibus
976 872 1166 936 quam
1197 851 1449 934 futuris,
1498 852 1664 936 quod
1696 872 1810 934 ego
1841 852 2102 918 Iacobus
2134 853 2211 917 de
2240 850 2604 939 Amigdalia
2646 873 2763 938 pro
2810 874 2912 918 me
2958 859 3021 919 et
3066 854 3225 920 meis

351 956 686 1023 heredibus
744 958 822 1024 de
878 956 1046 1023 bona
1101 962 1164 1023 et
1217 958 1496 1041 gratuita
1541 958 1862 1024 voluntate
1922 959 2084 1024 dono
2144 965 2208 1025 et
2262 958 2535 1024 concedo
2589 958 2773 1024 fratri
2817 958 3091 1045 Heurico
3148 961 3225 1026 (10

351 1062 638 1130 Ηο1110011
684 1065 1028 1130 venerabili
1083 1065 1388 1148 magistro
1437 1066 1656 1131 domus
1703 1066 2035 1151 hospitalis
2082 1071 2295 1132 sancte
2340 1064 2539 1131 Marie
2586 1065 3108 1132 Theotonicorum
3163 1072 3227 1133 et

350 1170 652 1236 fi-atribus
701 1171 978 1237 eiusdem
1011 1172 1231 1237 domus
1279 1178 1344 1237 et
1373 1192 1590 1238 eorum
1621 1172 2083 1239 successoribus
2116 1192 2230 1257 pro
2262 1173 2446 1238 domo
2488 1192 2703 1238 eorum
2750 1174 3035 1258 predicta
3078 1194 3225 1259 par-

352 1280 483 1343 tem
528 1298 734 1343 meam
765 1276 1056 1343 videlicet
1089 1278 1490 1345 medietatem
1522 1278 1799 1345 Maronis
1849 1280 2239 1345 etomnium
2283 1280 2811 1364 pertinentiarum
2856 1300 3109 1345 suarum
3156 1280 3225 1345 in

353 1384 750 1450 excambium
795 1404 908 1450 seu
952 1391 1325 1470 perpetuam
1368 1386 1744 1451 locationem
1790 1407 1905 1472 pro
1939 1386 2180 1453 duobus
2217 1386 2467 1452 milibus
2516 1392 2580 1452 et
2619 1386 2975 1471 quingentis
3013 1387 3224 1459 bisan-

350 1492 460 1556 tiis
507 1492 956 1575 sarracenatis,
1016 1512 1172 1575 quos
1218 1491 1516 1558 debemus
1561 1492 1839 1579 recipere
1887 1514 2001 1575 ego
2050 1499 2113 1558 et
2157 1493 2417 1559 heredes
2464 1494 2589 1558 mei
2635 1492 2831 1559 libere
2880 1500 2945 1559 et
2990 1494 3225 1578 absque

349 1596 481 1663 ullo
528 1599 790 1664 servicio
837 1598 904 1663 in
935 1597 1153 1664 Accon
1197 1599 1297 1664 vel
1342 1600 1409 1664 in
1455 1604 1681 1683 castr0,
1733 1600 1899 1683 quod
1944 1601 2175 1666 dicitur
2220 1600 2542 1683 Montfort,
2592 1600 2913 1666 annuatim
2963 1600 3039 1666 de
3086 1600 3223 1666 the·

351 1724 540 1769 sauro
586 1705 808 1771 domus
851 1706 1152 1792 predicte,
1201 1705 1277 1771 de
1308 1707 1509 1772 tribus
1543 1705 1782 1772 scilicet
1825 1708 1891 1772 in
1922 1712 2051 1773 tres
2082 1727 2330 1772 menses
2364 1711 2647 1773 secentos
2694 1712 2757 1771 et
2786 1707 3009 1789 viginti
3041 1708 3224 1791 quin-

352 1832 476 1895 que
519 1800 823 1878 bisantios
861 1812 1307 1879 sarracenatos
1355 1814 1436 1879 ad
1482 1814 1726 1899 pondus
1760 1813 1976 1879 Accon
2020 1814 2136 1878 tali
2181 1814 2557 1896 conditione,
2605 1814 2791 1898 quod,
2839 1816 2893 1879 si
2940 1812 3224 1899 predicta

350 1916 575 1984 domus
623 1918 902 1987 differret
946 1941 1060 2006 per
1103 1940 1216 1986 sex
1263 1940 1508 1985 menses
1555 1927 1619 1987 et
1648 1922 1874 2005 viginti
1905 1920 2039 1986 dies
2087 1919 2328 1986 solvere
2372 1920 2529 1985 mihi
2577 1926 2641 1985 et
2684 1918 3015 1986 heredibus
3064 1920 3221 1985 meis
3275 2008 3290 2015 -

348 2026 668 2111 predictos
714 2025 1039 2111 bisanti08,
1087 2027 1229 2113 ipsa
1259 2027 1479 2093 domus
1525 2034 1773 2094 tenetur
1819 2028 1977 2094 mihi
2022 2033 2087 2093 et
2131 2028 2287 2093 meis
2334 2027 2667 2096 heredibus
2713 2027 2863 2093 dare
2908 2025 3081 2092 mille
3128 2026 3225 2093 bi-

350 2132 590 2198 santios
647 2152 763 2218 pro
822 2153 989 2219 pena
1039 2134 1209 2199 ultra
1265 2134 1569 2201 bisantios
1623 2134 1752 2201 illis
1811 2156 1921 2201 sex
1971 2134 2291 2201 mensibus
2350 2133 2505 2198 mihi
2562 2139 2625 2199 et
2682 2134 2840 2199 meis
2886 2133 3220 2199 heredibus

349 2238 820 2324 persolvendos
905 2238 971 2306 Si
1033 2246 1242 2307 autem
1297 2261 1410 2326 per
1470 2262 1704 2307 annum
1759 2243 2078 2325 integrum
2136 2246 2199 2307 et
2245 2240 2467 2323 viginti
2527 2240 2659 2306 dies
2718 2238 2997 2306 differret
3052 2240 3224 2305 dicta

352 2345 574 2412 domus
622 2344 862 2412 solvere
907 2347 1065 2412 mihi
1123 2353 1186 2413 et
1242 2348 1398 2413 meis
1456 2348 1788 2415 heredibus
1836 2348 2142 2414 bisantios
2188 2347 2535 2413 antedictos
2594 2352 2658 2413 et
2700 2347 2871 2413 mille
2918 2346 3221 2413 bisantios

347 2472 514 2539 pene
559 2453 948 2539 supradicte,
1010 2474 1122 2537 ego
1170 2458 1233 2519 et
1276 2455 1535 2520 heredes
1581 2456 1705 2520 mei
1753 2456 2101 2541 poterimus
2143 2452 2318 2519 licite
2363 2454 2603 2519 intrare
2648 2455 2713 2518 in
2760 2454 3221 2539 possessionem

349 2558 708 2625 medietatis
739 2558 1017 2627 Maronis
1065 2565 1128 2626 et
1159 2563 1438 2627 omnium
1467 2562 1999 2647 pertinenciarum
2046 2581 2301 2627 suarum
2348 2564 2653 2645 tanquam
2696 2561 2763 2625 in
2807 2561 3220 2626 hereditatem

349 2686 559 2731 meam
614 2667 851 2751 absque
904 2669 1074 2733 omni
1129 2669 1579 2753 impedimento
1639 2676 1702 2735 et
1755 2669 2248 2734 contradictione
2307 2667 2668 2753 supradicto
2726 2668 3051 2733 excambio
3108 2686 3221 2731 seu

349 2779 658 2858 perpetua
699 2771 1038 2840 1000110110ι
1081 2777 1334 2860 penitus
1383 2774 1750 2857 anichilata3
1799 2782 1864 2841 et
1910 2775 2037 2840 alia
2082 2774 2385 2840 medietas
2420 2772 2699 2839 Maronis
2744 2794 2883 2839 cum
2931 2773 3219 2839 omnibus

347 2881 748 2965 pertinentiis
796 2882 926 2947 suis
973 2882 1093 2947 erit
1137 2882 1292 2946 mihi
1341 2887 1405 2947 et
1447 2882 1606 2947 meis
1647 2881 1981 2947 heredibus
2014 2881 2291 2964 obligata
2334 2882 2472 2947 iure
2516 2880 2798 2966 pignoris
2844 2902 2959 2966 pro
3006 2880 3219 2947 bisan-

351 2987 485 3071 ciis,
535 3008 690 3070 quos
736 3008 849 3073 per
882 3008 1116 3054 annum
1161 2988 1513 3074 predictum
1549 2989 1877 3056 debuimus
1921 2990 2204 3074 recipere
2251 3007 2364 3071 ego
2412 2994 2476 3053 et
2518 2988 2779 3053 heredes
2826 2988 2951 3052 mei
2984 3007 3022 3052 a
3050 2987 3221 3053 dicta

347 3093 534 3158 domo
579 3078 832 3160 ratione·
870 3095 1180 3160 excambii
1227 3116 1338 3161 seu
1383 3095 1712 3161 locationis
1759 3100 2062 3181 perpetue
2094 3095 2426 3177 antedicte,
2475 3099 2539 3159 et
2581 3114 2693 3179 pro
2726 3094 2898 3159 mille
2930 3094 3219 3160 bisantiis

347 3220 510 3287 pene
556 3202 842 3286 superius
889 3208 1254 3286 memorate,
1303 3224 1490 3287 quam
1524 3202 1822 3268 debemus
1853 3208 2068 3267 tenere
2100 3222 2214 3285 ego
2256 3206 2319 3267 et
2348 3200 2607 3267 heredes
2641 3202 2785 3284 mei,
2834 3200 3031 3266 donec
3075 3220 3219 3285 per-

349 3308 631 3393 cepimus
677 3309 754 3374 de
800 3309 1210 3395 proventibus
1255 3310 1454 3394 ipsius
1487 3310 1844 3375 medietatis
1877 3309 2271 3395 supradictos
2301 3308 2605 3374 bisantios
2638 3308 2947 3373 excambii
2979 3307 3219 3373 80111001

347 3434 509 3500 pene
543 3414 643 3479 vel
689 3415 869 3481 aliter
915 3416 1094 3483 nobis
1127 3436 1166 3481 a
1196 3416 1366 3481 dicta
1395 3416 1580 3481 domo
1615 3417 1692 3482 de
1736 3417 1894 3502 ipsis
1941 3415 2237 3481 bisanciis
2283 3415 2474 3479 fuerit
2520 3413 2939 3494 satisfactum3
2990 3413 3217 3498 quibus

347 3520 582 3586 habitis
616 3521 714 3587 vel
759 3524 1074 3609 perceptis
1120 3523 1290 3589 dieta
1333 3524 1637 3589 medietas
1675 3524 1751 3587 ad
1785 3522 2019 3587 dictam
2052 3522 2307 3587 domum
2338 3525 2710 3603 revertetur,
2758 3526 2839 3603 et,
2888 3522 2942 3585 si
2990 3519 3217 3605 aliquis

349 3628 540 3694 vellet
584 3649 696 3694 nos
741 3630 1077 3715 impedire,
1139 3630 1304 3715 quod
1347 3650 1472 3695 non
1518 3650 1846 3716 possemus
1893 3628 2258 3714 supradicta
2300 3628 2535 3709 facere,
2596 3628 2771 3693 curia
2814 3628 2991 3710 regia
3034 3627 3220 3693 debet

347 3755 464 3800 1108
509 3736 726 3801 iuvare
774 3736 853 3801 ad
898 3737 1254 3803 faciendum
1301 3737 1665 3823 supradicta
1710 3742 1772 3801 et
1807 3756 2057 3801 omnem
2090 3735 2218 3800 vim
2264 3753 2639 3799 ammovere.
2713 3732 2783 3799 Si
2828 3739 3041 3799 autem
3085 3754 3217 3799 me-

349 3842 551 3907 dietas
597 3862 738 3908 mea
775 3842 1053 3909 Maronis
1101 3844 1182 3909 ad
1226 3865 1327 3909 me
1373 3850 1438 3909 et
1482 3844 1562 3908 ad
1609 3843 1868 3909 heredes
1915 3862 2088 3907 meos
2134 3842 2465 3923 revenerit,
2516 3860 2627 3922 ego
2678 3844 2741 3904 et
2784 3839 3045 3905 heredes
3090 3841 3217 3905 mei

347 3949 647 4015 debemus
692 3950 898 4015 facere
945 3950 1106 4017 dicte
1153 3951 1368 4017 domui
1410 3950 1812 4016 medietatem
1859 3949 2128 4032 servicii,
2178 3948 2345 4033 quod
2390 3947 2649 4013 debetur
2693 3966 2809 4032 pro
2850 3944 3109 4013 Marone
3155 3951 3220 4013 01

347 4054 756 4141 pertinenciis
811 4057 961 4122 81118.
1048 4056 1116 4123 Si
1163 4078 1308 4123 vero
1355 4058 1526 4123 dicta
1570 4057 1792 4122 domus
1847 4075 1961 4141 per
2006 4075 2299 4138 guerram
2362 4054 2494 4119 sive
2556 4053 2699 4119 alio'
2737 4052 2923 4118 modo
2982 4054 3217 4137 absque
3322 4054 3341 4109 ’-

349 4161 536 4247 eulpa
581 4181 696 4226 sua
741 4164 1026 4230 amiserit
1063 4170 1298 4231 terram
1330 4164 1607 4230 Maronis
1637 4163 1738 4229 vel
1782 4164 1848 4228 in
1894 4168 2077 4248 parte
2106 4163 2205 4227 vel
2234 4162 2301 4226 in
2334 4166 2485 4244 tote,
2530 4160 2640 4225 fiet
2684 4160 3017 4226 diminutio
3065 4160 3218 4227 duo-

347 4288 488 4333 rum
552 4268 796 4336 milium
854 4276 918 4336 et
973 4272 1455 4356 quingentorum
1513 4270 1928 4337 bisantiorum
1994 4269 2497 4355 supradictorum
2565 4267 2747 4333 iuxta
2800 4268 3217 4351 quantitatem

347 4370 742 4441 medietatis'
786 4382 954 4442 terre
1001 4378 1249 4462 amisse,
1298 4379 1526 4443 iudicio
1575 4384 1639 4444 et
1685 4377 1946 4442 arbitrio
1984 4376 2301 4441 communi
2345 4375 2688 4440 amicorum
2721 4380 2853 4439 tota
2883 4381 3053 4439 terra
3082 4372 3218 4439 Ma-

347 4484 520 4549 ronis
568 4488 633 4549 et
675 4484 1196 4569 pertinentiarum
1245 4504 1500 4550 suarum
1547 4484 1628 4549 ad
1655 4484 1933 4565 valorem
1984 4484 2258 4567 quinque
2302 4481 2549 4546 milium
2595 4480 3009 4546 bisantiorum
3057 4482 3216 4545 exti-

347 4595 541 4656 mata.
619 4590 723 4656 Ad
768 4591 945 4657 cuius
988 4592 1084 4657 rei
1129 4595 1497 4657 memoriam
1559 4611 1674 4675 030
1732 4591 2053 4677 predictus
2099 4588 2358 4655 Iacobus
2412 4608 2671 4674 presens
2719 4587 3025 4671 scriptum
3068 4587 3217 4653 inde

347 4696 440 4763 eis
485 4695 624 4762 fieri
667 4697 789 4763 feci
834 4698 1040 4782 sigillo
1087 4718 1226 4764 meo
1273 4697 1567 4784 plumbeo
1612 4698 1913 4783 pendenti
1970 4702 2033 4762 et
2083 4694 2443 4761 testimonio
2489 4696 2656 4761 infra
2700 4695 3077 4779 scriptorum
3122 4694 3216 4758 vi-

347 4824 566 4869 rorum
609 4805 956 4871 munimine
1001 4804 1384 4871 roboratum.
1455 4804 1658 4870 Huius
1703 4810 1914 4870 autem
1962 4803 2055 4869 rei
2100 4806 2292 4869 testes
2340 4807 2487 4868 sunt
2516 4800 2839 4867 Conradus
2886 4800 2963 4864 de
2992 4799 3215 4883 Nass0,

347 4931 615 4993 magnus
661 4917 1022 4997 preceptor3
1079 4910 1461 4978 Guernerius
1509 4911 1586 4978 de
1631 4910 2027 4995 Mereberch,
2075 4910 2569 4991 mareschalcus3
2629 4906 2999 4990 GunteriuS,
3049 4926 3217 4973 com·
3294 4984 3315 4993 -

349 5017 682 5085 mendator
723 5018 986 5105 Apulie;
1043 5018 1352 5086 Iohannes
1411 5018 1489 5085 de
1533 5018 1818 5097 Nifland,
1882 5017 2259 5085 castellanus
2303 5016 2537 5085 Montis
2594 5016 2809 5097 fortis;
2868 5014 3215 5097 Conradus,
