3892 5609
1075 46 1081 60 '
1170 66 1187 108 x

1118 295 1349 344 'ranna
1394 295 1678 345 sanem.
1747 297 2080 346 Amnum.
2151 295 2420 346 errans
3054 284 3090 354 1
3103 283 3201 356 23

336 455 587 522 emendi
629 475 747 542 per
788 459 993 522 totum
1037 474 1303 539 regnum
1346 455 1981 541 lherosolimitanum,
2027 461 2092 523 et
2135 455 2192 522 si
2235 455 2459 521 domus
2501 459 2722 522 nostra
2763 455 2880 522 hec
2921 415 3209 542 predicta

332 562 403 628 in
447 561 605 628 locis
648 561 953 650 predictis
996 581 1125 628 non
1178 568 1398 649 posset
1449 563 1765 650 recipere,
1819 563 2089 650 recipiat
2143 562 2212 628 in
2255 561 2640 628 Iherusalem
2684 561 2786 628 vel
2829 561 3086 628 Acchon
3137 561 3206 628 in

330 668 549 736 funda.
2299 665 2499 753 [1177
2550 673 2668 736 oct.
2705 670 2780 736 17
2829 689 2894 754 p.
2929 670 2970 734 9
3014 689 3077 734 n.
3113 665 3201 753 8.]

547 808 630 860 De
666 808 813 860 domo
848 808 985 874 regis
1021 807 1299 875 Βωᾶιιίιιῑ)
1334 799 1389 860 iri
1424 809 1714 862 Ierusalem.
1804 793 1962 860 Item
2015 793 2362 879 imperator
2413 792 2770 860 Friderieus
2827 793 2936 859 dat
2991 791 3226 870 domui.

332 899 591 966 domum
626 899 941 984 quandam
986 899 1155 984 regis
1191 899 1506 983 quondam
1534 899 1828 967 Balduini
1872 901 1941 967 in
1971 899 2357 967 [herusalem
2403 907 2466 967 et
2495 919 2607 966 sex
2637 905 2994 966 carrucatas
3037 905 3206 966 terre

330 1007 404 1072 in
448 1007 769 1073 territorio
815 1007 1095 1073 eiusdem
1144 1007 1423 1074 civitatis
1468 1012 1533 1073 et
1577 1006 1863 1092 domum,
1924 1027 2112 1092 quam
2165 1006 2522 1075 habuerunt
2563 1007 2792 1072 fratres
2838 1005 3207 1074 Theutonici

334 1117 487 1181 ante
514 1113 919 1182 amissionem
950 1119 1137 1197 terre,
1184 1132 1328 1180 cum
1360 1115 1649 1181 omnibus
1680 1115 2110 1202 pertinenciis,
2154 1114 2397 1180 iuribus
2427 1119 2492 1180 et
2519 1112 3020 1199 possessionibus
3053 1113 3202 1179 suis.

2259 1218 2464 1305 [1229
2509 1220 2693 1306 april.
2739 1240 2803 1306 p.
2838 1221 2924 1287 55
2967 1241 3032 1284 n.
3066 1217 3200 1303 69.]

548 1341 629 1393 Do
664 1343 871 1394 Arabia.
940 1325 1100 1394 Item
1146 1327 1413 1393 emimus
1442 1325 1747 1393 Arabiam
1796 1347 1940 1394 eum
1987 1327 2277 1394 omnibus
2321 1327 2722 1413 pertinentiis
2767 1327 2920 1409 suis,
2969 1325 3208 1393 scilicet

330 1432 695 1517 Bethenne,
754 1431 1025 1517 Mizera,
1080 1432 1389 1520 Miscalyn
1436 1453 1476 1499 a
1520 1433 1775 1500 domina
1808 1432 2106 1501 Ysabella
2149 1434 2228 1500 de
2271 1432 2549 1501 Bethsan
2605 1438 2670 1500 et
2713 1453 2753 1500 a
2795 1434 3025 1499 marito
3071 1433 3206 1500 eius

334 1559 452 1626 pro
498 1559 695 1612 mmm
740 1544 806 1605 et
836 1540 914 1606 dc
943 1539 1234 1606 bisantiis
1280 1545 1345 1606 et
1389 1539 1608 1607 eadem
1654 1541 1912 1608 domina
1956 1541 2133 1608 dedit
2173 1541 2356 1607 nobis
2400 1541 2470 1606 in
2514 1539 2962 1606 helemosinam
3011 1539 3207 1625 quod-

335 1646 482 1712 dam
528 1645 755 1729 casale,
802 1645 969 1730 quod
997 1653 1259 1714 vocatur
1286 1645 1608 1713 Zachanin
1652 1667 1793 1713 cum
1840 1648 2248 1733 pertinenciis
2295 1647 2446 1713 suis.
2521 1643 2724 1730 [1234
2769 1667 2832 1734 p.
2860 1649 2940 1713 61
2976 1667 3038 1712 n.
3069 1643 3202 1730 77.]

546 1785 628 1838 Do
665 1786 899 1838 οοωοι.
973 1770 1130 1838 Item
1178 1771 1435 1837 domina
1463 1769 1707 1838 Iuliana
1736 1771 1814 1836 de
1844 1769 2116 1838 Cesarea
2161 1771 2336 1839 dedit
2378 1771 2593 1838 domui
2623 1771 2862 1854 domos,
2908 1791 3028 1855 que
3071 1769 3206 1836 fue-

336 1879 490 1942 runt
517 1873 772 1959 Georgii
802 1873 1195 1961 Lorrinnive,
1244 1883 1308 1944 et
1334 1877 1590 1943 woltam
1621 1876 1929 1944 Bernardi
1970 1877 2232 1945 Falcille
2275 1897 2418 1944 cum
2465 1879 2754 1944 omnibus
2800 1877 3207 1964 pertinenciis

338 1982 473 2048 suis
518 1987 583 2049 et
625 1983 963 2068 gastinam,
1009 2004 1131 2070 que
1176 1989 1273 2051 est
1314 1984 1481 2051 inter
1523 1984 1698 2070 ipsas
1742 1983 1961 2076 domos
2007 1989 2072 2051 et
2115 1985 2340 2050 turrim
2377 1983 2652 2068 Mallart,
2697 2005 2841 2050 cum
2884 1983 3098 2070 platea
3143 1989 3208 2049 et

337 2089 531 2156 aliam
574 2109 839 2176 parvam
884 2095 1144 2175 turrem,
1190 2111 1313 2176 que
1358 2095 1455 2158 est
1498 2091 1791 2177 opposita
1832 2091 1901 2156 in
1945 2095 2214 2157 cantone
2257 2091 2532 2157 civitatis
2579 2111 2619 2156 a
2661 2096 2849 2178 porta
2893 2089 3200 2156 orientali.

2287 2193 2490 2280 [1206
2535 2196 2691 2264 febr.
2739 2217 2803 2284 p.
2837 2199 2922 2264 32
2967 2219 3029 2264 n.
3061 2194 3200 2281 40.]

550 2335 631 2388 De
664 2335 867 2402 Noyam
901 2345 957 2388 et
990 2335 1164 2388 Soffia.
1241 2320 1399 2387 Item
1446 2322 1667 2388 domus
1716 2323 1871 2388 emit
1912 2321 2201 2407 Nohyam
2246 2325 2311 2388 et
2355 2319 2616 2388 Soffiam
2663 2341 2702 2388 a
2745 2371 2762 2386 .
2791 2370 2808 2387 .
2836 2371 2852 2388 .
2880 2370 2896 2386 .
2943 2341 3059 2408 pro
3105 2339 3204 2387 se-

336 2431 510 2520 ptem
556 2426 810 2493 milibus
856 2431 921 2493 et
965 2445 1001 2493 c
1044 2427 1351 2494 bisantiis.
1614 2479 1651 2514 Ι.
2171 2425 2342 2512 [ante
2383 2429 2582 2508 12393
2631 2428 2707 2494 ef.
2739 2447 2803 2514 p.
2838 2428 2922 2494 69
2969 2447 3031 2492 n.
3066 2425 3200 2512 87.]

551 2547 631 2600 De
667 2557 805 2600 terra
840 2549 980 2602 iuxta
1012 2549 1201 2602 flumen
1236 2551 1425 2604 Aeson.
1500 2533 1655 2601 Item
1708 2536 2057 2621 imperator
2099 2533 2457 2600 Fridericus
2503 2535 2678 2602 dedit
2729 2533 2910 2601 nobis
2967 2538 3205 2600 terram

334 2641 517 2706 iuxta
562 2637 824 2706 fiuvium
868 2640 1124 2706 Acchon
1170 2641 1391 2708 subtus
1437 2646 1734 2709 turonum
1779 2641 1858 2708 de
1902 2647 2040 2708 orto
2085 2641 2324 2707 domini
2370 2641 2650 2728 episcopi
2700 2661 2900 2726 usque
2946 2641 3026 2708 ad
3069 2646 3206 2706 tur-

336 2746 461 2812 rim
505 2747 709 2812 sancti
754 2747 1035 2834 spiritus.
2318 2744 2512 2832 [1231
2566 2747 2698 2816 dec.
2745 2767 2809 2834 p.
2845 2748 2933 2815 60
2975 2768 3038 2813 n.
3068 2745 3203 2832 76.]

551 2885 631 2937 De
667 2887 787 2939 ortis
834 2887 1058 2953 episcopi
1100 2886 1153 2938 in
1188 2887 1376 2938 Ancon.
1467 2870 1627 2939 Item
1684 2871 2016 2960 episcopus
2062 2871 2491 2939 Acchonensis
2546 2871 2720 2939 dedit
2776 2871 2991 2938 domui
3047 2871 3206 2938 duos

336 2977 617 3042 iardinos
662 2997 853 3062 super
896 2977 1149 3064 rippam
1193 2976 1470 3044 fluminis
1516 2978 1943 3046 Acchonensis
2000 2998 2117 3066 pro
2165 2979 2570 3066 septuaginta
2613 2988 2672 3045 v·
2717 2979 3006 3046 bisantiis
3053 2998 3206 3065 quo-

338 3082 495 3151 libet
539 3103 703 3149 anno
748 3083 1065 3150 solvendis
1112 3084 1529 3156 de.thesaur0
1578 3086 1799 3152 domus
1844 3087 1913 3152 in
1960 3085 2349 3152 exaltacione
2393 3091 2609 3153 sancte
2653 3087 2875 3171 crucis,
2924 3090 2988 3152 et
3031 3090 3205 3172 post-

342 3209 532 3276 quam
575 3191 863 3275 requisiti
906 3192 1241 3278 fuerimus,
1300 3191 1357 3258 si
1409 3192 1725 3280 predictos
1783 3192 2089 3258 bisantios
2141 3212 2268 3257 non
2315 3193 2716 3277 solverimus,
2776 3193 2928 3259 dicti
2974 3193 3206 3260 iardini

337 3301 733 3364 revertentur
778 3297 859 3364 ad
902 3296 1229 3365 ecclesiam
1274 3298 1766 3366 Acchonensem.
2151 3297 2354 3383 [1242
2399 3298 2581 3386 april.
2617 3302 2703 3365 30
2745 3319 2810 3386 p.
2841 3301 2922 3365 72
2968 3319 3030 3365 n.
3063 3295 3198 3383 91.]

548 3438 631 3491 Do
666 3448 803 3490 terra
820 3437 1009 3490 Montis
1034 3437 1173 3505 syon
1208 3439 1261 3490 in
1298 3448 1477 3493 turono
1514 3440 1567 3491 in
1590 3439 1779 3492 Aenon.
1839 3423 1996 3490 Item
2043 3423 2237 3490 abbas
2286 3429 2350 3491 et
2392 3429 2733 3490 conventus
2767 3421 3001 3494 Montis
3033 3421 3204 3510 Syon

341 3530 647 3597 dederunt
690 3529 806 3596 sub
854 3549 1061 3596 annuo
1108 3549 1301 3596 censu
1346 3530 1561 3597 domui
1606 3534 1823 3597 nostre
1868 3530 2185 3616 quandam
2238 3530 2484 3617 peciam
2536 3537 2704 3596 terre
2756 3532 2825 3596 in
2868 3530 3038 3615 loco,
3096 3529 3206 3615 qui

340 3637 573 3704 dicitur
614 3635 795 3703 Mons
842 3656 1324 3724 suspensorum,
1375 3657 1493 3724 pro
1540 3657 1629 3702 xx
1673 3636 1962 3703 bisantiis
2007 3637 2075 3703 in
2118 3635 2408 3703 kalendis
2452 3637 2706 3702 marciis
2749 3635 3205 3724 persolvendis,

342 3749 423 3828 et,
470 3743 527 3809 si
554 3763 680 3809 non
712 3742 1027 3810 solverent
1053 3743 1283 3811 fratres
1314 3744 1427 3810 hos
1460 3743 1764 3811 bisantios
1800 3743 2148 3828 annuatim,
2193 3743 2480 3830 predicta
2513 3748 2686 3810 terra
2731 3744 2811 3808 ad
2856 3742 3203 3828 predictam

340 3850 667 3918 ecclesiam
712 3855 1082 3917 revertetur.
2289 3847 2491 3934 [1239
2537 3849 2694 3916 febr.
2741 3870 2803 3936 p.
2839 3851 2924 3916 68
2971 3870 3032 3915 n.
3069 3846 3199 3933 86.]

552 3973 633 4025 De
668 3974 816 4025 vinea
850 3973 1031 4036 Guiot,
1072 3989 1171 4040 que
1210 3973 1310 4040 (est
1343 3973 1455 4040 ἱιι)ο
1488 3989 1619 4026 novo
1654 3981 1763 4025 orto
1798 3973 1851 4024 in
1888 3973 2078 4026 Aeson.
2143 3955 2304 4025 Item
2348 3955 2540 4024 Guiot
2584 3960 2649 4023 et
2689 3955 3032 4039 Iohannes,
3087 3953 3205 4022 filii

340 4063 664 4132 Michaelis
708 4062 787 4130 de
818 4062 1181 4147 Ierusalem,
1228 4063 1647 4131 vendiderunt
1691 4063 1907 4130 domui
1953 4063 2271 4149 quandam
2303 4065 2576 4150 vineam,
2622 4085 2744 4150 que
2789 4068 2887 4129 est
2928 4062 2996 4128 in
3040 4080 3204 4128 novo

341 4175 479 4238 orto
535 4170 717 4236 iuxta
758 4170 929 4236 viam
974 4171 1053 4238 de
1100 4169 1483 4258 Capharsin,
1538 4190 1655 4256 pro
1703 4170 1815 4237 dcc
1857 4168 2150 4237 bisantiis
2196 4172 2624 4238 consentiente
2669 4170 2894 4257 abbate
2949 4173 3015 4236 et
3057 4187 3205 4235 eon-

336 4283 535 4344 ventu
578 4276 657 4343 de
698 4275 951 4362 Latina,
995 4277 1075 4344 de
1120 4297 1246 4362 qua
1287 4276 1415 4364 ipsi
1456 4276 1739 4363 recipere
1783 4275 2016 4345 debent
2059 4278 2174 4343 xiii
2208 4276 2516 4346 bisantios
2563 4279 2890 4344 annuatim
2931 4277 3002 4342 in
3042 4275 3203 4342 festo

340 4384 623 4451 omnium
666 4387 1044 4450 sanctorum.
2502 4382 2702 4469 [1239
2748 4406 2812 4472 p.
2842 4386 2927 4449 70
2970 4405 3031 4449 n.
3069 4381 3203 4467 88]

550 4524 631 4577 De
666 4533 805 4576 tem
838 4524 1075 4576 Iohannis
1112 4523 1261 4576 Griffi
1295 4524 1347 4576 in
1385 4525 1505 4576 ...ο
1553 4507 1711 4575 Item
1758 4509 2027 4575 emimus
2075 4529 2115 4575 a
2159 4509 2412 4576 domino
2454 4508 2732 4576 Iohanne
2763 4507 2960 4576 Griffo
3006 4527 3205 4594 quan-

340 4617 487 4683 dam
534 4615 780 4703 peciam
824 4619 992 4681 terre
1035 4615 1105 4680 in
1149 4614 1369 4680 eodem
1415 4619 1551 4681 orto
1608 4635 1724 4701 pro
1770 4635 1833 4680 m
1880 4619 1945 4681 et
1991 4615 2068 4681 dc
2112 4617 2451 4698 (bisantiis)
2497 4617 2932 4682 consenciente
2979 4614 3206 4682 abbate

340 4729 405 4790 et
447 4727 759 4790 conventu
804 4720 881 4787 de
924 4719 1175 4804 Latina,
1222 4721 1301 4787 de
1346 4741 1471 4806 qua
1511 4720 1639 4807 ipsi
1680 4721 1961 4807 recipere
2006 4721 2238 4789 debent
2281 4732 2342 4790 v·
2386 4723 2692 4790 bisantios
2740 4722 3084 4788 annuatim.

2489 4827 2692 4914 [1235
2735 4849 2800 4915 p.
2835 4831 2920 4896 63
2965 4847 3029 4894 n.
3063 4827 3200 4914 80.]

433 4976 445 4988 ·
552 4951 632 5003 De
666 4949 819 5016 myro.
886 4931 1046 5001 Item
1092 4934 1361 5002 emimus
1408 4955 1447 5002 a
1491 4932 1685 5002 Guiot
1729 4940 1795 5002 et
1836 4933 2101 5002 Alberto
2147 4941 2212 5003 et
2253 4934 2526 5004 Rudulfo
2583 4941 2648 5003 et
2690 4954 2890 5004 uxore
2933 4955 3050 5003 sua
3093 4935 3205 5003 do-
