3892 5609
688 300 725 369 1
738 297 781 369 2
794 299 835 370 6
1470 307 1699 356 ‘mam
1744 307 2030 356 sanem.
2099 305 2432 355 annuum.
2503 305 2769 354 errans

891 483 971 536 De
1015 483 1310 535 vendiciono
1354 481 1593 533 Iohannis
1630 483 1770 534 'rm-ti
1818 482 1869 534 in
1907 483 2094 534 Ancon.
2180 465 2338 533 Item
2391 465 2700 532 Iohannes
2747 464 2975 532 Tortus
3033 462 3320 530 vendidit
3371 461 3560 529 nobis

680 575 931 642 domum
980 593 1181 658 suam,
1229 591 1419 657 quam
1462 570 1737 640 habebat
1758 573 1849 642 in
1875 571 2153 657 Acchon,
2199 592 2317 659 pro
2363 572 2676 639 sexcentis
2720 571 2995 637 marchis
3042 568 3290 654 argenti
3335 575 3402 636 et
3443 569 3562 635 dec

677 682 967 748 bisantiis
1014 679 1555 746 consencientibus
1608 680 1675 745 in
1724 680 1845 746 hoc
1888 680 2180 746 omnibus
2227 680 2347 746 sibi
2395 677 2838 762 attinentibus,
2897 676 3310 745 confirmante
3355 677 3557 743 eciam

678 783 1039 856 venditione
1082 787 1246 853 hanc
1290 785 1543 852 domino
1588 781 1902 852 Iohanne⁹
1944 786 2022 852 de
2063 785 2368 872 Ybelyno.

891 910 971 960 De
1016 909 1311 961 vendicione
1355 907 1595 960 Iohannis
1645 907 1709 960 de
1748 908 1961 960 Conchis
2007 909 2059 959 in
2097 909 2284 960 Aceon.
2358 892 2516 959 Item
2575 893 2840 958 emimus
2889 912 2927 958 a
2971 891 3226 958 domino
3273 888 3558 956 Iohanne

679 1002 756 1068 de
802 999 1071 1068 Conchis
1114 1019 1307 1065 unam
1352 999 1605 1065 domum
1654 999 1723 1064 in
1767 999 2024 1065 Acchon
2074 1019 2189 1086 pro
2235 999 2430 1065 dcxxfl
2475 999 2748 1066 marchis
2797 999 3064 1082 argenti,
3109 999 3556 1064 consenciente

680 1114 743 1176 et
788 1106 1164 1174 concedente
1207 1107 1587 1192 imperatore
1631 1105 1750 1171 hoc
1794 1112 1859 1172 et
1902 1105 2312 1173 confirmante
2353 1106 2536 1172 nobis
2583 1105 3022 1191 barbacanam,
3070 1125 3262 1190 quam
3307 1125 3427 1171 rex
3453 1103 3556 1170 Io-

676 1216 919 1282 hannes
964 1213 1136 1280 dedit
1181 1213 1427 1297 domui,
1486 1218 1551 1280 et
1602 1212 1974 1280 licenciante
2025 1232 2218 1280 unam
2265 1212 2520 1280 woltam
2574 1210 2714 1278 fieri
2769 1212 2850 1280 de
2903 1213 3191 1299 predicta
3233 1213 3424 1278 domo
3471 1211 3558 1278 ad

680 1323 890 1391 aliam.
2611 1315 2812 1404 [1229
2859 1320 3040 1406 april.
3088 1339 3152 1406 p.
3186 1321 3272 1386 55
3319 1339 3382 1384 n.
3414 1315 3550 1402 m]

890 1445 970 1496 De
1004 1443 1300 1495 vendicione
1334 1440 1575 1495 Iohannis
1610 1440 1815 1493 Str-akei
1848 1443 1899 1493 in
1926 1442 2114 1493 Accon.
2183 1424 2343 1492 Item
2389 1427 2656 1492 emimus
2689 1447 2727 1492 a
2755 1426 3042 1493 Iohanne·
3063 1425 3317 1492 Strakei
3365 1429 3431 1490 et
3472 1425 3556 1490 de

680 1535 955 1620 Guilion,
1000 1533 1360 1600 hominibus
1390 1530 1655 1619 Templi,
1702 1553 1897 1598 unam
1941 1527 2182 1599 curiam
2225 1537 2398 1598 retro
2445 1531 2737 1599 seleriam
2779 1553 2896 1621 pro
2941 1534 3022 1600 dc
3059 1538 3124 1600 et
3155 1532 3203 1598 1·
3233 1532 3552 1599 bisantiis.

891 1658 971 1709 De
1007 1657 1154 1709 domo
1190 1663 1325 1709 retro
1360 1655 1743 1722 pulmentarium
1778 1657 1829 1707 in
1866 1655 2026 1707 Aeon.
2095 1638 2253 1706 Item
2299 1639 2588 1706 dedimus
2632 1658 2748 1726 pro
2794 1660 2922 1706 una
2967 1640 3152 1707 domo
3195 1645 3369 1706 retro
3414 1638 3554 1726 pal-

677 1749 1056 1818 manteriam
1102 1767 1172 1813 oc
1215 1752 1280 1813 et
1322 1745 1502 1812 lxxx·
1536 1747 1827 1813 bisantiis
1870 1747 1940 1812 in
1985 1745 2260 1812 Acchon.

890 1873 971 1924 De
1008 1871 1145 1922 curia
1188 1876 1321 1921 roan
1368 1867 1642 1920 infirmaria
1687 1870 1741 1920 in
1776 1869 1966 1922 Ancon.
2030 1853 2188 1920 Item
2235 1853 2502 1919 emimus
2555 1854 2794 1921 curiam
2847 1872 3042 1919 unam
3089 1873 3126 1918 a
3169 1852 3550 1920 monialibus

679 1965 757 2034 de
802 1964 969 2052 Tyro
1014 1963 1195 2028 iuxta
1236 1959 1653 2026 infirmariam
1696 1964 1980 2027 nostram
2025 1980 2142 2047 pro
2186 1980 2251 2027 m
2297 1960 2588 2027 bisantiis
2633 1963 2700 2027 in
2744 1958 3022 2026 Acchon.

889 2085 972 2138 De
1008 2084 1155 2136 domo
1191 2099 1351 2150 prope
1385 2083 1709 2134 infirmariam
1743 2081 1794 2133 in
1822 2082 2010 2134 Aenon.
2073 2065 2232 2134 Item
2277 2067 2357 2134 de
2401 2067 2872 2153 archiepiscopo
2911 2065 3348 2133 Iacobinorum
3395 2068 3552 2134 emi·

678 2199 819 2246 mus
876 2197 1067 2243 unam
1113 2174 1403 2258 domum,
1460 2193 1581 2259 que
1627 2177 1727 2239 est
1777 2191 1978 2259 prope
2022 2175 2262 2241 curiam
2305 2179 2589 2241 nostram
2646 2179 2711 2240 et
2765 2193 2964 2261 prope
3011 2172 3299 2258 domum,
3357 2193 3552 2259 quam

678 2285 947 2354 emimus
994 2303 1033 2348 a
1074 2279 1452 2348 monialibus
1499 2278 1689 2366 Tyri„
1718 2299 1836 2366 pro
1882 2298 1989 2346 ccc
2032 2285 2099 2346 et
2138 2280 2185 2346 1·
2229 2280 2541 2348 bisantiis.

887 2406 971 2459 De
1004 2405 1158 2466 curia,
1195 2421 1293 2470 que
1330 2402 1509 2454 dicitur
1546 2401 1814 2464 Ghisseria,
1850 2403 1903 2454 in
1940 2403 2100 2454 Acon.
2177 2387 2338 2454 Item
2384 2389 2650 2454 emimus
2693 2405 2884 2452 unam
2929 2386 3171 2452 curiam
3214 2390 3390 2452 retro
3435 2407 3550 2472 pa·

674 2497 909 2565 lacium
958 2500 1249 2562 nostrum
1293 2493 1580 2576 Acchon,
1639 2513 1761 2579 que
1802 2499 2068 2559 vocatur
2111 2491 2458 2579 Chisseria,
2515 2513 2638 2580 que
2691 2494 2816 2560 fnit
2856 2493 3166 2580 Nicholay
3211 2499 3276 2561 et
3329 2494 3548 2562 stati-is

888 2727 969 2778 De
1005 2725 1153 2777 domo
1188 2723 1460 2776 Raimundi
1492 2721 1547 2773 in
1581 2723 1743 2775 Aaou.
1817 2706 1978 2774 Item
2031 2707 2298 2774 emimus
2347 2728 2386 2774 a
2427 2707 2780 2774 Raimundo
2837 2710 3144 2796 scriptore
3199 2728 3396 2775 unam
3439 2708 3548 2774 do-

675 2837 872 2902 mum,
921 2836 1041 2901 que
1084 2817 1249 2883 iacet
1290 2820 1459 2881 retro
1505 2814 1745 2887 curiam
1790 2815 2100 2898 magistri,
2146 2815 2263 2901 pro
2307 2835 2371 2880 m
2421 2819 2486 2880 et
2527 2814 2621 2880 xii
2663 2815 2975 2882 bisantiis.

885 2939 965 2992 De
1002 2939 1150 2991 domo
1184 2937 1325 2989 Petri
1363 2937 1628 2988 conisarii
1663 2937 1715 2988 in
1754 2937 1913 2990 Aeon.
1979 2921 2137 2988 Item
2183 2923 2448 2988 emimus
2497 2941 2534 2988 a
2573 2920 2761 2988 Petro
2793 2921 3150 2990 Corvisario
3195 2943 3392 2990 unam
3439 2923 3547 2989 do-

675 3048 851 3096 mum
894 3028 965 3095 in
1004 3049 1125 3094 rua
1170 3027 1391 3094 domus
1437 3027 1590 3094 dicti
1634 3027 1973 3094 Raimundi
2017 3048 2134 3114 pro
2179 3049 2215 3094 e
2259 3033 2325 3095 et
2366 3029 2504 3095 lxx·
2547 3049 2588 3093 v
2627 3027 2939 3096 bisantiis.

886 3151 967 3203 De
1004 3153 1149 3218 pecia
1183 3159 1320 3203 terre
1360 3159 1479 3202 ante
1514 3150 1735 3201 barciam
1771 3149 1892 3202 dicti
1928 3151 2174 3216 Aymonis
2209 3151 2260 3202 in
2299 3151 2456 3204 Acon.
2533 3134 2688 3201 Item
2738 3135 3004 3202 emimus
3049 3156 3242 3202 unam
3299 3138 3546 3222 peciam

672 3248 863 3326 terre,
912 3263 1032 3327 que
1078 3247 1175 3309 est
1221 3247 1365 3308 ante
1409 3240 1689 3307 ban-iam
1734 3241 1973 3307 domini
2003 3239 2333 3327 Aymonis,
2381 3262 2496 3328 pro
2543 3243 2700 3309 xviii
2747 3242 3036 3309 bisantiis
3081 3248 3148 3308 et
3191 3263 3306 3329 pro
3353 3263 3548 3310 censu

674 3350 957 3417 eiusdem
1002 3348 1190 3416 debet
1234 3348 1393 3416 solvi
1438 3347 1735 3413 dimidius
1781 3347 2090 3414 bisantius
2137 3343 2537 3415 annuatim¹⁰.

884 3471 963 3523 De
1000 3472 1222 3538 Sydone.
1286 3453 1443 3521 Item
1472 3453 1773 3520 Balianus
1804 3454 2096 3521 dominus
2129 3453 2398 3541 Sydonis
2445 3456 2621 3522 dedit
2649 3455 2862 3544 domni
2906 3456 3368 3524 mahumeriam
3412 3477 3551 3524 ma-

672 3581 884 3647 gnam,
933 3555 1077 3647 que=
1102 3567 1199 3628 est
1234 3561 1401 3638 inter
1431 3561 1587 3627 duas
1631 3567 1849 3648 portas
1882 3561 2174 3648 Sydonis,
2221 3568 2286 3629 et
2327 3561 2664 3647 iardinum‚
2711 3564 2820 3648 qui
2850 3564 3080 3631 dicitur
3109 3563 3396 3630 iardinus
3443 3583 3550 3630 co-

672 3669 937 3753 mitisse,
985 3672 1131 3736 ante
1161 3675 1410 3756 portam
1444 3667 1714 3754 Sydonis
1744 3674 1808 3736 et
1838 3668 2154 3755 quandam
2184 3674 2442 3754 terram,
2489 3689 2610 3755 que
2647 3670 2875 3737 dicitur
2907 3675 3079 3737 terra
3107 3671 3260 3755 coci,
3309 3675 3374 3738 et
3405 3691 3550 3737 ara-

671 3781 843 3844 trum
886 3795 1083 3842 unum
1130 3781 1277 3843 ante
1323 3774 1662 3862 Sydonem,
1709 3776 1960 3843 vineam
2007 3777 2206 3845 eciam
2251 3777 2588 3864 quandam,
2636 3798 2757 3863 que
2800 3778 2890 3845 ibi
2935 3784 3050 3844 est.
3306 3856 3317 3869 ⁶

2518 3880 2716 3967 [1228
2761 3883 2918 3950 febr.
2949 3887 3026 3949 11
3075 3905 3140 3970 p.
3173 3885 3264 3950 50
3305 3903 3370 3950 n.
3405 3881 3546 3969 62]

893 3990 1050 4058 Item
1100 3988 1366 4054 emimus
1410 3989 1478 4054 in
1524 3989 1745 4056 eadem
1783 3987 1939 4057 villa
1983 4009 2022 4057 a
2065 3989 2299 4057 rustico
2344 4009 2470 4056 uno
2514 4009 2708 4057 unam
2751 3992 3000 4077 peciam
3043 3995 3232 4075 terre,
3279 4011 3402 4077 que
3449 3996 3550 4059 est

671 4096 740 4164 in
785 4098 972 4164 vinea
1013 4101 1233 4164 nostra
1276 4115 1393 4183 pro
1436 4095 1529 4162 xl·
1563 4095 1871 4163 bisantiis.

883 4217 965 4270 De
999 4219 1203 4286 Tripoli.
1274 4203 1432 4269 Item
1478 4203 1775 4290 princeps
1818 4201 2198 4271 Anthiochie
2244 4203 2418 4278 dedit
2461 4203 2678 4270 domui
2722 4204 3036 4289 quandam
3083 4203 3330 4291 peciam
3373 4208 3546 4270 terre

672 4327 813 4376 cum
861 4309 1062 4375 tribus
1109 4309 1387 4376 turribus
1431 4310 1499 4375 in
1546 4309 1807 4397 Tripoli.
2543 4307 2746 4394 [1209
2791 4316 2951 4398 sept.
2986 4313 3030 4376 4
3073 4331 3139 4397 p.
3173 4313 3259 4376 35
3304 4331 3368 4376 n.
3401 4309 3542 4394 44]

883 4431 963 4482 De
999 4431 1320 4485 Anthioehia.
1391 4416 1549 4483 Item
1596 4415 1761 4482 idem
1808 4416 2104 4502 princeps
2152 4415 2326 4484 dedit
2365 4416 2580 4483 domui
2624 4437 2818 4483 unum
2865 4416 3294 4484 molendinum
3340 4422 3406 4483 et
3447 4417 3544 4483 vi·

670 4541 856 4588 neam
902 4521 1217 4606 quandam
1262 4523 1445 4590 iuxta
1485 4523 1696 4609 ipsum
1742 4521 2172 4590 molendinum
2217 4543 2360 4591 cum
2393 4523 2680 4590 omnibus
2727 4525 2858 4590 suis
2905 4525 3262 4590 attinenciis
3305 4525 3378 4589 in
3405 4523 3542 4590 An-

668 4627 965 4694 thiochia.
2537 4629 2738 4715 [1228
2783 4631 3026 4698 ianuar.
3075 4651 3138 4718 p.
3171 4633 3262 4698 50
3303 4651 3368 4697 n.
3401 4629 3535 4716 61.]

879 4749 962 4802 Do
999 4750 1254 4802 Armenia.
1323 4733 1484 4801 Item
1526 4755 1642 4801 rex
1685 4733 1815 4804 Leo
1862 4735 2036 4803 dedit
2081 4737 2293 4805 domui
2339 4742 2618 4804 castrum
2663 4737 2957 4804 Amodan
3004 4743 3067 4804 et
3110 4738 3228 4804 hec
3270 4737 3536 4804 casalia:

670 4839 903 4927 Cespin
934 4846 998 4907 et
1024 4840 1396 4926 Buquequia
1424 4847 1490 4908 et
1516 4841 1789 4929 Haaiym
1818 4863 1962 4910 cum
2000 4845 2409 4929 pertinenciis
2441 4845 2592 4928 suis,
2631 4849 2698 4910 et
2721 4843 3080 4911 libertatem
3114 4845 3537 4911 omnimodam

670 4951 802 5013 tam
830 4947 897 5012 in
930 4949 1090 5015 mari
1116 4969 1303 5035 quam
1334 4949 1401 5015 in
1432 4954 1605 5016 terra
1632 4950 1699 5015 in
1720 4954 1855 5016 toto
1878 4951 2156 5017 dominio
2179 4971 2292 5016 suo
2323 4951 2389 5017 in
2401 4950 2724 5018 Armenia.
2779 4947 3127 5039 [l2l2apr.
3141 4971 3204 5039 p.
3219 4953 3302 5018 37
3317 4971 3382 5018 n.
3399 4949 3536 5036 46.]
