3892 5609
684 305 837 378 248
1412 312 1918 365 mnnA‘ronuM
1962 314 2052 360 m·
2094 310 2339 361 menn
2382 311 2828 361 nominentur

682 475 753 543 Si
797 476 938 561 quis
987 480 1196 542 autem
1243 474 1627 543 eontrarium
1676 475 2055 559 attemptare
2108 473 2598 560 presumpserit,
2654 493 2882 559 penam
2942 477 3194 539 eentum
3248 470 3565 540 librarum

679 584 820 651 auri
863 582 1011 669 puri
1056 603 1124 648 se
1167 582 1418 654 noverit
1465 581 1985 648 irremissibiliter
2028 580 2401 663 incurrisse,
2460 600 2727 664 quarum
2782 578 3187 646 medietatem
3242 580 3565 666 imperiali

679 686 859 757 fisco¹
903 694 1122 755 nostro
1169 688 1302 755 sive
1347 688 1574 773 erario,
1619 687 1929 774 reliquam
1959 707 2109 755 vero
2153 692 2398 774 partem
2446 688 2604 774 ipsis
2647 682 2951 753 fratribus
2998 691 3063 753 et
3092 705 3309 753 eorum
3352 687 3565 753 ordini

683 796 972 863 volumus
1018 795 1344 883 applicari.
2625 868 2631 875 ⁵

903 902 1169 987 Signum
1199 900 1588 969 serenissimi
1632 900 1938 988 principis
1984 906 2048 967 et
2077 899 2316 967 domini
2374 899 2614 981 (Locus
2644 900 3258 987 monoqrammatis.)
3318 900 3565 968 domini

679 1010 898 1079 Karoli
929 1011 1160 1098 quarti,
1191 1008 1618 1079 Romanorum
1649 1008 2053 1096 imperatoris
2082 1008 2486 1075 invictissimi
2516 1014 2580 1074 et
2606 1007 3049 1091 gloriosissimi
3078 1008 3339 1075 Boemie
3369 1010 3560 1092 regis.

902 1118 1121 1184 Testes
1167 1116 1352 1183 huius
1398 1117 1493 1183 rei
1538 1120 1687 1181 sunt
1715 1115 2093 1183 venerabilis
2125 1112 2447 1197 Gerlaeu5‚
2494 1120 2710 1182 sancte
2740 1115 2909 1182 sedis
2938 1115 3310 1201 Magantine
3357 1116 3562 1182 arehi-

681 1224 1036 1312 episcopuS,
1083 1224 1247 1291 sacri
1292 1222 1565 1289 Romani
1603 1224 1856 1309 imperii
1901 1243 2017 1308 per
2063 1220 2467 1289 Germaniam
2523 1222 3143 1305 archicancellarius;
3202 1227 3269 1290 et
3312 1223 3561 1306 magni·

679 1329 836 1397 fieus
881 1329 1198 1416 Rupertus
1245 1330 1477 1413 senior,
1523 1350 1733 1397 eomes
1775 1330 2095 1417 palatinus
2125 1328 2303 1414 Beni,
2352 1327 2773 1414 archidapifer
2814 1334 2880 1397 et
2923 1330 3051 1395 dux
3084 1329 3389 1408 Bavarie3
3432 1330 3562 1397 Ru-

681 1436 972 1524 dolphus,
1019 1437 1148 1503 dux
1181 1435 1476 1519 saxonie,
1527 1435 2107 1503 archimaresoallus
2154 1437 2317 1503 sacri
2347 1435 2615 1501 Romani
2660 1436 2947 1523 imperii;
2993 1456 3239 1503 necnon
3281 1436 3561 1503 illustres

680 1542 880 1609 Bolko
927 1542 1544 1628 Falkembergensis,
1590 1539 1827 1608 Bolko²
1873 1542 2263 1630 OpuliensiS,
2318 1542 2623 1609 Iohannes
2671 1543 2957 1630 Oppavie
3003 1550 3069 1611 et
3110 1540 3562 1611 Przimislaus⁸

683 1649 1122 1717 Tesehinensis
1153 1651 1372 1733 duces;
1422 1654 1486 1716 et
1515 1649 1888 1736 spectabiles
1918 1650 2225 1717 Iohannes
2248 1649 2831 1733 NurembergensiS,
2864 1650 3274 1735 Burghardus
3304 1650 3563 1734 Magdo-

681 1756 1011 1839 burgensis
1057 1758 1377 1841 burgi-avii
1425 1761 1488 1823 et
1532 1756 1642 1822 alii
1687 1776 1874 1841 quam
1931 1756 2145 1843 plures
2198 1758 2594 1843 presencium
2653 1757 2769 1823 sub
2828 1758 3000 1823 bulla
3060 1778 3255 1835 aurea
3308 1758 3557 1845 typario

682 1868 898 1931 nostre
943 1865 1292 1930 maiestatis
1337 1864 1654 1950 impressa
1697 1864 2057 1929 testimonio
2102 1863 2476 1930 litterarum.
2547 1864 2786 1932 Datum
2818 1864 3194 1948 Nurenberg
3238 1885 3404 1931 anno
3450 1864 3559 1930 do-

681 1970 842 2037 mini
900 1970 1238 2038 millesimo
1283 1971 1710 2037 tricentesimo
1765 1970 2284 2055 quinquagesimo
2346 1971 2565 2056 quinto
2618 1972 2969 2039 indiccione
3024 1978 3248 2038 octava
3290 1972 3404 2036 xvi
3446 1972 3559 2037 ka-

680 2076 901 2145 lendas
945 2077 1238 2163 ianuarii,
1284 2097 1624 2161 regnorum
1669 2097 1818 2144 vero
1863 2082 2226 2144 nostrorum
2272 2097 2436 2144 anno
2483 2078 2725 2145 decimo
2772 2079 3027 2165 imperii
3072 2084 3284 2145 autem
3329 2078 3555 2165 prime.

667 2179 672 2191 '
893 2200 986 2264 Π,
1021 2200 1145 2253 293.
1363 2201 1408 2252 1.
1447 2199 1626 2252 fisteho
1661 2199 1722 2251 B.
1936 2198 1988 2251 2.
2025 2198 2190 2251 namo
2224 2199 2285 2252 B.
2499 2202 2549 2253 3.
2592 2200 2887 2266 prznflslaus
2922 2200 2985 2252 Β.

690 2420 868 2495 278.
909 2426 1088 2491 1355
1135 2426 1263 2489 dec.
1297 2424 1394 2490 17
1441 2424 1833 2510 Nurember9
1882 2422 2027 2505 (xvi
2069 2422 2193 2488 kal.
2240 2423 2427 2505 iam).
2499 2425 2777 2491 Kar-olus
2811 2424 2917 2491 IV
2956 2429 3305 2513 imperator
3346 2440 3557 2514 peten-

909 2534 1073 2599 tibus
1113 2530 1461 2615 Wofframo
1507 2533 1584 2596 de
1628 2530 2049 2615 Nellenburq,
2100 2546 2511 2618 praeceptore
2553 2532 3000 2614 Alemanniae,
3050 2546 3106 2598 et
3150 2534 3439 2617 Rudolfo
3482 2536 3559 2599 de

911 2638 1336 2718 Houmborch,
1376 2639 1770 2724 provinciali
1794 2639 2138 2704 Bohemiae
2168 2652 2224 2704 et
2244 2640 2595 2720 Moraviae,
2626 2640 2954 2724 fratribus
2984 2642 3044 2705 Ῐι.
3070 2664 3119 2705 8.
3145 2642 3240 2706 M.
3258 2642 3557 2706 Hieroso-

912 2745 1254 2831 lymitanae
1299 2747 1518 2811 domus
1567 2745 1983 2811 Theutonicae
2028 2747 2353 2828 confimnat
2393 2736 2799 2833 privileqiuni
2843 2749 2920 2811 de

1115 2852 1286 2918 1221
1337 2852 1528 2938 april.
1585 2852 1862 2919 Tarenti.
1933 2852 2257 2917 friderici
2284 2852 2371 2917 II
2405 2856 2806 2938 imperatorie
2854 2852 3084 2939 (supra
3128 2876 3191 2918 n.
3224 2854 3412 2935 257).

901 2974 992 3036 IV,
1029 2973 1134 3025 290
1145 2990 1193 3025 r.
1250 2973 1346 3025 Ed.
1372 2973 1600 3025 Duellius
1636 2974 1769 3026 Hist.
1794 2974 1904 3025 ord.
1927 2974 2110 3025 Theut.
2148 2990 2267 3040 app.
2298 2974 2362 3024 19
2398 2990 2448 3025 n.
2474 2974 2539 3025 21
2580 2974 2647 3025 ad
2682 2992 2747 3025 xv
2769 2974 2873 3025 kal.
2898 2974 3128 3027 ianuarii.
3184 2974 3391 3043 (Foder)
3426 2976 3557 3028 ffist-

692 3062 814 3131 dipl.
839 3063 1132 3117 Unterrioht
1165 3077 1216 3113 n.
1241 3062 1293 3114 5.

697 3249 874 3321 279.
914 3251 1092 3318 1365
1141 3252 1331 3337 april.
1365 3252 1454 3317 19
1496 3250 1863 3338 Heilprunn
1917 3248 2036 3331 (an
2080 3251 2221 3315 dem
2264 3251 2548 3316 nehesten
2592 3251 2949 3315 sunabende
2990 3252 3155 3317 nach,
3198 3252 3339 3317 dem
3382 3252 3559 3317 heili-

909 3381 1033 3445 9en
1079 3371 1382 3443 ostenaqe
1425 3380 1762 3444 reynorum
1792 3359 1878 3423 19
1922 3360 1967 3423 i.
2002 3358 2142 3438 11).
2213 3358 2491 3423 Karolus
2522 3358 2569 3423 Ι
2574 3357 2635 3423 V
2668 3361 3014 3443 imperator
3059 3382 3267 3434 omnes
3308 3363 3565 3447 imperii

911 3467 1133 3549 fideles
1187 3466 1387 3545 iubet,
1458 3468 1519 3528 si
1564 3464 1783 3548 frater
1838 3466 2082 3529 ordinis
2136 3465 2507 3532 Theutonici
2558 3468 2629 3529 in
2683 3464 3068 3531 Alemannia
3122 3466 3433 3553 Philippo
3489 3468 3563 3532 de

915 3573 1342 3651 Bielcenbaoh,
1403 3575 1704 3657 maqietro
1765 3572 2009 3637 ordinis
2064 3595 2181 3659 per
2234 3572 2681 3637 Alemanniam
2694 3619 2714 3652 ‚
2776 3572 2876 3636 vel
2928 3575 3385 3639 successoribus
3436 3596 3561 3639 non

917 3680 1216 3746 obedierit
1261 3692 1318 3744 et
1351 3691 1586 3744 statuta
1613 3680 1963 3760 violaverit,
2014 3692 2357 3745 monentem
2400 3681 2771 3764 maqietrum
2804 3681 3129 3760 adiuvare,
3176 3692 3248 3746 ut
3290 3683 3380 3747 ad
3424 3680 3559 3747 obe-

917 3788 1222 3852 dientiam
1263 3787 1540 3852 reducat.

905 3908 998 3970 IV,
1034 3908 1154 3961 298.
1205 3909 1302 3960 Ed.
1329 3908 1588 3960 Schannat
1623 3906 1918 3973 Sammlung
1955 3907 2083 3958 alter
2116 3908 2442 3959 historischer
2471 3906 2739 3960 Schriffien
2774 3908 2881 3959 und
2915 3908 3280 3960 Documenten.
3336 3910 3559 3961 Franck-

695 3997 798 4049 furt
833 4014 916 4049 am
949 3996 1108 4065 Mayn
1149 3996 1302 4051 1727.
1350 3996 1401 4049 4.
1449 3997 1493 4058 1,
1531 3994 1582 4058 5,
1617 3994 1706 4047 ubi
1739 3994 1872 4047 male
1907 3996 1961 4047 in
1997 3996 2248 4063 margine:
2291 3996 2443 4049 1363.

701 4236 877 4307 280.
920 4238 1103 4306 1376
1148 4252 1301 4327 sept.
1337 4240 1376 4304 1
1424 4260 1506 4303 zu
1548 4238 1941 4322 Nuremberq
2003 4234 2129 4317 (an
2182 4250 2349 4302 sente
2392 4238 2669 4323 Eqidien
2716 4252 2858 4324 taqe
2902 4260 2955 4303 r.
2990 4239 3076 4305 31
3124 4242 3166 4304 i.
3202 4238 3352 4320 22).
3433 4242 3561 4306 Ka-

921 4346 1094 4411 rolus
1126 4346 1173 4411 Ι
1178 4346 1239 4412 V
1273 4348 1621 4431 imperator
1673 4358 1916 4430 petente
1961 4343 2245 4409 Iohanne
2301 4346 2377 4409 de
2421 4344 2639 4430 Heyn,
2699 4349 3003 4431 maqistro
3049 4347 3110 4410 d.
3154 4344 3565 4413 Theutonicae

921 4476 971 4517 8.
997 4453 1090 4517 M.
1126 4454 1370 4517 ordinis
1401 4450 1734 4537 hospitalis
1759 4450 2327 4536 Hierosolymitani
2350 4474 2468 4537 per
2493 4452 2939 4517 Alemanniam
2972 4466 3030 4518 et
3051 4451 3331 4533 Italiam,
3369 4456 3561 4518 omni-

921 4560 1036 4623 bus
1079 4561 1338 4645 imperii
1378 4558 1678 4642 fidelibus
1723 4560 2007 4639 mandat,
2052 4570 2124 4623 ut
2168 4560 2410 4623 ordinis
2448 4559 2719 4643 fratres,
2768 4560 3066 4640 homines,
3116 4561 3358 4641 domus,
3408 4561 3565 4627 bona

917 4666 1278 4753 privileqiis
1335 4664 1771 4751 imperialibus
1826 4668 1924 4730 uti
1972 4668 2311 4752 patiantur
2354 4687 2503 4730 neve
2559 4666 2984 4731 exactionibus
3029 4666 3408 4751 quibuslibet
3454 4690 3563 4751 aq-

920 4785 1201 4857 qravent.

913 4902 1005 4965 IV,
1042 4902 1146 4954 295
1161 4920 1208 4954 v.
1269 4902 1365 4954 Ed.
1393 4900 1652 4954 Sehannat
1687 4900 1983 4968 Sammlung
2016 4902 2059 4964 1,
2088 4902 2155 4953 18
2190 4920 2240 4953 n.
2257 4901 2319 4953 V.
