3892 5609
1381 377 1769 426 Prummu
1816 377 2205 427 01111οω818
3064 363 3213 437 399

369 533 546 608 587.
589 533 768 602 1258
808 537 978 600 iunii
1017 535 1112 602 27
1169 535 1447 603 Vita-bii.
1519 537 1882 604 Alemander
1912 537 2027 604 IV
2058 539 2281 624 repetit
2321 559 2385 601 n.
2418 537 2552 604 544
2596 537 2675 602 de
2719 535 2899 602 1257
2942 539 3113 602 iunii
3153 537 3214 602 1.

583 673 946 743 Alexander
975 681 1090 744 etc.
1271 676 1428 745 Cum
1473 679 1716 746 dilectis
1759 677 1905 746 filiis
1952 685 2069 747 etc.
2138 677 2371 746 Datum
2418 699 2457 743 v
2486 677 2614 744 kal.
2646 676 2783 743 iulii
2818 677 3217 765 pontificatus

361 780 568 847 nostri
612 801 776 849 anno
823 788 1065 869 quarto.
3042 807 3051 817 ’

576 912 744 982 Supra
777 915 846 967 ad
879 933 930 968 n.
955 916 1062 968 544
1096 934 1148 985 p.
1171 915 1278 969 384
1311 915 1582 984 legendum
1617 925 1722 970 est:
1764 917 1898 970 1257
1936 927 2067 986 sept.
2094 917 2145 980 9,
2188 917 2323 969 1258
2356 917 2479 969 iunii
2503 915 2573 970 27
2574 955 2591 980 ,
2626 934 2740 970 nov.
2767 916 2851 969 29.

367 1232 542 1305 588.
584 1237 763 1304 1258
803 1238 1019 1304 novbr.
1052 1240 1090 1305 1
1125 1238 1476 1326 Anagniae.
1536 1240 1899 1306 Alea-ander
1931 1241 2044 1307 IV
2064 1243 2289 1328 repetit
2330 1263 2393 1305 π.
2420 1241 2547 1307 541
2583 1241 2661 1305 de
2688 1240 2876 1306 1257
2918 1242 3080 1305 maii
3104 1241 3211 1306 29.

580 1377 943 1446 Alexander
989 1385 1104 1448 etc.
1351 1380 1697 1466 Religiosos
1741 1384 1911 1450 viros
1960 1419 2043 1429 —-
2091 1382 2449 1470 pedagium,
2495 1381 2784 1465 rendam,
2830 1380 3220 1468 passagium,

359 1486 829 1572 pontonagium‚
857 1486 1260 1573 theolonium,
1297 1489 1658 1571 caucagium
1694 1510 1804 1556 seu
1835 1490 2023 1557 aliam
2062 1527 2144 1536 —
2179 1490 2607 1578 compescatis.
2655 1487 2892 1554 Datum
2924 1486 3214 1573 Anagnie

362 1611 401 1658 v
443 1612 644 1660 nonas
688 1593 1045 1662 novembris
1088 1593 1487 1682 pontificatus
1532 1596 1734 1663 nostri
1777 1618 1940 1665 anno
1988 1602 2229 1684 quarto.

365 1946 540 2018 589.
582 1949 760 2016 1258
801 1949 1017 2016 novbr.
1051 1952 1094 2016 5
1139 1949 1495 2037 Anayniae.
1565 1951 1932 2020 Alexander
1962 1953 2075 2019 IV
2106 1954 2275 2020 iubet
2303 1954 2606 2019 decanum
2634 1973 2683 2016 ε.
2716 1947 3023 2018 Ger-mani
3050 1949 3208 2037 Spi-

581 2060 780 2122 rensis
821 2058 1177 2144 inviqilare,
1219 2081 1298 2123 ne
1331 2059 1638 2146 hospitale
1674 2063 1915 2128 ordinis
1960 2061 2330 2128 Theutoniei
2358 2063 2535 2146 eique
2564 2059 2839 2124 subiecta
2870 2058 3212 2144 hospitalia

581 2177 639 2232 et
691 2167 910 2230 domas
961 2167 1032 2230 in
1075 2165 1453 2232 Alemannia
1495 2180 1608 2234 aut
1637 2191 1952 2256 personae
1994 2171 2065 2234 in
2110 2170 2197 2234 eie
2242 2169 2523 2256 deqentes
2570 2179 2787 2234 contra
2828 2166 3078 2232 indulta
3124 2169 3211 2230 eie

581 2296 625 2337 a
666 2274 808 2338 sede
851 2273 1196 2360 apostolica
1229 2275 1575 2362 privilegia
1619 2300 1660 2342 a
1705 2298 2024 2363 quoquam
2064 2275 2333 2342 indebite
2372 2274 2787 2340 molestentur.

575 2411 938 2482 Alexander
981 2419 1098 2483 etc.
1319 2415 1424 2482 Ad
1465 2415 1841 2503 hospitalem
1887 2423 2004 2486 etc.
2072 2417 2308 2484 Datum
2342 2415 2631 2500 Anagnie
2674 2434 2821 2481 11011.
2852 2413 3210 2481 novembris

357 2517 758 2606 pontificatus
801 2522 1003 2590 nostri
1049 2541 1212 2590 anno
1257 2528 1498 2609 quarto.

569 2659 630 2713 In
673 2668 976 2714 transsumto
1021 2661 1156 2714 facto
1200 2678 1243 2715 e.
1271 2663 1407 2715 1258
1450 2681 1542 2731 per
1576 2664 1909 2716 wernherum
1953 2665 2293 2733 praepositum
2337 2672 2390 2716 et
2434 2665 2677 2716 decanum
2723 2661 2923 2714 maioris
2968 2661 3211 2714 ecclesiae

357 2747 613 2818 Spirensis
647 2767 760 2802 011111
795 2749 988 2804 duobus
1026 2751 1202 2818 sigillis
1235 2752 1290 2803 in
1327 2752 1525 2805 archivo
1559 2753 1748 2806 ordinis
1783 2753 2079 2806 'l'heutonici
2103 2752 2497 2806 vindobonensi.
2526 2755 2543 2762 “

363 3029 756 3142 5901258
797 3074 1013 3139 novbr.
1056 3075 1101 3140 9
1156 3075 1510 3162 Amqniae.
1591 3074 1953 3142 namnam·
1993 3075 2105 3142 JV
2150 3077 2375 3162 repetit
2426 3073 2781 3140 Innocentis
2822 3071 2937 3140 JV
2978 3051 3211 3142 ,1528

575 3181 654 3246 oze
695 3181 876 3248 1254
917 3183 1078 3247 maa
1119 3181 1208 3248 18
1247 3185 1471 3269 pauco
1515 3186 1789 3249 mutam.

576 3320 938 3390 Alexander
983 3323 1311 3412 episcopus
1371 3344 1587 3390 servus
1636 3345 1959 3392 servorum
2008 3324 2109 3391 dei
2152 3321 2393 3390 dilectis
2438 3321 2585 3388 filiis
2630 3323 2931 3406 magistro
2978 3327 3042 3389 et
3081 3322 3211 3389 fra-

355 3429 558 3497 tribus
601 3429 930 3516 hospitalis
975 3435 1190 3498 sancte
1233 3429 1431 3498 Mal-ie
1463 3431 1983 3499 Theotonicorum
2014 3429 2492 3499 lerosolimitani
2539 3429 2801 3496 salutem
2851 3436 2914 3497 et
2960 3437 3210 3517 aposto·

351 3535 544 3603 licam
587 3536 1102 3606 benedictionem.
1283 3537 1658 3606 Devocionis
1694 3544 1900 3606 vestre
1945 3539 2235 3626 precibus
2280 3536 2565 3604 inclinati
2608 3537 2997 3624 presencium
3030 3538 3207 3606 vobis

355 3644 729 3711 auctoritate
770 3645 1188 3728 concedimus,
1233 3649 1306 3710 ut
1348 3645 1772 3731 possessiones
1820 3653 1886 3713 et
1928 3645 2054 3712 alia
2097 3645 2263 3712 bona
2290 3643 2550 3711 mobilia
2581 3644 3039 3730 0111111110111110,
3088 3667 3209 3731 que

351 3749 585 3818 liberas
628 3770 928 3838 personas
971 3752 1241 3818 fratrum
1271 3758 1619 3819 vestrorum
1666 3753 1886 3820 mundi
1931 3753 2151 3819 relicta
2179 3752 2456 3818 vanitate
2503 3751 2582 3817 ad
2614 3756 2890 3818 vestrum
2924 3753 3209 3820 ordinem

354 3857 826 3926 convolancium
872 3863 936 3925 et
989 3859 1441 3945 professionem
1496 3860 1863 3928 faciencium
1921 3860 1990 3925 in
2038 3859 2254 3926 eodem
2326 3879 2437 3925 ure
2482 3858 2892 3926 successionis
2940 3858 3039 3927 vel
3084 3860 3207 3927 alio

353 3965 522 4032 iusto
565 3964 781 4049 titulo,
837 3965 893 4032 si
949 3966 1397 4032 remansissent
1453 3968 1520 4032 in
1564 3967 1802 4052 seculo,
1861 3966 2271 4049 contigissent
2326 3970 2389 4032 et
2441 3967 2567 4052 ipsi
2617 3965 2972 4051 potuissent
3013 3966 3209 4035 libere

356 4073 496 4140 aliis
541 4092 818 4156 erogare,
862 4071 1049 4140 rebus
1093 4071 1444 4142 feudalibus
1491 4073 1820 4141 dumtaxat
1863 4075 2173 4161 exceptis,
2229 4073 2486 4161 possitis
2532 4077 2766 4160 petere,
2810 4074 3089 4158 recipere
3134 4092 3209 4141 ac

355 4180 550 4248 eciam
599 4179 889 4247 retinere.
959 4179 1131 4247 Nulli
1176 4202 1323 4266 ergo
1369 4187 1485 4250 etc.
1553 4180 1790 4249 Datum
1821 4180 2111 4265 Anagnis
2156 4201 2191 4246 v
2237 4180 2378 4248 idus
2424 4179 2779 4247 novembris
2810 4180 3207 4267 pontificatus

353 4287 556 4354 nostri
600 4305 762 4353 anno
810 4291 1050 4372 quarto.

567 4418 823 4496 originale
867 4436 978 4471 cum
1013 4419 1150 4471 bulla
1182 4421 1235 4471 in
1270 4419 1367 4472 filis
1404 4421 1604 4472 sericeis
1641 4438 1866 4488 appensa
1902 4421 2153 4487 quondam
2186 4420 2661 4487 Mergenthemense
2694 4420 2748 4472 in
2784 4420 2983 4472 archivo
3019 4419 3207 4474 ordinis

353 4507 650 4560 Theutonici
672 4507 1066 4560 vindobonensi.
1111 4507 1202 4571 IV,
1220 4507 1382 4562 214v.
1419 4527 1471 4562 11.
1493 4510 1584 4571 13;
1619 4509 1728 4562 Ioh.
1751 4509 1837 4562 39.
1894 4509 2053 4576 Copia
2085 4526 2217 4561 saec.
2242 4511 2323 4560 xiv
2358 4509 2410 4559 in
2436 4509 2635 4560 archivo
2659 4507 3026 4575 Reginiontano
3051 4517 3205 4562 extat.

353 4597 486 4650 Edd.
511 4595 778 4649 Caci-sinus
805 4595 860 4647 0.
875 4595 910 4646 5
947 4595 1142 4648 Senner
1163 4597 1224 4650 E.
1244 4597 1294 4650 6.
1315 4627 1376 4636 —
1419 4599 1542 4650 Cum
1565 4599 1684 4651 dato
1709 4599 1870 4665 (1258
1895 4598 2019 4650 iunii
2048 4599 2097 4666 1)
2133 4597 2347 4650 viterbii
2369 4596 2473 4649 kal.
2497 4597 2620 4648 iunii
2642 4615 2693 4662 p.
2711 4614 2761 4648 n.
2788 4616 2834 4648 a.
2852 4597 2891 4647 4
2922 4599 3207 4665 preceptori

353 4694 408 4737 et
441 4685 677 4737 iratribus
710 4685 762 4736 11.
787 4702 828 4736 8.
851 4683 924 4737 Μ.
948 4685 1042 4738 Th.
1063 4685 1118 4736 in
1144 4685 1456 4740 Confluentis
1476 4689 1622 4740 Trev.
1648 4687 1776 4740 dioc.
1809 4687 2054 4755 inscripta
2088 4705 2151 4739 ex
2186 4686 2419 4754 originali
2452 4703 2585 4738 nunc
2607 4685 2987 4738 Vindobonensi
3015 4686 3206 4738 bullato

353 4773 436 4826 ed.
467 4773 677 4826 Hennes
712 4773 764 4836 1,
793 4772 894 4825 163
939 4790 991 4826 n.
1023 4773 1150 4835 1793
1194 4774 1282 4826 ubi
1325 4777 1620 4841 praesertim
1663 4794 1755 4844 pro
1795 4777 2079 4844 „ordinem“
2120 4777 2306 4843 legitur
2344 4773 2675 4842 „hospitale“.
2740 4773 3006 4840 „Colonie“
3046 4775 3111 4827 A.
3141 4775 3207 4826 16

353 4879 405 4929 p.
427 4858 496 4913 72
508 4881 526 4924 ;
565 4862 786 4929 „Confl.“
827 4879 880 4929 p.
904 4863 990 4916 84.
