3892 5609
1341 308 1738 357 menneu
1783 308 2175 359 osannam
3040 298 3189 371 303

317 460 364 535 3
378 460 500 534 37.
541 466 716 532 1221
747 469 1039 533 eanum·
1067 468 1160 535 19
1193 467 1504 535 Laterani
1545 468 1660 554 (cf.
1691 470 1864 537 1223
1891 472 2185 535 ianuam·
2207 416 2683 549 16'Lateramy.
2728 466 3057 535 Honor-m
3081 468 3205 536 III

542 586 706 639 vetat
749 574 992 639 ordinis
1032 574 1402 641 Theutom'ci
1442 576 1720 641 homines
1761 580 2138 663 pecuniaria
2178 598 2387 663 poena
2428 577 2655 661 puniri
2698 587 2755 640 et
2784 576 3053 641 ecelesiis
3086 589 3199 642 aut

531 681 918 767 presbyter&
963 685 1311 749 mactiones
1357 683 1668 749 indebitas
1712 684 1977 770 imponi.

542 820 860 887 Honorius
905 823 1240 909 episcopus
1300 844 1518 890 servus
1581 844 1904 890 servorum
1962 823 2064 891 dei
2116 822 2580 890 venerabilibus
2635 817 2937 891 fratribus
2993 822 3195 888 archi-

317 926 638 1015 episcopis
669 932 734 993 et
762 930 1075 1015 episcopis
1107 936 1172 996 et
1199 929 1446 997 dilectis
1479 929 1624 997 filiis
1659 932 2011 1015 abbatibus,
2043 931 2381 1017 prioribus,
2415 929 2691 1013 decaniS,
2717 929 3192 1013 archidiaconis,

317 1034 684 1120 prepositiS,
719 1035 1264 1121 archipresbiteris
1297 1043 1360 1103 et
1391 1036 1534 1103 aliis
1565 1038 1973 1105 ecclesiarum
2002 1037 2265 1125 prelatis
2275 1035 2313 1121 ¹,
2363 1036 2443 1103 ad
2474 1056 2631 1123 quos
2660 1035 2870 1103 littere
2898 1037 3021 1103 iste
3050 1056 3194 1123 per-

314 1142 628 1225 venerint,
661 1140 929 1208 salutem
963 1148 1028 1209 et
1058 1144 1469 1230 apostolicam
1494 1144 2013 1212 benedictionem.
2242 1144 2508 1222 Querela
2527 1143 2897 1209 dilectorum
2919 1141 3192 1208 filiorum

315 1248 588 1314 fratrum
647 1248 870 1314 domus
933 1250 1264 1336 hospitalis
1322 1256 1536 1317 sancte
1591 1251 1790 1319 Marie
1838 1251 2358 1319 Theotonicorum
2408 1249 2891 1317 Ierosolimitani
2952 1250 3033 1315 ad
3077 1270 3193 1315 nos

315 1356 695 1422 transmissa
737 1358 1046 1443 pervenit,
1095 1358 1262 1443 quod
1306 1358 1592 1423 homines
1639 1358 2002 1443 eorundem,
2052 1380 2206 1445 quos
2254 1356 2561 1423 adulterio
2607 1357 2707 1423 vel
2754 1354 2878 1422 alio
2931 1357 3195 1423 crimine

317 1460 788 1548 deprehenditis
833 1462 1133 1548 irretitoS,
1179 1470 1400 1531 contra
1443 1464 1765 1531 libertates
1813 1486 1852 1531 a
1893 1467 2149 1551 regibus
2195 1470 2260 1531 et
2304 1463 2445 1530 aliis
2489 1462 2879 1549 principibus
2908 1462 3065 1548 ipsis
3096 1464 3195 1529 in-

317 1568 530 1635 dultas
573 1568 940 1654 pecuniaria
979 1556 1144 1655 pena
1185 1571 1444 1657 punitis,
1491 1572 1874 1658 presbiteros
1919 1573 2117 1639 eciam
2158 1569 2563 1637 ecclesiarum
2594 1590 2849 1635 suarum
2882 1576 2946 1635 et
2976 1589 3192 1635 omnes

319 1674 501 1759 alias,
559 1694 717 1760 quas
762 1680 998 1759 tenent,
1055 1698 1182 1742 non
1228 1678 1530 1744 dubitatis
1577 1685 1649 1745 ut
1692 1679 1921 1745 dicitur
1966 1674 2299 1745 indebitis⁸
2348 1676 2779 1743 exactionibus
2826 1695 3191 1759 aggravare.

317 1776 484 1859 Quia
511 1782 704 1864 igitur
735 1804 1074 1867 gravamen
1102 1784 1533 1871 predictorum
1573 1785 1842 1851 fratrum
1873 1784 2275 1853 dissimulare
2317 1804 2443 1854 non
2473 1804 2808 1869 possumus
2848 1802 2965 1848 nec
3004 1782 3191 1849 debe-

316 1908 484 1972 mus,
530 1909 686 1975 quos
733 1895 994 1977 propter
1037 1910 1348 1977 pauperes
1379 1890 1638 1975 Christi,
1685 1912 1949 1977 quorum
1996 1898 2145 1959 sunt
2184 1890 2499 1975 obsequiis
2542 1890 2904 1975 mancipati,
2950 1890 3016 1954 in
3060 1888 3191 1955 suis

319 1996 610 2063 volumus
656 1997 924 2063 iusticiis
957 1996 1308 2086 confovere,
1357 1999 1755 2065 universitati
1785 2006 1999 2065 vestre
2028 1999 2403 2065 auctoritate
2436 1996 2783 2084 apostolica
2811 1996 3189 2080 inhibemus,

319 2102 620 2187 quatinus
665 2102 952 2169 homines
998 2105 1283 2192 ipsorum
1327 2110 1550 2171 contra
1593 2105 1954 2173 libertatem
2001 2106 2091 2171 eis
2132 2105 2443 2172 indultam
2474 2124 2639 2190 pena.
2670 2103 3037 2190 pecuniaria
3064 2122 3194 2169 nou

317 2208 602 2275 multetis
657 2230 773 2276 nec
833 2210 1112 2277 ecclesiis
1172 2231 1389 2277 eorum
1447 2217 1557 2277 aut
1611 2212 1979 2298 presbiteris
2039 2213 2397 2279 exactiones
2452 2210 2765 2277 indebitas
2826 2209 3190 2296 imponatis,

317 2316 433 2381 sed
480 2316 560 2382 ab
606 2336 825 2383 eorum
870 2316 1178 2384 molestiis
1226 2317 1596 2385 desistentes
1643 2324 1864 2386 contra
1907 2319 2173 2385 iniurias
2218 2318 2706 2403 malignancium
2754 2322 3033 2383 vestrum
3086 2336 3193 2381 cu-

315 2423 474 2489 retis
519 2425 944 2509 patrocinium
989 2424 1304 2509 exhibere,
1350 2426 1444 2491 ita
1481 2425 1645 2510 quod
1689 2426 1944 2511 querela
1986 2446 2176 2512 super
2215 2425 2335 2493 hoe
2376 2425 2453 2490 ad
2488 2425 2877 2491 audienciam
2908 2428 3191 2489 nostram

317 2530 552 2596 iterata
597 2531 813 2598 venire
857 2551 985 2597 non
1031 2530 1289 2616 debeat,
1337 2552 1473 2599 nec·
1496 2552 1606 2599 vos
1654 2533 1910 2619 possitis
1958 2532 2037 2599 de
2084 2534 2359 2599 avaricia
2402 2531 2629 2599 merito
2674 2530 2775 2597 vel
2829 2533 3193 2615 contemptu

315 2744 522 2809 nostri
574 2764 740 2811 anno
785 2766 846 2811 v.

533 2866 654 2919 Sine
689 2868 836 2920 dato:
873 2869 916 2930 1,
941 2868 1010 2921 69
1025 2885 1100 2929 ις
1135 2868 1203 2931 11,
1233 2868 1334 2919 110
1348 2886 1394 2919 v.
1431 2885 1481 2919 ιι.
1503 2865 1599 2928 67;
1635 2868 1700 2920 Α.
1725 2868 1795 2919 20
1830 2888 1881 2921 ιι.
1906 2868 1975 2919 65
2014 2868 2193 2919 Latine
2228 2877 2282 2919 et
2306 2868 2605 2919 Germanice
2642 2882 2754 2917 cum
2788 2876 2934 2917 nota:
2971 2866 3024 2918 in
3046 2865 3187 2917 Mer-

317 3060 370 3093 n.
395 3040 476 3094 1⁷.
507 3074 568 3082 —-
609 3045 733 3095 Cum
770 3044 914 3096 dato:
951 3046 1192 3097 Laterani
1227 3044 1328 3096 xvii
1361 3045 1464 3097 kal.
1501 3045 1630 3097 febr.
1667 3063 1718 3112 p.
1743 3064 1795 3097 n.
1822 3065 1868 3097 a.
1895 3046 1959 3106 73
1996 3046 2086 3107 IV,
2117 3046 2212 3096 191
2252 3044 2419 3106 n.25;
2459 3044 2545 3095 Or.
2583 3044 2834 3109 quondam
2859 3042 3189 3108 Mergenthe-

318 3149 493 3183 mense
530 3148 642 3184 cum
675 3132 815 3185 bulla
848 3134 900 3185 in
925 3133 1022 3185 filis
1047 3134 1250 3185 sericeis
1275 3151 1504 3200 appensa
1528 3134 1578 3184 in
1605 3134 1805 3185 archivo
1831 3133 2019 3186 ordinis
2044 3134 2342 3184 Theutonici
2365 3132 2762 3184 Vindobonensi.
2814 3132 3193 3183 Transsumtum

320 3220 386 3270 de
416 3218 552 3271 1418
588 3221 698 3273 dec.
718 3223 752 3271 2
789 3222 840 3273 in
875 3224 1076 3275 archivo
1100 3222 1486 3288 Regimontano.
1533 3222 1642 3274 Ioh.
1667 3222 1754 3273 32.
1808 3222 2092 3274 Ediderunt
2116 3222 2383 3273 Onorsinus
2418 3221 2504 3271 fol.
2534 3222 2587 3272 C.
2607 3222 2657 3271 2.
2712 3220 2911 3273 Senner
2944 3218 3029 3271 sol.
3054 3220 3114 3269 Ε.
3140 3217 3192 3269 2.

318 3309 506 3375 Lunig,
541 3310 818 3363 'l'eutsehes
853 3310 1212 3363 Reichsarchiv
1246 3311 1381 3373 XVI,
1406 3310 1478 3365 80
1511 3328 1564 3363 ιι.
1591 3311 1677 3362 77.
1877 3311 1924 3363 1.
1960 3310 2229 3377 episcopis,
2266 3308 2532 3376 prioribus,
2568 3308 2951 3370 archidiaconis,
2989 3306 3193 3359 decanis

319 3402 376 3449 et
409 3415 457 3449 a.
483 3414 528 3449 e.
551 3415 603 3465 p.
627 3398 719 3452 IV.
755 3399 864 3453 1012.
889 3408 987 3451 etc.
1154 3400 1206 3451 2.
1243 3400 1391 3452 deest
1421 3400 1465 3452 Ι.
1501 3400 1566 3452 1³..
1591 3399 1676 3456 70.

325 3735 500 3808 338.
542 3739 717 3806 1221
765 3741 1055 3804 ianuarii
1095 3738 1184 3804 20
1229 3732 1553 3803 Laterani.
1640 3738 1968 3803 Honorius
2016 3737 2142 3803 III
2183 3738 2355 3803 iubet
2404 3738 2677 3801 vicarios
2732 3737 2821 3800 ad
2871 3738 3194 3801 servitium

540 3848 611 3911 in
658 3848 901 3913 ordinis
941 3844 1312 3912 Theutonici
1351 3846 1620 3910 ecclesiae
1667 3847 1973 3933 obliqatos
2018 3848 2089 3909 in
2115 3846 2403 3931 propriis
2428 3846 2715 3929 personis
2746 3844 2819 3908 id
2848 3856 3189 3929 praestare.

547 3986 865 4054 Honorius
924 3986 1255 4075 episcopus
1303 4007 1521 4053 servus
1582 4006 1905 4051 servorum
1963 3986 2064 4053 dei
2121 3984 2581 4052 venerabilibus
2636 3983 2936 4051 fratribus
2992 3984 3193 4050 archi-

323 4094 636 4181 episcopis
671 4100 736 4161 et
757 4094 1069 4181 episcopis
1103 4101 1167 4161 et
1197 4094 1441 4161 dilectis
1471 4092 1620 4159 filiis
1653 4092 2005 4177 abbatibuS,
2036 4092 2375 4180 prioribus,
2409 4092 2885 4176 archidiaconis,
2917 4091 3193 4175 decanis,

317 4200 680 4287 prepositis,
741 4201 1284 4288 archipresbiteris
1341 4206 1408 4268 et
1466 4200 1607 4266 aliis
1666 4199 2072 4266 ecclesiarum
2128 4200 2411 4287 prelatis,
2470 4200 2549 4267 ad
2606 4220 2763 4285 quos
2818 4198 3029 4264 littere
3072 4199 3193 4263 iste

317 4307 749 4394 pervenerint,
809 4308 1076 4375 salutem
1140 4314 1202 4375 et
1257 4306 1668 4394 apostolicam
1727 4306 2247 4374 benedictionem.
2472 4306 2705 4374 Dilecti
2758 4305 2905 4390 filii,
2962 4306 3193 4372 fratres

318 4414 541 4481 domus
598 4414 928 4500 hospitalis
986 4420 1202 4482 sancte
1256 4413 1456 4481 Marie
1516 4413 2040 4480 Theotonicorum
2088 4413 2592 4497 Ierosolimitani,
2646 4433 2903 4497 gravem
2950 4412 3031 4477 ad
3075 4432 3191 4478 nos

320 4522 777 4607 querimoniam
835 4521 1260 4605 destinarunt,
1323 4522 1492 4607 quod
1547 4520 1802 4607 quidam
1863 4541 2081 4586 eorum
2126 4520 2381 4604 vicarii,
2437 4521 2543 4606 qui
2601 4524 2893 4586 tenentur
2936 4519 3004 4584 in
3060 4520 3192 4585 suis

319 4627 598 4695 ecclesiis
627 4630 1046 4715 personaliter
1086 4627 1425 4712 deservire,
1469 4632 1689 4695 contra
1717 4626 2104 4694 voluntatem
2138 4628 2422 4714 ipsorum
2456 4632 2519 4693 et
2548 4626 2994 4693 inhibicionem
3024 4625 3191 4692 sedis

319 4735 662 4822 apostolice
705 4735 976 4803 vicarios
1023 4735 1180 4801 alios
1225 4735 1295 4801 in
1341 4736 1578 4802 eisdem
1613 4734 1891 4801 ecclesiis
1923 4735 2255 4801 instituere
2282 4753 2410 4800 non
2440 4733 2803 4819 formidant,
2850 4732 3016 4799 bona
3058 4732 3191 4817 illa,

319 4863 440 4929 que
483 4844 562 4911 de
608 4844 740 4909 suis
767 4843 1129 4929 percipiunt
1155 4842 1430 4927 vicariis,
1461 4844 1530 4909 in
1559 4864 1712 4911 usus
1743 4841 2277 4910 extraordinarios
2310 4841 2754 4928 expendentes.
2826 4839 2987 4917 Quia
3020 4860 3190 4925 vero,

317 4952 482 5017 sicut
534 4949 912 5037 temporalia
962 4950 1258 5017 metimus
1273 4999 1291 5034 ,
1347 4950 1440 5017 ita
1495 4956 1560 5017 et
1615 4947 2001 5037 spiritualia¹
2059 4970 2267 5019 serere
2320 4969 2439 5015 nos
2483 4952 2762 5034 oportet,
2822 4948 3192 5015 discrecioni
