3892 5609
1305 362 1728 414 romu-*rcum
1775 366 2217 417 nouanonuu
3033 355 3127 429 38
3140 355 3181 427 9

337 521 511 593 563.
557 525 735 592 1257
781 528 1034 611 anqusti
1058 526 1104 591 8
1147 524 1422 593 viterbii.
1492 527 1853 593 Alexander
1885 528 1997 593 IV
2030 542 2217 616 neqat
2260 530 2541 595 ordinem
2593 525 3039 594 Theutonicum
3083 532 3185 593 in-

553 636 748 699 vitum
789 656 906 720 per
939 634 1148 699 literas
1196 634 1572 721 apostolicas
1617 657 1724 699 seu
1770 636 2114 721 leyatorum
2157 650 2228 701 ut
2263 638 2601 723 provideat
2634 638 2927 720 cuiquam
2973 640 3182 701 teneri.

595 764 957 832 Alexander
1017 767 1346 852 episcopus
1405 786 1621 832 servus
1677 786 2001 834 servorum
2060 767 2161 833 dei
2218 766 2461 833 dilectis
2517 764 2661 832 filiis
2719 767 3185 853 preceptoribus

331 877 398 938 et
449 872 748 939 fratribus
806 873 1114 939 universis
1171 872 1498 960 hospitalis
1557 894 1606 939 s.
1651 870 1847 940 Marie
1893 874 2416 941 Theutonicorum
2465 880 2785 960 presentes
2831 874 3045 940 literas
3092 874 3187 940 in-

332 979 642 1066 specturis
699 979 962 1045 salutem
1009 985 1072 1046 et
1117 980 1522 1066 apostolicam
1566 981 2079 1049 benedictionem.
2352 979 2789 1047 Sincerissime
2838 981 3185 1047 devotionis

332 1086 733 1171 obsequium,
795 1086 962 1172 quod
1018 1087 1133 1153 deo
1190 1094 1254 1153 et
1311 1087 1691 1173 redemptori
1747 1094 1960 1155 nostro
2020 1088 2271 1155 domino
2335 1086 2517 1153 [besu
2572 1087 2821 1154 Christo
2876 1088 3189 1155 ferventer

331 1193 717 1279 impenditiS,
763 1200 838 1260 ut
879 1193 1044 1279 apud
1090 1194 1286 1280 ipsius
1333 1194 1730 1261 clementiam
1758 1196 1933 1261 vobis
1980 1195 2224 1262 celestis
2270 1194 2475 1280 patrie
2519 1194 2780 1279 gloriam
2828 1196 3185 1279 acquiratiS,

334 1298 780 1384 benignitatem
817 1299 980 1365 sedis
1015 1301 1350 1386 apostolice
1381 1305 1736 1388 promptam
1770 1307 1833 1368 et
1860 1302 2107 1369 facilem
2138 1302 2347 1369 reddit
2378 1302 2456 1367 ad
2488 1302 2717 1387 omnia,
2744 1322 2863 1388 que
2894 1301 3185 1369 cordibus

335 1408 557 1473 vestris
616 1406 956 1474 affectionis
1015 1413 1227 1475 sancte
1282 1408 1606 1495 proferant
1659 1409 2061 1475 incrementa.
2148 1407 2311 1475 Sane
2354 1410 2549 1475 vestri
2606 1408 2898 1475 honestas
2947 1409 3185 1476 ordinis

333 1513 562 1581 dilecta
606 1513 720 1579 deo
767 1518 832 1580 et
873 1520 1054 1597 grata
1097 1514 1381 1582 fidelibus
1427 1515 1734 1581 universis
1779 1515 2045 1583 multum
2066 1564 2085 1599 ,
2132 1521 2320 1603 prout
2366 1516 2751 1603 accepimus,
2800 1536 2877 1582 ex
2912 1535 2983 1583 eo
3019 1516 3187 1583 clara

331 1622 617 1688 redditur
673 1625 736 1687 et
791 1620 859 1686 in
914 1620 1166 1687 domino
1220 1622 1579 1705 roboratur,
1640 1623 1803 1707 quod
1858 1622 2065 1690 nullus
2122 1622 2199 1688 de
2260 1622 2476 1689 ordine
2534 1624 2673 1708 ipso
2730 1627 3023 1709 procuret
3078 1628 3189 1689 aut

333 1733 511 1816 petat
553 1727 828 1813 aliquam
875 1728 993 1794 sibi
1039 1728 1458 1814 provisionem
1505 1727 1644 1795 fieri
1689 1730 2043 1815 specialem,
2090 1729 2200 1795 sed
2246 1729 2367 1795 hiis
2414 1734 2774 1814 contentus,
2822 1750 2941 1815 que
2984 1730 3051 1797 in
3086 1750 3187 1797 re·-

333 1836 481 1919 gula
526 1840 589 1903 et
635 1835 884 1901 statutis
933 1835 1210 1902 eiusdem
1257 1836 1494 1902 ordinis
1541 1836 1955 1919 continentur,
2015 1834 2337 1903 humiliter
2384 1842 2449 1903 et
2492 1836 2861 1923 simpliciter
2902 1837 3074 1903 vivat
3116 1842 3187 1903 ut

336 1943 462 2027 alii,
509 1942 617 2027 qui
662 1948 809 2007 sunt
853 1943 933 2007 ad
977 1942 1392 2009 obediendum
1435 1944 1504 2009 in
1549 1943 1836 2009 omnibus
1882 1948 1945 2010 et
1990 1964 2103 2029 per
2134 1944 2345 2010 omnia
2390 1943 2683 2030 expediti.
2756 1942 2850 2011 Ob
2894 1944 3057 2011 hanc
3100 1944 3186 2010 si-

335 2050 582 2135 quidem
630 2069 884 2115 causam
927 2049 1306 2117 laudabilem
1353 2054 1416 2117 et
1459 2049 1774 2117 salubrem
1821 2070 1893 2117 ac
1939 2052 2150 2133 etiam,
2205 2050 2352 2136 quia
2396 2070 2505 2117 vos
2551 2050 2618 2115 in
2649 2049 2897 2118 Christo
2944 2052 3187 2117 sincera

335 2158 596 2225 caritate
663 2156 1010 2241 diligimus,
1072 2158 1468 2224 universitati
1526 2163 1732 2224 vestre
1799 2158 1876 2224 de
1931 2157 2189 2244 speciali
2261 2158 2465 2241 gratia
2536 2156 2961 2241 indulgemus,
3022 2154 3185 2242 quo'd

335 2264 522 2331 alicui
579 2264 932 2350 preceptori
977 2262 1074 2329 vel
1129 2264 1311 2329 fratri
1367 2264 1632 2350 predicti
1691 2266 1924 2331 ordinis
1972 2267 2165 2332 vestri
2223 2265 2299 2331 de
2337 2263 2659 2351 prelatura
2715 2285 2826 2332 seu
2879 2264 3183 2348 dignitate

337 2377 446 2439 aut
500 2370 702 2440 officio
749 2371 848 2437 vel
904 2370 1113 2437 baliva
1169 2391 1280 2437 seu
1334 2372 1518 2438 domo
1573 2376 1684 2438 aut
1741 2372 1816 2439 de
1876 2372 2345 2457 quibuscunque
2399 2372 2579 2438 bonis
2624 2370 2897 2438 eiusdem
2949 2372 3185 2438 ordinis

334 2499 448 2565 per
491 2479 706 2545 literas
763 2478 928 2544 sedis
990 2478 1328 2563 apostolice
1373 2484 1482 2544 aut
1535 2478 1882 2562 legatorum
1931 2480 2064 2545 eius
2119 2479 2487 2565 impetratas
2530 2478 2632 2545 vel
2677 2478 2753 2545 de
2806 2484 3010 2545 cetero
3066 2479 3186 2544 im‘-

334 2586 671 2673 petrandas
718 2586 900 2651 inviti
942 2605 1069 2650 non
1113 2586 1450 2651 teneamini
1499 2586 1846 2671 providere.
1916 2586 2171 2652 Irritum
2218 2586 2406 2653 etiam
2454 2591 2518 2652 et
2554 2586 2741 2652 inane
2772 2585 3183 2669 decernimus,

335 2696 392 2760 si
448 2692 600 2778 quid
658 2698 874 2759 contra
930 2697 1210 2759 tenorem
1265 2692 1462 2777 ipsius
1507 2693 1892 2777 indulgentie
1933 2694 2124 2759 fuerit
2170 2698 2561 2761 attentatum.
2655 2692 2827 2759 Nulli
2873 2714 3017 2777 ergo
3066 2698 3181 2760 etc.

335 2800 752 2867 concessionis
799 2805 862 2866 et
905 2799 1366 2865 constitutionis
1414 2804 1528 2865 etc.
1625 2798 1694 2867 Si
1741 2801 1880 2883 quis
1926 2803 2041 2867 etc.
2134 2798 2369 2867 Datum
2403 2800 2667 2867 Viterbii
2712 2800 2771 2865 vi
2818 2800 2902 2867 id.
2937 2802 3184 2884 augusti

335 2906 732 2993 pontificatus
776 2905 976 2971 nostri
1021 2925 1184 2971 anno
1230 2906 1438 2971 tertio,

545 3030 666 3082 Sine
703 3030 846 3081 dato:
885 3029 1123 3095 magistro
1159 3038 1212 3079 et
1247 3028 1482 3079 fratribus
1518 3036 1614 3081 etc.
1661 3028 1725 3080 A.
1750 3027 1820 3079 20
1856 3046 1906 3081 ιι.
1931 3029 2005 3081 94
2037 3030 2217 3081 Latine
2254 3039 2307 3081 et
2332 3029 2628 3083 Germanice
2664 3047 2773 3082 cum
2810 3037 2952 3082 nota:
2990 3030 3047 3081 In
3086 3030 3183 3080 Go-

333 3120 486 3181 lonia,
522 3120 574 3169 in
608 3118 867 3185 Marpurg,
905 3118 1024 3168 item
1059 3117 1110 3168 in
1147 3117 1557 3183 Mergentheym3
1594 3117 1660 3177 Π,
1689 3116 1790 3167 122
1801 3136 1874 3178 r.;
1911 3119 2197 3185 preceptori
2234 3128 2285 3170 et
2319 3119 2557 3171 fratribus
2592 3119 2643 3170 h.
2680 3138 2721 3169 s.
2755 3118 2827 3169 M.
2854 3118 2947 3169 Th.
2984 3118 3036 3168 in
3071 3117 3183 3186 Ap-

334 3208 504 3276 pullia.
559 3208 623 3259 R.
647 3208 716 3260 97
752 3206 882 3257 inter
906 3206 1130 3257 Alsatica
1165 3224 1215 3257 n.
1239 3206 1321 3258 12.
1345 3235 1407 3244 —
1447 3206 1568 3256 Cum
1594 3205 1737 3257 dato-z
1775 3206 1989 3259 Viterbii
2013 3206 2045 3259 6
2070 3206 2138 3258 id.
2160 3225 2275 3273 aug.
2304 3225 2353 3273 p.
2373 3225 2424 3257 n.
2452 3226 2497 3257 a.
2518 3208 2567 3259 3.
2606 3207 2695 3269 VI,
2721 3208 2823 3259 355
2836 3224 2882 3257 v.
2920 3205 2999 3258 ed.
3024 3206 3183 3258 Duel-

333 3298 430 3348 lius
454 3296 519 3357 ΙΙ,
544 3296 610 3347 14
643 3314 694 3346 ιι.
720 3294 784 3346 18
793 3313 810 3355 ς
839 3294 1150 3360 „preceptori
1173 3303 1224 3346 et
1245 3294 1480 3346 fratribus
1505 3294 1556 3345 in
1579 3294 1810 3347 Prussia“
1842 3295 1904 3347 A.
1929 3295 1995 3346 16
2027 3314 2078 3363 p.
2099 3296 2167 3346 44
2198 3295 2448 3362 „Barnli“;
2485 3314 2535 3362 p.
2555 3295 2623 3347 65
2654 3296 2734 3361 „in
2758 3294 3050 3361 Marpurg“.
3094 3296 3183 3345 In·

335 3387 522 3451 scripta
561 3383 872 3451 „preceptori
917 3392 969 3433 et
1013 3383 1246 3434 fratribus
1295 3384 1346 3435 h.
1383 3402 1422 3436 s.
1455 3384 1528 3435 M.
1562 3384 1684 3434 'fbf‘
1726 3384 1774 3433 in
1814 3384 2112 3435 Alemannis
2147 3384 2237 3446 IV,
2262 3384 2365 3435 209
2400 3403 2450 3435 n.
2477 3384 2537 3445 6;
2585 3385 2648 3435 R.
2674 3384 2741 3435 85
2782 3384 2913 3435 inter
2944 3383 3184 3449 Mergen-

335 3473 616 3526 themensia
650 3491 701 3523 ιι.
727 3472 813 3522 41.
849 3470 1322 3537 Mergenthemense
1358 3473 1608 3539 quondam
1644 3472 1884 3537 originale
1921 3489 2034 3523 cum
2070 3472 2205 3524 bulla
2240 3474 2291 3524 in
2326 3472 2424 3523 filis
2462 3473 2661 3525 sericeis
2697 3490 2923 3540 appensa
2956 3472 3107 3524 hodie
3134 3472 3186 3523 in

335 3563 534 3615 archivo
569 3562 757 3613 ordinis
794 3560 1087 3612 Theutonici
1115 3561 1504 3613 Vindobonensi.
1565 3561 1882 3627 „preceptori
1917 3570 1971 3612 et
2003 3561 2236 3613 fratribus
2274 3563 2324 3613 h.
2352 3580 2389 3613 s.
2415 3561 2487 3613 M.
2512 3561 2605 3613 Th.
2640 3562 2693 3613 in
2717 3561 2951 3613 Pruscia“
2993 3561 3055 3612 R.
3087 3560 3188 3611 124

335 3653 467 3704 inter
499 3650 882 3715 Marburgensia
919 3660 970 3699 et
1006 3650 1055 3700 in
1093 3650 1384 3716 apographo
1420 3650 1570 3700 trium
1606 3649 1876 3711 bullarum,
1919 3650 2053 3717 quod
2089 3650 2155 3701 ad
2190 3650 2479 3702 mandatum
2513 3651 2740 3718 magistri
2773 3649 3024 3717 generalis
3060 3649 3110 3701 d.
3136 3648 3185 3701 d.

337 3740 679 3805 Matienburgi
720 3737 855 3789 1336
891 3738 1101 3789 ianuarii
1137 3738 1170 3788 6
1217 3738 1270 3789 in
1315 3738 1565 3804 publicam
1607 3737 1816 3789 formam
1851 3738 2050 3805 redegit
2084 3738 2260 3790 Bando
2298 3738 2549 3791 Stenionis
2586 3740 2704 3806 imp.
2740 3748 2841 3791 aut.
2879 3746 2981 3790 not.
3016 3739 3185 3806 publi-

337 3846 452 3889 cus,
497 3836 752 3879 asservato
799 3828 852 3879 in
889 3827 1088 3880 archivo
1123 3827 1518 3893 Regimontan03
1565 3828 1645 3877 ed.
1670 3826 1795 3879 Livl.
1821 3828 1883 3879 U.
1907 3826 1969 3877 B.
2007 3827 2058 3888 1,
2084 3827 2187 3878 400
2222 3846 2272 3882 ιι.
2298 3828 2419 3879 313.
2484 3828 2607 3879 Cum
2640 3828 2989 3895 inscriptione:
3038 3844 3185 3893 „pre-

337 3917 527 3983 ceptori
562 3926 614 3967 et
646 3916 883 3968 fratribus
921 3916 970 3966 h.
997 3934 1037 3967 s.
1060 3915 1131 3967 M.
1157 3916 1250 3967 Th.
1287 3916 1339 3967 in
1375 3915 1608 3966 Livonia“
1649 3916 1701 3967 in
1737 3924 2041 3969 transsumto
2064 3916 2301 3969 Iohannis
2328 3916 2602 3968 Oulmensis
2640 3925 2694 3968 et
2717 3916 2967 3968 Gerhardi
3000 3916 3184 3969 Pome-

337 4005 583 4056 saniensis
639 4005 986 4072 episcoporum
1045 4005 1093 4055 d.
1133 4005 1262 4055 1421
1315 4020 1428 4055 nov.
1464 4004 1501 4053 4
1545 4002 1872 4071 Schonbergi.
1945 4004 2004 4055 In
2060 4006 2409 4071 designatione
2456 4005 2779 4057 Mitowiensis
2826 4005 3013 4057 archivi
3057 4004 3185 4057 Hol-

337 4094 516 4145 miensi
548 4095 727 4145 citatur
763 4113 845 4161 ap.
877 4094 1112 4145 Schirren
1159 4111 1210 4160 p.
1240 4094 1334 4145 131
1375 4110 1425 4143 ιι.
1456 4094 1580 4143 111:
1635 4093 1960 4157 „constitutio
1996 4094 2273 4145 Alexandri
2308 4111 2471 4160 papae
2507 4094 2597 4156 IV,
2645 4111 2743 4161 qua
2778 4094 3084 4155 continetur,
3132 4102 3189 4145 ut

338 4183 517 4235 fratres
555 4184 618 4234 de
643 4183 852 4234 Livonia
887 4182 973 4233 ulli
1009 4182 1321 4249 praeceptori
1357 4190 1444 4231 aut
1477 4180 1619 4231 fratri
1653 4199 1752 4232 non
1789 4190 2053 4233 teneant-ur
2088 4182 2230 4233 inviti
2266 4182 2527 4248 providere
2562 4200 2654 4249 per
2679 4182 2849 4235 literas
2886 4182 3188 4257 apostolicae

339 4272 472 4323 sedis
507 4281 596 4322 aut
629 4271 908 4338 legatorum
944 4272 1051 4322 eius
1088 4269 1426 4338 impetrandas
1461 4269 1542 4320 vel
1579 4270 1884 4337 impetratas.
1939 4272 2072 4322 Data
2108 4270 2141 4321 6
2169 4271 2235 4322 id.
2264 4288 2377 4337 aug.
2414 4271 2733 4338 pontificatus
2770 4290 2815 4322 a.
2841 4272 2891 4323 3.
2950 4272 3071 4323 Cum
3106 4270 3185 4321 in-

337 4361 629 4427 scriptione:
683 4360 1088 4426 „preceptoribus
1137 4368 1190 4411 et
1230 4359 1465 4411 fratribus
1512 4359 1562 4411 h.
1599 4378 1638 4410 s.
1673 4360 1834 4411 Mai-ie
1880 4360 1975 4411 Th.
2010 4360 2141 4412 Ihr.“
2184 4368 2237 4411 et
2280 4359 2457 4411 eodem
2505 4360 2624 4411 dato
2660 4360 2875 4411 Viterbii
2909 4359 2943 4411 6
2978 4360 3047 4411 id.
3072 4376 3188 4426 aug.

339 4466 391 4515 p.
417 4466 466 4500 n.
494 4467 539 4499 a.
565 4450 598 4500 3
631 4448 894 4514 „Colonie“
921 4450 986 4500 A.
1015 4448 1080 4499 16
1117 4466 1168 4515 p.
1195 4448 1280 4501 70.
1303 4478 1365 4488 -
1401 4448 1820 4515 Praeceptoribus
1845 4456 1898 4499 et
1919 4448 2155 4501 fratribus
2180 4447 2367 4499 ordinis
2391 4448 2685 4500 'l'heutonici
2710 4449 2781 4515 (in
2808 4449 2958 4501 rubro
2982 4447 3188 4515 legitur:

339 4555 430 4604 pro
454 4536 678 4597 Boemie„
711 4536 954 4599 Moravia,
989 4538 1216 4605 Austris)
1253 4554 1366 4589 cum
1400 4536 1535 4589 bulla
1569 4538 1621 4588 in
1656 4524 1754 4589 filii
1791 4538 1991 4589 sericeis
2028 4536 2189 4589 rubris
2225 4546 2278 4588 et
2311 4536 2459 4589 luteis
2496 4538 2547 4589 in
2583 4538 2783 4591 archivo
2808 4537 2995 4589 ordinis
3017 4537 3185 4589 Theu-

340 4626 920 4688 toniciVindobonens13
957 4625 1144 4678 dudum
1180 4626 1354 4678 domus
1379 4624 1800 4679 vindobonensis.

347 4794 494 4867 563
516 4813 578 4865 a.
615 4798 796 4865 1257
820 4802 1076 4885 unqu-sti
1088 4798 1133 4864 8
1157 4798 1230 4879 (9
1245 4799 1302 4879 9)
1341 4798 1616 4864 Viterhii.
1666 4798 2029 4863 Alexander
2051 4796 2160 4863 IV
2174 4801 2397 4885 repetit
2414 4822 2477 4861 π.
2494 4798 2626 4864 540
2648 4800 2725 4863 de
2746 4798 2873 4864 125
2880 4797 2922 4862 7
2946 4798 3105 4862 maii
3122 4796 3185 4863 3.

563 4930 922 4998 'Alexander
967 4935 1082 4999 etc.
1307 4930 1428 5010 Qui
1471 4950 1550 4997 ex
1596 4936 1712 4998 etc.
1779 4930 2013 4997 Datum
2046 4930 2313 4997 Viterbii
2354 4930 2420 4997 vi
2464 4932 2529 5012 (v
2540 4930 2593 5012 Ρ)
2641 4930 2723 4997 id.
2756 4948 2897 5014 aug.
2940 4927 3191 5024 pontifi-

341 5044 516 5107 catus
559 5040 760 5106 nostri
808 5058 970 5105 anno
1015 5039 1220 5105 tertio.
