3892 5609
703 290 744 361 2
757 290 855 361 64
1673 298 2099 348 1011111110οΜ
2141 256 2585 349 sommam!

697 459 944 525 Konigsb.
968 458 1120 521 1813,
1154 458 1289 509 unde
1325 456 1477 509 etiam
1511 476 1604 509 nos
1629 458 1873 524 quasdam
1899 466 2050 509 notae
2076 457 2457 524 chronologicae
2483 457 2703 531 syllabas
2742 458 2861 525 (00.1
2900 494 2913 510 .
2934 494 2948 509 .
2967 454 3047 509 u?
3062 467 3116 509 et
3148 474 3203 524 p.
3222 475 3273 508 n.
3294 475 3341 508 a.
3358 456 3568 523 quarto)

677 558 978 600 ,atramento
1014 549 1064 598 in
1091 546 1321 614 originali
1358 548 1584 600 obtectas
1621 546 1979 614 supplevimus.
2032 547 2207 599 Edidit
2234 548 2383 601 etiam
2408 548 2618 599 Hennes
2644 548 2765 600 eod.
2792 547 2899 599 ord.
2918 546 3217 599 'theutonici
3238 546 3281 608 1,
3315 547 3367 597 in
3406 562 3567 611 prae-

697 630 886 689 fatione
922 655 972 704 p.
997 637 1088 689 111.
1145 637 1450 688 Vidimatam
1495 636 1690 703 copiam
1727 636 1776 687 d.
1805 636 1854 687 d.
1883 636 2019 687 1302
2055 636 2155 688 ian.
2180 638 2245 688 31
2287 654 2349 688 ex
2395 638 2593 689 archivo
2634 636 2823 689 ordinis
2858 636 3154 689 'l'heutonici
3182 632 3575 687 Vindobonansi

699 728 818 778 citat
852 726 914 778 B.
935 726 1109 777 Dudik
1145 726 1249 777 Des
1285 726 1454 778 hohen
1483 724 1774 777 Deutschen
1799 725 2150 777 Ritterordens
2174 725 2613 793 Mfinzsammlung
2647 727 2699 778 in
2718 726 2884 779 Wien.
2920 724 3071 779 Wien
3101 724 3253 777 1858.
3298 725 3349 776 4.
3394 741 3449 791 p.
3474 722 3570 774 45.

701 1064 878 1137 296.
920 1068 1096 1136 1196
1131 1070 1260 1133 dec.
1285 1068 1369 1135 21
1404 1068 1730 1135 Laterani.
1801 1064 2176 1133 Coelestimae
2199 1066 2325 1135 ΙΙΙ
2340 1068 2632 1153 fratrum
2661 1067 2991 1156 hospitalis
3036 1089 3085 1132 0.
3120 1068 3375 1133 Man‘ae
3404 1066 3569 1133 Ale-

917 1197 1294 1241 mannorum
1335 1178 1779 1262 protectionem
1821 1178 2105 1263 suscipit.

921 1314 1270 1383 celestinus
1317 1317 1648 1404 episcopus
1701 1335 1919 1383 servus
1976 1334 2300 1385 servorum
2345 1314 2447 1382 dei
2504 1316 2746 1383 dilectis
2790 1314 2938 1383 filiis
2992 1314 3295 1382 fratribus
3346 1314 3573 1401 hospi-

696 1426 844 1492 talis
901 1430 1114 1491 sancte
1160 1423 1358 1491 Marie
1404 1424 1852 1491 Alemanorum
1865 1419 1885 1452 ²
1927 1422 2409 1490 lerosolimitani
2466 1428 2597 1491 tam
2653 1423 3048 1511 presentibus
3096 1442 3283 1508 quam
3330 1422 3569 1489 futuris

697 1532 1070 1617 regulariter
1099 1526 1586 1598 substituendis²
1616 1532 1685 1597 in
1715 1535 2107 1618 perpetuum.
2166 1529 2477 1598 Effectum
2510 1525 2712 1598 iusta⁸
2735 1530 3196 1617 postulantibus
3234 1529 3567 1613 indulgere

697 1645 764 1707 et
808 1641 982 1724 vigor
1035 1640 1331 1724 equitatis
1375 1645 1440 1706 et
1482 1638 1636 1705 ordo
1684 1639 1882 1721 exigit
1922 1637 2219 1721 rationis,
2263 1638 2595 1725 presertim
2644 1638 2891 1724 quando
2936 1638 3294 1725 petencium
3338 1637 3569 1703 volun-

696 1753 896 1814 tatem
943 1751 1007 1813 et
1049 1747 1251 1832 pietas
1297 1746 1556 1814 adiuvat
1599 1751 1665 1813 et
1693 1746 1922 1812 veritas
1966 1765 2093 1811 non
2128 1743 2445 1830 relinquit.
2514 1744 2889 1832 Eapropter,
2934 1745 3146 1813 dilecti
3191 1746 3261 1811 in
3304 1745 3565 1813 domino

695 1854 842 1939 filii,
894 1853 1121 1921 vestris
1167 1854 1348 1921 iustis
1407 1852 1933 1941 postulationibus
1990 1852 2328 1919 clementer
2384 1853 2717 1920 annuimus
2762 1857 2827 1919 et
2876 1854 3193 1940 prefatum
3248 1850 3565 1939 hospitale

697 1968 913 2029 sancte
942 1960 1142 2028 Marie
1172 1961 1665 2039 Alemannorum
1697 1959 2284 2043 lerosolimitanum,
2330 1960 2398 2026 iu
2428 1980 2551 2045 quo
2582 1961 2793 2027 divino
2827 1962 3175 2048 mancipati
3217 1957 3409 2027 estis‘
3452 1959 3563 2025 ob-

697 2071 945 2154 sequio,
1003 2069 1119 2136 sub
1165 2070 1333 2136 beati
1379 2067 1551 2135 Petri
1607 2073 1671 2135 et
1713 2068 1916 2133 nostri
1974 2070 2363 2154 protectione
2414 2068 2789 2155 suscipimus
2848 2074 2913 2134 01
2967 2070 3281 2155 presentis
3340 2066 3561 2153 scripti

697 2176 1026 2263 privilegio
1073 2175 1531 2242 communimus
1547 2225 1566 2260 ,
1625 2179 2005 2259 statuentes,
2064 2179 2169 2259 ut,
2227 2193 2627 2260 quascunque
2672 2176 3132 2261 possessiones,
3192 2194 3563 2261 quecunque

697 2284 862 2351 bona
905 2283 1075 2349 idem
1117 2282 1431 2369 hospitale
1473 2283 2012 2368 inpresenciarum
2041 2282 2207 2348 iuste
2240 2287 2304 2348 01
2332 2282 2627 2348 canonice
2673 2282 2972 2369 possidet,
3020 2287 3129 2349 0111
3172 2282 3238 2349 111
3278 2282 3559 2350 futurum

655 2450 670 2473 ,
697 2392 1096 2457 concessione
1140 2389 1526 2477 pontificum,
1573 2389 1914 2475 largicione
1958 2409 2177 2473 regum
2208 2388 2307 2454 vel
2352 2389 2731 2476 principum,
2780 2389 3093 2457 oblatione
3122 2388 3409 2457 fidelium
3452 2410 3563 2456 seu

697 2498 839 2565 aliis
885 2498 1067 2563 iustis
1113 2498 1318 2563 modis
1364 2502 1683 2583 prestante
1732 2496 1983 2564 domino
2016 2496 2252 2585 poterit
2292 2496 2575 2582 adipisci,
2620 2495 2806 2563 firma
2832 2497 3009 2564 vobis
3041 2497 3395 2582 vestrisque
3424 2516 3563 2563 suc-

697 2605 1048 2673 cessoribus
1094 2610 1158 2672 et
1187 2604 1448 2671 illabata
1476 2610 1906 2691 permaneant.
1979 2604 2048 2671 In
2080 2604 2302 2690 quibus
2341 2600 2491 2670 hec‘
2521 2606 2795 2691 propriis
2826 2602 3118 2670 duximus
3150 2604 3565 2692 exprimenda

695 2712 1049 2779 vocabulis:
1105 2710 1313 2778 locum
1357 2712 1599 2798 ipsum,
1653 2713 1721 2777 in
1768 2731 1888 2797 quo
1936 2712 2247 2797 prefatum
2296 2711 2603 2798 hospitale
2650 2712 2837 2778 situm
2886 2716 3011 2796 est,
3068 2732 3207 2779 cum
3270 2713 3561 2781 omnibus

698 2820 1096 2909 pertinentiis
1142 2820 1302 2901 suis;
1351 2819 1626 2903 domum,
1676 2840 1864 2906 quam
1911 2819 2155 2885 habetis
2189 2818 2471 2903 Scalone,
2520 2839 2660 2886 cum
2692 2820 2892 2886 vineis
2938 2824 3003 2886 01
3031 2818 3323 2887 omnibus
3368 2822 3562 2907 perti-

697 2927 938 2995 nenciis
985 2927 1145 3009 suis;
1191 2924 1409 2992 Zamzi
1440 2946 1581 2993 cum
1612 2928 1900 2995 omnibus
1947 2926 2351 3014 pertinenciis
2382 2927 2513 2993 suis
2546 2932 2610 2993 01
2638 2926 2877 3011 (1011100,
2923 2946 3079 3013 quas
3114 2927 3364 2994 habetis
3394 2928 3562 3015 apud

699 3036 950 3119 Ramas‚
997 3054 1139 3101 cum
1171 3034 1460 3101 omnibus
1505 3035 1911 3122 pertinenciis
1945 3036 2107 3116 suis3
2157 3030 2445 3100 domum⁶
2476 3038 2541 3101 et
2568 3034 2783 3100 vineas
2814 3040 2879 3101 01
2906 3035 3357 3122 possessiones,
3400 3056 3561 3121 quas

698 3142 946 3210 habetis
993 3141 1160 3228 apud
1203 3138 1452 3207 Iaffam⁷
1497 3161 1640 3210 cum
1688 3143 1976 3209 omnibus
2020 3142 2427 3229 pertinenciis
2474 3142 2602 3207 suis
2650 3146 2713 3207 et
2758 3142 3033 3226 domum,
3082 3162 3271 3227 quam
3317 3142 3563 3209 habetis

702 3250 870 3338 apud
916 3250 1131 3316 Accon
1187 3249 1506 3315 civitatem
1552 3270 1695 3317 cum
1741 3249 2029 3316 omnibus
2084 3247 2487 3335 pertinenciis
2532 3249 2665 3315 suis
2724 3254 2787 3315 et
2836 3249 3043 3317 casale
3089 3250 3166 3316 de
3210 3248 3563 3337 Capharsin

702 3364 766 3425 et
823 3358 1062 3425 vultam
1117 3376 1316 3444 prope
1372 3361 1622 3444 portam
1677 3358 1879 3423 0011011
1935 3356 2243 3443 Nicholay
2298 3376 2437 3424 cum
2496 3355 2783 3423 omnibus
2840 3356 3245 3444 pertinenciis
3312 3357 3446 3425 suis
3500 3362 3565 3423 et

704 3468 981 3550 domum,
1027 3485 1216 3550 quam
1261 3464 1505 3532 habetis
1550 3464 1618 3531 in
1663 3465 1830 3550 Tyro
1876 3484 2017 3530 cum
2066 3464 2353 3530 omnibus
2385 3462 2791 3551 pertinenciis
2822 3464 2972 3530 suis,
3046 3462 3210 3532 Sane
3244 3464 3561 3531 novalium

706 3579 1086 3656 vestrorum,
1146 3592 1267 3657 que
1321 3570 1594 3659 propriis
1652 3572 1941 3639 manibus
2002 3577 2110 3639 aut
2154 3572 2505 3658 sumptibus
2554 3572 2791 3657 0011110,
2848 3573 2982 3640 sive
3027 3572 3105 3639 de
3162 3573 3559 3639 nutrimentis

704 3680 1070 3747 animalium
1117 3687 1468 3746 vestrorum
1511 3678 1721 3746 nullus
1769 3701 1806 3746 a
1840 3678 2016 3746 vobis
2063 3679 2336 3747 decimas
2384 3680 2633 3763 exigere
2678 3684 2787 3746 aut
2816 3685 3187 3765 extorquere
3218 3686 3556 3767 presumat.

704 3787 952 3856 Crisma
996 3808 1164 3872 vem,
1212 3786 1417 3853 oleum
1463 3792 1780 3871 sanctum,
1836 3788 2333 3855 consecrationes
2381 3787 2675 3853 altarium
2720 3808 2832 3854 seu
2877 3786 3278 3855 basilicarum
3323 3794 3559 3857 vestra-

703 3917 866 3980 rum,
916 3896 1348 3962 ordinaciones
1393 3894 1763 3962 clericorum
1790 3899 2165 3979 vestrorum,
2212 3895 2321 3979 qui
2367 3893 2446 3961 ad
2494 3912 2703 3962 sacros
2746 3894 2999 3961 ordines
3042 3894 3279 3961 fuerint
3312 3916 3557 3982 promo-

703 4004 911 4087 vendi,
960 4008 1024 4069 et
1050 4002 1179 4069 alia
1207 4002 1628 4068 ecclesiastica
1659 4007 2052 4068 sacramenta
2082 4024 2121 4069 a
2150 4002 2480 4069 diocesano
2518 4004 2831 4089 episcopo,
2880 4002 3189 4087 siquidem
3220 4004 3557 4071 catholicus

703 4110 896 4177 fuerit
941 4116 1003 4177 01
1047 4110 1313 4193 gratiam
1363 4115 1550 4195 atque
1607 4112 2108 4178 communionem
2162 4108 2501 4196 apostolice
2547 4110 2711 4176 sedis
2756 4109 3075 4194 habuerit,
3133 4110 3313 4177 vobis
3368 4111 3556 4196 gratis

707 4223 772 4285 et
827 4218 960 4283 sine
1016 4218 1326 4303 pravitate
1385 4216 1596 4301 aliqua
1654 4218 2034 4304 precipimus
2094 4217 2392 4285 exhiberi.
2480 4216 2879 4304 Sepulturam
2940 4222 3231 4303 preterea
3286 4221 3557 4287 eiusdem

704 4325 828 4391 loci
872 4325 1138 4392 liberam
1183 4344 1318 4391 esse
1366 4326 1618 4391 omnino
1665 4325 2076 4409 decernimuS,
2131 4331 2201 4392 ut
2246 4344 2461 4393 00111111
2506 4324 2861 4392 devocionis
2908 4330 3189 4393 extreme
3234 4326 3554 4409 voluntati,

707 4433 816 4518 qui
861 4454 928 4499 se
973 4432 1103 4498 illic
1148 4432 1445 4520 seppeliri
1491 4431 1993 4518 deliberaverint,
2038 4435 2163 4500 nisi
2190 4434 2352 4499 forte
2384 4433 2907 4499 excommunicati
2936 4433 3036 4499 vel
3067 4434 3389 4501 interdicti
3418 4436 3555 4519 sint,

705 4540 916 4607 nullus
949 4535 1277 4621 obsistat⁸3
1325 4540 1504 4607 salva
1545 4545 1759 4607 tamen
1803 4540 2054 4608 iusticia
2093 4537 2345 4607 illarum
2380 4539 2802 4624 ecclesiarum,
2851 4561 2890 4607 a
2918 4541 3143 4625 quibus
3172 4547 3556 4610 mortuorum

707 4666 972 4733 corpora
1019 4653 1438 4714 assumuntur.
1509 4647 1658 4715 Paci
1705 4668 1949 4734 quoque
1996 4653 2060 4715 et
2099 4646 2545 4733 tranquillitati
2575 4651 2783 4714 vestre
2826 4652 3092 4734 paterna
3134 4648 3202 4715 in
3243 4656 3553 4735 posterum

707 4754 1127 4821 sollicitudine
1171 4748 1502 4840 providere
1547 4755 1847 4839 volenteS,
1895 4756 2267 4822 auctoritate
2312 4754 2657 4843 apostolica
2684 4755 3028 4822 districtius
3066 4754 3440 4843 inhibemuS,
3482 4777 3557 4823 ne

706 4863 874 4929 infra
903 4862 1224 4928 clausuras
1255 4862 1475 4931 domus
1506 4869 1713 4930 vestre
1743 4860 1942 4930 ullus⁹
1972 4863 2263 4950 rapinam
2295 4884 2405 4931 seu
2434 4864 2671 4929 furtum
2700 4864 2928 4947 facere,
2973 4864 3181 4947 ignem
3228 4884 3553 4952 apponere,

709 4970 1080 5053 sanguinem
1109 4960 1414 5056 fundere,
1436 4969 1753 5040 hominem
1785 4976 2022 5039 temere
2052 4991 2275 5058 capere
2305 4970 2407 5039 vel
2432 4969 2785 5039 interficere
2812 4991 2927 5039 seu
2954 4970 3311 5039 molestiam
3338 4971 3555 5041 audeat
