3892 5609
1324 366 1712 414 vamzcm
1758 366 2147 414 GENERALIA
3012 356 3158 427 397

312 522 488 593 581.
531 524 710 591 1258
750 526 920 589 iunii
959 525 1004 589 8
1049 522 1162 610 (⁶f·
1195 528 1365 592 iunii
1403 528 1479 605 9,·
1523 494 1686 592 inter
1728 527 1908 593 1258
1952 528 2155 592 decbr.
2189 527 2279 593 12
2324 539 2381 592 et
2422 526 2599 593 1259
2642 526 2842 591 decb-r.
2876 526 2995 607 11)
3054 528 3162 593 Vi-

530 632 733 697 terbii.
812 632 1176 697 Alexander
1207 634 1316 700 IV
1353 636 1632 700 concedit
1689 634 1904 700 ordini
1955 634 2363 715 Theutonico‚
2422 646 2493 699 ut
2546 635 2634 699 ad
2688 634 2971 699 ecclesias
3017 658 3165 699 suas

529 741 879 805 dioc-esame
925 740 1177 806 clericos
1221 741 1568 807 saeculares
1609 744 1864 808 idoneos
1907 755 2317 828 praesentent.

532 870 891 939 Alexander
937 873 1262 959 episcopus
1321 894 1536 939 servus
1597 894 1920 940 servorum
1981 874 2081 939 dei
2142 873 2385 940 dilectis
2442 872 2590 938 filiis
2637 924 2652 937 .
2680 924 2697 939 .
2747 873 3047 956 magistro
3103 878 3167 939 et

307 978 608 1044 fratribus
654 978 983 1065 hospitalis
1030 986 1243 1046 sancte
1271 979 1469 1046 Marie
1501 980 2027 1048 Theutouicorum
2067 980 2547 1047 Ierosolimitani
2592 980 2859 1045 salutem
2906 984 2970 1045 et
3015 999 3167 1065 apo-

310 1084 599 1151 stolicam
641 1085 1158 1152 benedictionem.
1339 1086 1527 1154 Iustis
1572 1088 1917 1174 petentium
1967 1086 2292 1153 desideriis
2340 1088 2595 1172 dignum
2628 1094 2723 1154 est
2766 1108 2879 1152 nos
2917 1087 3163 1153 facilem

309 1192 572 1277 prebere
616 1213 941 1259 assensum
984 1200 1048 1260 et
1077 1199 1243 1278 vota,
1291 1214 1411 1279 que
1452 1216 1490 1261 a
1521 1196 1782 1261 rationis
1814 1195 2069 1261 tramite
2100 1214 2224 1259 non
2256 1194 2635 1279 discordant,
2684 1192 2904 1261 effectu
2949 1214 3163 1280 prose·-

310 1305 540 1385 quente
584 1300 914 1386 complere.
978 1300 1080 1366 Ex
1114 1306 1293 1387 parte
1325 1302 1632 1387 siquidem
1663 1308 1876 1369 vestra
1916 1302 2039 1368 fuit
2068 1300 2458 1388 propositum
2488 1321 2699 1367 coram
2730 1301 2928 1385 nobiS,
2978 1300 3164 1386 quod,

309 1426 454 1473 cum
498 1427 610 1474 vos
668 1407 747 1473 ad
793 1407 1086 1475 ecclesias
1143 1408 1223 1475 ad
1269 1430 1378 1475 vos
1424 1414 1806 1495 spectanteS,
1852 1428 1993 1475 cum
2044 1429 2147 1475 eas
2195 1428 2416 1474 vacare
2460 1408 2796 1492 contingit,
2849 1408 3164 1474 interdum

304 1514 536 1581 fratres
579 1513 773 1580 vestri
817 1515 1076 1600 ordiniS,
1124 1516 1488 1601 plerumque
1531 1537 1677 1583 vero
1722 1516 1978 1582 idoneos
2024 1515 2282 1583 clericos
2328 1514 2657 1601 seculareS,
2705 1515 2811 1599 qui
2843 1514 3163 1581 vobiscum

307 1621 379 1686 in
431 1620 654 1687 vestris
710 1622 996 1689 domibus
1054 1629 1510 1690 commorantes
1565 1624 1632 1688 in
1686 1644 1904 1689 mensa
1959 1628 2169 1689 vestra
2224 1624 2554 1688 comedant
2608 1627 2673 1689 et
2728 1620 3043 1689 dormiant
3099 1621 3167 1687 in

309 1734 520 1794 vestro
566 1728 954 1814 dormitorio,
1001 1729 1346 1796 diocesanis
1380 1731 1710 1817 episcopie,
1756 1735 1944 1816 prout
1974 1730 2050 1795 ad
2084 1750 2195 1796 vos
2236 1731 2527 1815 pertinet,
2573 1730 2979 1817 presentetis;
3030 1730 3166 1814 qui-

312 1833 458 1900 dam
504 1835 783 1920 ipsorum
825 1858 930 1903 eos
963 1838 1291 1903 admittere
1323 1857 1436 1923 pro
1469 1858 1577 1903 sue
1607 1837 1944 1903 voluntatis
1976 1836 2239 1904 arbitrio
2270 1838 2721 1921 contradicunt,
2767 1836 2887 1902 nisi
2918 1841 3165 1902 tantum

312 1941 403 2008 eis
449 1942 527 2007 de
570 1944 852 2029 ipsorum
896 1944 1302 2031 proventibus
1351 1944 1682 2027 assignetis
1695 1940 1733 2027 ¹,
1780 1944 1946 2029 quod
1992 1944 2114 2011 sibi
2158 1951 2222 2011 et
2267 1946 2397 2011 suis
2444 1951 2623 2011 extra
2668 1944 2887 2011 domus
2925 1948 3165 2011 vestras

310 2050 701 2116 morantibus
745 2051 930 2137 plene
977 2050 1266 2134 sufficiat,
1315 2051 1804 2138 hospitalitatem
1852 2052 2185 2119 observent
2229 2060 2295 2118 et
2332 2052 2408 2119 de
2438 2052 2676 2119 iuribus
2708 2050 3166 2138 episcopalibus

312 2155 661 2223 diocesanis
709 2159 1019 2245 episcopis
1064 2160 1305 2243 integre
1339 2158 1631 2225 studeant
1673 2158 2082 2245 respondere3
2131 2180 2488 2244 quanquam
2518 2180 2627 2225 vos
2672 2158 3165 2246 hospitalitatem

311 2266 574 2331 servetis
622 2285 695 2331 ac
738 2264 864 2331 illis
911 2266 987 2333 de
1032 2267 1187 2353 ipsis
1232 2267 1472 2333 iuribus
1521 2268 1658 2333 sitis
1705 2264 2083 2353 respondere
2129 2268 2354 2352 parati.
2432 2250 2635 2345 Quare
2683 2288 2797 2353 pro
2827 2266 3004 2333 vobis
3047 2268 3169 2333 fuit

310 2371 493 2438 nobis
537 2371 857 2440 humiliter
902 2374 1354 2461 supplicatum,
1412 2381 1515 2458 ut,
1571 2396 1710 2443 cum
1759 2379 2017 2461 propter
2061 2373 2179 2439 hoc
2226 2374 2436 2440 eedem
2484 2373 2741 2439 ecclesie
2786 2373 3011 2439 debitis
3059 2373 3167 2439 ob-

313 2478 547 2563 sequiis
592 2478 1038 2546 defraudentur
1083 2487 1146 2547 et
1177 2480 1351 2547 vobis
1396 2502 1694 2565 magnum
1741 2482 2067 2548 immineat
2109 2480 2571 2566 detrimentum,
2620 2480 2949 2567 providere
2980 2501 3168 2567 super

312 2584 435 2651 hiis
492 2586 978 2653 misericorditer
1022 2587 1442 2671 dignaremur.
1528 2588 1766 2655 Vestris
1822 2590 2016 2673 igitur
2062 2589 2620 2675 supplicationibus
2665 2588 3005 2673 benignum
3047 2590 3169 2655 im-

314 2693 654 2779 pertientes
715 2713 1036 2760 assensum
1095 2696 1479 2782 presentium
1537 2697 1711 2766 vobis
1769 2697 2139 2768 auctoritate
2196 2696 2625 2781 concedimus,
2684 2702 2757 2763 ut
2812 2695 3167 2761 huiusmodi

311 2820 614 2888 personas
671 2800 928 2867 idoneas
983 2802 1242 2887 prefatis
1299 2803 1644 2871 diocesanis
1697 2804 1779 2870 ad
1823 2804 2075 2871 easdem
2120 2804 2413 2871 ecclesias
2459 2804 2637 2869 vobis
2680 2803 2869 2869 liceat
2912 2824 3166 2889 presen-

311 2914 470 2993 tare,
518 2908 854 2975 dummodo
901 2909 1064 2975 dicte
1093 2909 1352 2977 ecclesie
1397 2909 1638 2977 nullum
1693 2909 2003 2977 defectum
2058 2912 2123 2976 in
2179 2910 2408 2977 divinis
2465 2908 2685 2976 officiis
2737 2911 3059 2997 patiantur
3104 2913 3169 2976 et

313 3016 391 3082 de
436 3016 761 3102 premissis
803 3016 1044 3082 iuribus
1088 3016 1335 3084 faciatis
1379 3016 1654 3083 locorum
1703 3018 2012 3104 episcopis
2048 3018 2326 3105 plenarie
2360 3017 2745 3103 responderi.
2816 3017 2987 3083 Nulli
3018 3037 3167 3101 ergo

314 3130 432 3189 etc.
499 3122 733 3191 Datum
769 3123 1034 3190 Viterbii
1077 3144 1115 3189 v
1157 3123 1298 3191 idus
1329 3126 1487 3191 iunii
1532 3124 1929 3211 pontificatus
1976 3126 2177 3193 nostri
2224 3146 2385 3192 anno
2434 3130 2675 3209 quarto.

526 3256 648 3309 Sine
682 3255 828 3308 dato:
865 3256 930 3309 A.
950 3256 1019 3309 20
1054 3275 1104 3309 ιι.
1123 3258 1192 3309 99
1227 3258 1406 3309 Latine
1443 3266 1496 3309 et
1531 3258 1828 3311 Germanice
1863 3275 1976 3310 cum
2010 3267 2157 3310 nota:
2193 3259 2253 3309 In
2290 3256 2603 3309 Confluentis
2638 3265 2691 3307 et
2723 3256 2777 3307 in
2810 3256 3019 3317 Buken3
3056 3271 3165 3307 me-

313 3354 534 3399 moratus
566 3346 631 3400 R.
655 3346 752 3397 141
789 3346 922 3397 inter
955 3346 1308 3409 Treverensia;
1343 3348 1411 3409 11,
1441 3348 1540 3398 118
1555 3366 1599 3399 v.
1634 3366 1684 3399 n.
1704 3347 1790 3400 75.
1819 3378 1881 3386 —
1923 3348 2047 3400 Cum
2082 3348 2229 3399 dato:
2266 3346 2479 3398 viterbii
2515 3346 2548 3396 6
2582 3345 2695 3397 idus
2728 3345 2851 3397 iunii
2888 3364 2935 3397 a.
2958 3345 2995 3394 4
3034 3345 3165 3409 „Co-

313 3434 476 3489 lonie“
517 3436 582 3487 A.
606 3436 671 3488 16
707 3454 757 3504 p.
776 3436 861 3488 69.
891 3466 952 3474 ——
993 3437 1116 3487 Cum
1152 3436 1296 3487 dato:
1335 3436 1546 3487 Viterbii
1581 3438 1613 3487 5
1651 3437 1762 3488 idus
1794 3437 1916 3489 iunii
1953 3456 1999 3487 a.
2024 3437 2061 3486 4
2096 3436 2339 3502 originale
2376 3452 2487 3487 cum
2522 3434 2659 3486 bulla
2692 3434 2743 3485 in
2781 3433 2980 3486 archivo
3004 3432 3164 3498 Regi-

313 3532 578 3586 montano;
613 3526 702 3577 ubi
725 3526 874 3577 etiam
901 3533 1256 3576 transsumtum
1279 3540 1411 3575 saec.
1435 3524 1542 3585 xiv;
1579 3525 1660 3577 ed.
1683 3526 1808 3576 Livl.
1834 3526 1897 3577 U.
1922 3525 1983 3577 B.
2008 3525 2049 3587 1,
2074 3526 2180 3576 413
2216 3543 2266 3576 n.
2287 3525 2408 3576 327.
2458 3525 2535 3574 Ex
2560 3522 2790 3589 originali
2819 3522 2899 3588 „iu
2926 3521 3161 3573 Antfeld⁴⁴

316 3623 546 3667 exstante
581 3614 660 3667 ed.
685 3614 894 3667 Hennes
930 3614 997 3676 11,
1027 3613 1122 3665 121
1163 3613 1350 3665 n.128.
1407 3613 1663 3679 originale
1699 3631 1810 3665 eum
1844 3614 1983 3666 bulla
2016 3615 2070 3665 in
2104 3613 2202 3665 filis
2239 3614 2441 3667 sericeis
2476 3613 2639 3665 rubris
2676 3621 2729 3665 et
2750 3604 2897 3664 luteis
2923 3628 3165 3679 appensa,

316 3704 568 3770 quondam
592 3702 973 3756 confluentino·
987 3702 1248 3766 Iunonum,
1283 3718 1416 3753 nuno
1440 3702 1768 3755 vindobonae
1791 3704 1844 3754 in
1867 3702 2067 3755 archivo
2092 3701 2282 3754 ordinis
2305 3702 2616 3755 Theutonici.
2643 3732 2705 3741 -
2734 3702 2858 3754 Cum
2881 3700 3023 3753 dato:
3061 3718 3107 3752 a.
3132 3700 3166 3751 5

317 3792 534 3845 Treviris
569 3794 634 3845 A.
657 3792 722 3843 16
757 3810 810 3860 p.
835 3791 950 3844 114.
1097 3794 1142 3845 1.
1178 3792 1402 3859 ipsarum
1437 3808 1486 3858 p.
1527 3792 1808 3859 assignetur
1841 3792 1983 3844 L.U.

324 3996 496 4068 582.
537 3999 714 4066 1258
754 4002 922 4065 iunii
962 4002 1007 4067 9
1064 3998 1344 4065 Viterbii.
1415 3998 1778 4065 Alexander
1823 4000 1935 4066 IV
1971 4002 2194 4087 repetit
2234 4024 2297 4065 n.
2330 4000 2457 4066 581
2507 4002 2584 4064 de
2629 4000 2804 4066 1258
2847 4002 3016 4064 iunii
3030 4000 3118 4073 ,8.

535 4140 897 4208 Alexander
941 4146 1056 4207 etc.
1307 4139 1498 4207 Iustis
1553 4141 1897 4227 petentium
1947 4146 2064 4207 etc.
2156 4140 2391 4207 Datum
2433 4140 2698 4208 Viterbii
2742 4160 2781 4207 v
2827 4140 2967 4207 idus
3009 4141 3167 4207 iunii

314 4246 716 4336 pontificatus
761 4248 961 4315 nostri
1007 4268 1169 4314 anno
1217 4252 1458 4332 quarto.

322 4469 496 4543 583.
539 4473 718 4539 1258
761 4475 929 4539 iunii
970 4473 1053 4540 11
1103 4471 1217 4556 (qf.
1248 4471 1370 4554 22)
1419 4471 1695 4538 Viterbii.
1765 4472 2125 4538 Alexander
2168 4470 2217 4537 I
2218 4472 2281 4537 V
2316 4473 2595 4538 concedit
2638 4474 2853 4538 ordini
2900 4470 3167 4539 Thente-

533 4584 698 4662 πίω,
749 4582 918 4667 quod
961 4582 1048 4646 ad
1089 4580 1416 4646 solvendas
1453 4582 1933 4667 procurationes
1976 4582 2383 4668 pecuniarias
2430 4580 2647 4666 leyatie
2694 4592 2752 4645 et
2790 4582 3029 4645 nuntiis
3062 4582 3167 4645 in-

535 4692 700 4756 vim
743 4710 875 4754 non
919 4700 1195 4775 cogatur.

537 4812 898 4881 Alexander
944 4811 1272 4901 episcopus
1329 4834 1544 4880 servus
1601 4830 1924 4878 servorum
1983 4810 2085 4877 dei
2140 4810 2387 4877 dilectis
2444 4808 2591 4877 filiis
2640 4859 2655 4875 .
2684 4859 2699 4875 .
2746 4810 3045 4893 magistro
3106 4815 3171 4876 et

315 4918 618 4987 fratribus
675 4919 1001 5006 hospitalis
1060 4924 1274 4986 sancte
1328 4917 1527 4986 Marie
1574 4918 2097 4987 Theutonicorum
2156 4919 2423 4985 salutem
2480 4923 2543 4985 et
2600 4916 3007 5005 apostolicam
3061 4918 3169 4985 be-

316 5028 752 5095 nedictionem.
1032 5024 1279 5094 Affectu
1334 5027 1770 5095 benevolencie
1825 5026 2117 5115 specialis
2172 5027 2285 5093 illa
2337 5026 2415 5093 de
2470 5045 2661 5093 eausa
2703 5044 2814 5091 vos
2873 5025 3169 5112 prosequi
