3892 5609
1370 382 1756 432 varnucu
1800 383 2185 432 GENERALIA
2269 360 2313 442 ’,
2872 411 2882 424 ·
3038 376 3189 448 453

364 543 732 610 stitueretur
785 543 852 609 in
911 542 1161 609 honore.
1252 541 1654 610 Postmodum
1711 563 1858 610 vero
1913 541 2113 610 felicis
2167 542 2620 610 recordacionis
2664 543 2977 614 Honorius
3030 567 3195 634 papa

363 652 598 717 tercius
643 655 879 716 attente
921 649 1338 734 considerans,
1385 651 1549 734 quod
1594 648 1905 736 quondam
1950 649 2315 716 Fredericus
2358 650 2663 718 secundus
2709 652 2857 719 olim
2886 653 3195 722 Romano-

361 778 504 824 rum
549 758 910 843 imperator,
957 760 1106 823 tunc
1147 757 1262 824 sub
1309 756 1666 824 obediencia
1706 763 1774 824 et
1817 757 2143 824 devotione
2188 761 2401 823 sancte
2428 757 2705 825 Romane
2750 761 3007 826 ecclesie
3052 782 3193 848 per-

361 864 623 946 sistens,
681 864 761 929 ad
815 863 1060 930 laudem
1117 863 1391 930 eiusdem
1451 862 1706 930 ecclesie
1752 870 1816 931 et
1856 863 2021 930 sacri
2065 863 2251 930 decus
2294 863 2559 930 Romani
2610 865 2862 952 imperii
2916 869 3193 953 cupiens,

361 975 436 1037 ut
491 971 853 1056 expurgatis
915 969 1300 1056 quorundam
1357 970 1668 1037 erroribus
1727 976 1792 1036 et
1843 971 2075 1055 iniquis
2135 971 2387 1038 statutis
2440 971 2691 1058 penitus
2746 973 3061 1040 destitutis
3117 975 3193 1042 de

361 1081 570 1144 cetero
615 1077 869 1144 ecclesie
914 1083 978 1144 et
1021 1077 1435 1144 ecclesiastice
1478 1097 1744 1165 persone
1786 1076 1976 1164 plena
2002 1077 2284 1160 vigerent
2328 1077 2536 1163 quiete
2565 1083 2628 1144 et
2657 1099 2877 1146 secura
2904 1080 3194 1148 libertate

361 1184 738 1268 gauderent,
797 1205 872 1252 ac
912 1185 1016 1270 pie
1061 1190 1126 1251 et
1167 1186 1329 1251 iuste
1375 1185 1730 1268 attendens,
1776 1185 1940 1268 quod
1986 1185 2374 1271 quorundam
2417 1204 2853 1270 perversorum
2897 1188 3193 1273 iniquitas

361 1291 520 1358 adeo
565 1291 1050 1375 habundaverat,
1095 1296 1168 1357 ut
1207 1311 1332 1357 non
1377 1291 1736 1358 dubitarent
1777 1296 1995 1358 contra
2038 1291 2521 1369 ecclesiasticam
2558 1292 2957 1379 disciplinam
2987 1301 3051 1361 et
3094 1317 3193 1362 sa-

363 1418 504 1464 cros
548 1418 814 1464 canones
861 1403 1096 1464 statuta
1139 1418 1254 1464 sua
1297 1414 1668 1482 consurgere
1713 1399 2009 1465 adversus
2056 1397 2505 1466 ecclesiasticas
2550 1419 2847 1486 personas
2891 1407 2957 1467 et
2999 1402 3193 1469 eccle—

363 1504 680 1571 siasticam
725 1504 1097 1588 libertatem,
1147 1505 1394 1572 edictali
1437 1505 1575 1588 lege
1618 1505 1973 1572 huiusmodi
2018 1509 2255 1571 statuta
2296 1505 2515 1591 iniqua
2557 1505 2916 1573 irritaverat
2960 1513 3024 1576 et
3050 1529 3195 1594 pre-

363 1617 616 1698 ceperat
656 1612 836 1678 irrita
879 1613 1160 1678 nunciati
1207 1617 1272 1679 et
1314 1613 1524 1680 omnia
1567 1617 1804 1678 statuta
1831 1616 1895 1678 et
1933 1612 2433 1696 consuetudines,
2482 1632 2603 1698 que
2632 1614 2913 1680 civitates
2944 1621 3009 1681 et
3035 1615 3193 1700 loca,

363 1725 736 1806 postestates
782 1718 880 1786 vel
924 1719 1206 1785 consules
1250 1724 1360 1786 aut
1403 1737 1786 1803 quecumque
1830 1739 2095 1806 persone
2139 1724 2357 1786 eontra
2399 1719 2751 1787 libertatem
2796 1722 3053 1789 ecclesie
3095 1721 3195 1790 vel

364 1845 664 1912 personas
709 1825 1154 1893 ecclesiasticas
1199 1826 1550 1892 huiusmodi
1581 1827 1764 1892 edere
1795 1831 1904 1892 aut
1931 1845 2181 1892 servare
2208 1831 2590 1912 temptarent
2618 1833 2836 1893 contra
2865 1829 3195 1895 canonicas

364 1932 466 1998 vel
515 1931 872 2018 imperiales
928 1934 1276 2000 sanctiones
1344 1932 1422 1999 de
1485 1933 1764 2019 ipsorum
1817 1932 2266 2019 capitularibus
2321 1933 2487 1999 infra
2542 1933 2696 2000 duos
2754 1953 2998 2002 menses
3052 1941 3197 2021 post

363 2039 564 2125 ipsius
608 2037 762 2123 legis
807 2040 1290 2126 publicationem
1333 2040 1584 2127 penitus
1629 2039 1862 2106 aboleri
1904 2039 2182 2106 facerent
2234 2045 2327 2122 et,
2382 2040 2439 2106 si
2496 2040 2575 2106 de
2631 2046 2835 2108 cetero
2892 2041 3045 2107 talia
3100 2049 3195 2108 at-

364 2151 764 2232 temptarent,
808 2146 922 2213 illa
961 2148 1100 2234 ipso
1146 2147 1280 2212 iure
1327 2146 1600 2213 decrevit
1643 2165 1778 2213 esse
1821 2145 1997 2212 nulla
2040 2150 2103 2212 et
2146 2165 2251 2211 eos
2296 2165 2411 2212 sua
2443 2146 2871 2214 iurisdictione
2914 2149 3195 2234 privatos

365 2273 605 2320 necnon
646 2252 870 2336 locum,
915 2253 1022 2320 ubi
1066 2254 1358 2339 deinceps
1401 2251 1556 2319 talia
1599 2257 1965 2338 presumpta
2005 2252 2291 2336 fuissent,
2338 2251 2541 2318 banno
2586 2253 2757 2320 mille
2802 2254 3195 2322 marcharum

367 2361 504 2428 auri
545 2359 694 2426 fisco
737 2359 1048 2446 imperiali
1094 2366 1458 2447 preceperat
1501 2359 1840 2442 subiacere,
1885 2363 2226 2446 potestates
2273 2379 2419 2425 vero
2435 2409 2455 2442 ,
2510 2361 2825 2444 consules,
2880 2363 3197 2428 statutarii

367 2473 433 2534 et
473 2467 808 2553 scriptores
853 2472 1224 2534 statutorum
1269 2467 1690 2554 predictorum
1736 2485 1981 2532 necnon
2024 2463 2367 2532 consiliarii
2408 2465 2686 2532 locorum
2730 2467 3007 2552 ipsorum
3020 2518 3040 2553 ,
3088 2469 3195 2553 qui

366 2575 706 2641 secundum
749 2579 988 2641 statuta
1030 2580 1094 2640 et
1133 2573 1610 2642 consuetudines
1657 2579 2003 2638 memorata
2042 2573 2426 2656 iudicarent,
2480 2592 2560 2639 ex
2604 2580 2751 2640 tunc
2796 2579 3005 2642 essent
3058 2575 3195 2661 ipso

365 2682 501 2748 iure
551 2682 814 2748 infames
827 2731 847 2766 ‚
903 2701 1165 2767 quorum
1211 2681 1552 2748 sententias
1597 2684 1662 2746 et
1712 2685 1886 2746 actus
1929 2679 2270 2763 legittimos
2316 2685 2621 2748 statuerat
2676 2679 3029 2765 aliqualiter
3073 2702 3198 2749 non

365 2794 598 2872 tenere,
643 2788 948 2874 quodque,
993 2788 1048 2856 si
1095 2809 1205 2875 per
1251 2807 1480 2854 annum
1527 2787 1914 2872 prefatarum
1958 2787 2475 2854 constitucionum
2522 2788 2760 2854 inventi
2804 2789 3011 2855 forent
3052 2808 3198 2855 con-

365 2899 728 2982 temptores,
772 2896 932 2962 bona
977 2915 1192 2962 eorum
1237 2915 1348 2980 per
1393 2900 1592 2961 totum
1639 2914 1821 2960 suum
1865 2895 2197 2981 imperium
2244 2892 2567 2960 mandavit
2598 2894 2855 2981 impune
2888 2894 2966 2961 ab
2998 2897 3197 2962 omni-

366 3002 482 3069 bus
527 3002 838 3088 occupari,
883 3003 1072 3070 salvis
1117 3000 1554 3070 nichilominus
1593 3000 1732 3066 aliis
1776 3001 1955 3086 penis
2000 3006 2217 3068 contra
2258 3000 2416 3068 tales
2445 3002 2513 3066 in
2544 3001 2777 3068 eisdem
2805 3002 3198 3085 generalibus

367 3109 646 3176 conciliis
691 3110 1120 3196 promulgatis.
1187 3109 1274 3174 Et
1317 3109 1572 3193 insuper
1618 3107 1817 3173 voluit
1857 3107 2021 3174 idem
2052 3113 2202 3175 tunc
2230 3108 2591 3194 imperator,
2638 3109 2801 3193 quod
2832 3107 3004 3174 nulla
3031 3128 3197 3175 com-

369 3216 638 3282 munitas
683 3215 782 3283 vel
825 3236 1094 3302 persona
1135 3216 1386 3302 publica
1429 3234 1542 3280 seu
1587 3214 1836 3300 privata
1879 3214 2169 3280 collectas
2214 3235 2327 3281 seu
2356 3215 2731 3298 exactioneS,
2779 3215 3065 3299 angarias
3097 3215 3196 3281 vel

367 3324 768 3408 parangarias
821 3323 1096 3390 ecclesiis
1154 3323 1253 3389 vel
1309 3322 1450 3389 aliis
1508 3321 1628 3407 piis
1680 3320 1834 3387 locis
1887 3327 1997 3388 aut
2040 3321 2473 3389 ecclesiasticis
2518 3323 2799 3409 personis
2844 3321 3197 3388 huiusmodi

367 3431 686 3516 imponere
731 3451 840 3498 seu
883 3431 1178 3497 invadere
1223 3428 1644 3496 ecclesiastica
1686 3427 1850 3494 bona
1895 3433 2311 3514 presumeret3
2360 3429 2522 3514 quod
2570 3430 2623 3495 si
2654 3449 2831 3496 secus
2859 3429 3092 3496 faceret
3135 3435 3199 3496 et

367 3537 666 3622 requisita
711 3537 787 3604 ab
831 3537 1092 3604 ecclesia
1135 3538 1235 3603 vel
1277 3535 1541 3621 imperio
1583 3534 1938 3601 huiusmodi
1970 3535 2299 3602 emendare
2338 3541 2825 3621 contempneret,
2869 3535 3198 3621 tripliciter

371 3643 728 3710 refunderet
771 3649 835 3710 et
875 3643 1314 3710 nichilominus
1361 3642 1565 3708 banno
1612 3641 1924 3726 imperiali
1971 3642 2339 3724 subiaceret,
2390 3643 2554 3727 quod
2595 3643 2731 3710 sine
2776 3642 3199 3710 satisfactione

369 3750 579 3818 debita
607 3749 958 3818 nullatenus
988 3750 1428 3817 remitteretur.
1499 3747 1820 3815 Statuerat
1845 3749 2123 3834 insuper,
2154 3749 2339 3834 quod,
2372 3769 2755 3835 quecumque
2784 3749 3197 3816 communitas

369 3857 468 3924 vel
513 3877 782 3943 persona
823 3878 939 3943 per
983 3877 1213 3922 annum
1259 3859 1325 3922 in
1371 3855 2016 3924 excommunicacione
2066 3860 2325 3942 propter
2368 3855 2716 3922 libertatem
2765 3857 3022 3924 ecclesie
3068 3857 3197 3922 vio-

367 3965 560 4031 latam
607 3965 988 4050 persisteret,
1033 3964 1170 4050 ipso
1213 3965 1350 4030 iure
1393 3963 1682 4030 similiter
1733 3962 1898 4028 dicto
1952 3961 2157 4028 banno
2214 3963 2523 4049 imperiali
2568 3963 2944 4048 subiaceret,
2992 3984 3030 4029 a
3074 3983 3195 4048 quo

367 4071 720 4138 nullatenus
767 4071 1194 4138 extraheretur
1236 4070 1362 4136 nisi
1417 4070 1588 4156 prius
1650 4068 1728 4136 ab
1785 4069 2045 4135 ecclesia
2099 4068 2395 4137 beneficio
2456 4070 2867 4138 absolucionis
2923 4071 3190 4138 obtento.

368 4179 452 4245 Et
492 4180 748 4265 insuper
778 4177 1193 4259 ordinaverat,
1225 4183 1296 4244 ut
1323 4176 1532 4242 nullus
1563 4174 2043 4242 ecclesiasticam
2076 4195 2410 4262 personam
2440 4178 2505 4242 in
2535 4177 2845 4244 criminali
2876 4179 3196 4263 questione

369 4286 468 4353 vel
513 4285 680 4352 civili
736 4284 814 4351 ad
870 4284 1166 4350 iudicium
1223 4283 1502 4350 seculare
1559 4282 1806 4348 trahere
1852 4289 2241 4368 presumeret
2264 4302 2271 4308 ·
2292 4290 2509 4351 contra
2562 4285 2811 4352 easdem
2868 4285 3195 4351 canonicas

369 4393 718 4460 sanctiones
764 4399 828 4458 et
871 4391 1348 4458 constituciones
1393 4389 1782 4477 imperiales;
1831 4389 1993 4473 quod
2040 4391 2095 4455 si
2140 4409 2315 4457 secus
2338 4391 2601 4474 faceret,
2649 4399 2820 4460 actor
2852 4412 2889 4457 a
2918 4412 3029 4458 suo
3058 4393 3197 4458 iure

369 4500 618 4568 caderet
659 4507 722 4566 et
765 4498 1102 4565 iudicatum
1148 4517 1272 4564 non
1319 4501 1560 4564 teneret
1602 4503 1665 4563 et
1716 4495 1902 4562 iudex
1959 4496 2122 4562 foret
2178 4503 2404 4564 extunc
2456 4497 2771 4565 iudicandi
2827 4500 3198 4566 auctoritate

370 4609 680 4694 privatuS,
750 4605 1036 4691 quodque
1091 4605 1324 4672 iudices
1379 4604 1790 4691 temporaleS,
1849 4604 1956 4688 qui
2010 4603 2253 4670 clericis
2310 4611 2375 4670 et
2428 4605 2709 4691 personis
2764 4607 3196 4674 ecclesiasticis

368 4715 677 4781 iusticiam
736 4714 1042 4796 denegare
1095 4717 1558 4799 presumerent,
1613 4711 1807 4778 tercio
1863 4712 2148 4798 requisiti
2194 4732 2369 4778 suam
2416 4711 2905 4778 iurisdictionem
2947 4713 3196 4780 amitte-

367 4827 526 4888 rent.
587 4820 1114 4887 Constituciouem
1157 4821 1360 4906 ipsam
1403 4820 1480 4885 de
1523 4820 1782 4886 consilio
1828 4819 2023 4886 eciam
2068 4819 2333 4885 fratrum
2380 4838 2633 4884 suorum
2678 4826 2890 4887 sancte
2918 4819 3196 4888 Romane

370 4927 624 4994 ecclesie
667 4927 1098 5010 cardinalium,
1153 4927 1260 5010 qui
1303 4932 1452 4992 tunc
1495 4934 1702 5009 erant,
1750 4929 2118 4994 auctoritate
2162 4925 2505 5012 apostolica
2547 4927 2899 5013 approbans
2946 4932 3011 4994 et
3051 4947 3197 4994 con-

373 5032 647 5118 firmans,
693 5035 892 5121 ipsam
941 5034 1266 5100 mandavit
1294 5033 1733 5100 inviolabiliter
1763 5034 2081 5100 observari
2112 5053 2353 5100 necnon
2382 5034 2742 5100 statutarios
2772 5041 2835 5102 et
2862 5035 3197 5122 scriptores
