3892 5609
695 214 846 289 232
1419 195 1422 199 ’
1980 223 2261 273 nvom

693 387 966 473 venerit,
1027 387 1292 455 salutem
1345 385 1413 453 in
1455 386 1708 453 nomine
1753 384 1889 453 Iesu
1909 382 2194 453 christi.
2275 382 2503 451 Vestra
2556 382 2805 452 noverit
2860 386 3239 454 universitas
3294 384 3537 453 eviden-

691 501 790 565 ter
806 547 826 582 ,
873 495 1068 581 quod,
1115 515 1260 562 cum
1304 493 1592 561 dominus
1637 514 1837 581 papa,
1884 493 2218 578 diligenter
2263 491 2624 578 attendens,
2682 492 2849 579 quod
2891 493 3160 585 quedam
3206 492 3539 559 ordinatio-

690 624 835 688 nes,
892 623 1012 691 que
1057 601 1392 687 Rigensem
1405 653 1425 687 ,
1485 601 2021 687 Semigalliensem
2072 604 2135 668 et
2180 599 2627 669 Curoniensem
2684 600 3025 685 tangebant
3070 600 3395 687 ecclesias,
3447 620 3540 668 re-

689 710 1128 779 formationem
1186 716 1250 778 et
1300 710 1749 777 correctionem
1803 710 1872 775 in
1930 708 2305 795 quibusdam
2362 728 2489 776 non
2546 709 2860 775 immerito
2916 708 3355 795 requirebant,
3413 728 3541 775 cor-

690 818 1030 886 rectionem
1103 824 1165 885 et
1229 818 1738 885 reformationem
1809 815 2273 883 ordinationum
2340 816 2699 883 huiusmodi
2761 815 2947 883 nobis
3012 818 3159 883 viva
3217 836 3372 885 voce
3434 817 3541 883 du-

689 927 858 995 xerit
900 926 1448 1014 committendum3
1509 945 1656 1009 nos,
1716 924 2140 1009 attendentes,
2198 924 2363 1009 quod
2408 922 2699 1009 Rigensis
2744 923 3038 1009 ecclesia,
3095 944 3217 1009 que
3270 924 3341 991 in
3392 924 3542 991 dila-

690 1034 929 1102 tatione
981 1032 1130 1099 fidei
1175 1033 1514 1100 christiane
1528 1083 1548 1118 ,
1606 1037 1824 1119 utpote
1883 1032 2207 1119 primitiva
2265 1035 2329 1099 et
2383 1033 2685 1118 precipua
2739 1050 2852 1118 pre
2906 1031 3215 1099 universis
3270 1031 3543 1099 ecclesiis

689 1142 758 1208 in
822 1139 1108 1227 partibus
1175 1139 1439 1207 Livonie
1515 1145 1579 1207 et
1640 1140 1932 1225 Estonie,
2008 1138 2350 1223 laboravit,
2426 1138 2580 1206 adeo
2650 1140 2718 1205 in
2792 1139 2924 1205 suis
2988 1139 3119 1206 iam
3183 1139 3393 1206 fuerat
3454 1140 3545 1205 di·

691 1250 938 1315 minuta
990 1246 1298 1314 limitibus
1313 1298 1332 1332 ,
1397 1247 1596 1333 quod,
1665 1247 1790 1314 nisi
1848 1246 2125 1313 eiusdem
2184 1245 2441 1313 ecclesie
2495 1245 2949 1333 ampliarentur
3002 1246 3287 1329 termini,
3356 1266 3548 1333 paga-

689 1376 914 1424 norum
959 1354 1332 1441 incursibus„
1388 1355 1614 1440 quibus
1657 1353 2045 1439 frequentius
2090 1358 2572 1437 conquassatur,
2624 1354 2917 1420 resistere
2959 1373 3089 1420 non
3131 1354 3393 1438 valeret,
3436 1373 3546 1420 nec

691 1464 940 1530 divinus
986 1462 1220 1546 cultus,
1279 1462 1444 1529 sicut
1497 1461 1578 1528 ab
1633 1461 1847 1529 eadem
1897 1460 2067 1548 cepit
2110 1459 2403 1545 ecclesia,
2458 1459 2739 1528 debitum
2795 1462 3144 1548 susciperet
3196 1461 3544 1529 incremen-

691 1575 857 1655 tum,
915 1574 988 1636 ut
1042 1569 1324 1637 eiusdem
1369 1568 1628 1637 ecclesie
1671 1568 2081 1636 sollicitudini
2126 1566 2432 1652 condigno
2476 1568 2930 1655 respondeatur
2973 1566 3232 1652 affectu,
3292 1574 3547 1652 terram,

691 1698 814 1764 que
859 1676 1220 1761 Semigallia
1264 1675 1524 1761 dicitur,
1586 1676 1955 1743 auctoritate
1998 1675 2179 1741 nobis
2224 1676 2293 1741 in
2336 1676 2454 1741 hac
2498 1680 2678 1761 parte
2722 1676 3059 1741 commissa
3109 1675 3343 1741 diocesi
3388 1676 3547 1742 eius·

693 1786 836 1852 dem
865 1784 1155 1867 Rigensis
1201 1782 1460 1851 ecclesie
1504 1783 1896 1851 decrevimus
1941 1782 2299 1865 uniendam,
2344 1784 2438 1849 ita
2467 1782 2633 1867 quod
2660 1782 2947 1866 Rigensis
2982 1782 3315 1869 episcopus
3344 1782 3547 1869 ipsam

693 1890 1122 1975 Semigalliam
1167 1910 1312 1957 cum
1357 1891 1530 1957 omni
1585 1890 2017 1958 iurisdictione
2063 1893 2127 1956 et
2166 1891 2305 1955 iure
2364 1888 2696 1975 temporali
2743 1894 2806 1956 et
2846 1889 3165 1976 spirituali
3210 1891 3545 1977 possideat,

676 2004 958 2087 'excepta
1007 1999 1200 2065 tertia
1258 2002 1440 2083 parte
1497 1997 1775 2063 eiusdem
1835 1996 2225 2081 Semigallie,
2282 2016 2471 2082 quam
2522 1997 2749 2063 fratres
2806 1997 3027 2063 domus
3082 2004 3299 2064 sancte
3350 1996 3547 2064 Mai-ie

693 2105 1219 2172 Theutonicorum
1267 2123 1411 2170 cum
1457 2103 1716 2171 decimis
1763 2110 1828 2171 et
1870 2104 2043 2170 omni
2086 2106 2221 2170 11116
2266 2108 2332 2169 et
2372 2103 2803 2171 iurisdictione
2848 2103 3185 2191 temporali
3228 2104 3549 2191 possident

679 2217 756 2305 ¹,et
810 2212 1112 2279 hactenus
1168 2211 1616 2298 possederunt,
1671 2216 1736 2278 et
1779 2212 1872 2278 sic
1915 2210 2125 2278 nullus
2172 2212 2249 2276 de
2294 2215 2500 2277 cetero
2558 2212 2625 2276 in
2681 2210 2901 2277 eadem
2947 2210 3313 2295 Semigallia
3364 2210 3547 2298 prefi-

689 2320 892 2389 ciatur
937 2320 1300 2406 episcopus,
1348 2318 1497 2403 quia
1540 2337 1682 2384 cum
1729 2319 1999 2403 quedam
2043 2338 2192 2405 pars
2206 2314 2221 2345 ¹
2268 2318 2353 2384 sit
2395 2316 2683 2401 Rigensis
2732 2317 3027 2403 diocesis,
3075 2340 3197 2405 que
3240 2325 3417 2388 tante
3460 2320 3547 2386 la—

689 2428 979 2495 titudinis
1022 2446 1150 2493 non
1197 2426 1446 2507 existit,
1501 2426 1696 2510 quod,
1751 2427 1805 2492 si
1850 2431 1989 2492 tota
2032 2426 2223 2493 etiam
2268 2444 2571 2492 conversa
2614 2426 2777 2491 foret
2822 2426 2902 2493 ad
2945 2426 3165 2512 fidem,
3220 2427 3544 2513 proprium

690 2554 818 2601 non
860 2539 1077 2620 posset
1120 2533 1480 2620 episcopum
1527 2534 1855 2599 sustinere.
1925 2533 2161 2600 Verum
2208 2552 2351 2599 cum
2395 2531 2555 2599 bone
2599 2534 2901 2600 memorie
2934 2534 3257 2618 Sfifridus)
3288 2534 3545 2619 Magan-

691 2642 862 2708 tinus
909 2640 1414 2726 archiepiscopus
1461 2639 1798 2706 discretum
1831 2640 2059 2727 virum,
2104 2640 2365 2707 fratrem
2398 2639 2741 2708 Henricum
2785 2640 3019 2708 dictum
3059 2642 3135 2709 de
3162 2640 3547 2727 Luccelbnrg

693 2749 770 2815 de
815 2748 1033 2815 ordine
1076 2747 1344 2814 fratrum
1389 2747 1725 2830 minorum,
1771 2748 1926 2815 facti
1970 2745 2224 2814 illarum
2267 2746 2545 2833 partium
2589 2768 2848 2834 prorsus
2892 2748 3185 2833 ignaruS,
3236 2750 3307 2815 in
3352 2746 3544 2816 Semi-

693 2853 1058 2939 galliensem
1106 2854 1469 2941 episcopum
1501 2856 1868 2922 auctoritate
1900 2854 2245 2941 apostolica
2274 2854 2526 2921 duxerit
2570 2854 3083 2941 promovendum,
3128 2875 3245 2922 nos
3282 2856 3539 2923 eundem

691 2962 954 3029 fratrem
1011 2962 1094 3029 ad
1147 2967 1348 3028 totam
1404 2960 1852 3030 Curoniensem
1909 2962 2239 3047 diocesim,
2306 2982 2473 3029 nunc
2524 2967 2777 3049 pastore
2834 2968 3193 3048 vacantem,
3256 2964 3543 3031 duximus

693 3068 1230 3153 transferendum,
1289 3089 1476 3155 qnam
1530 3074 1730 3136 totam
1774 3069 2113 3136 Curoniam
2160 3071 2293 3136 sive
2338 3068 2742 3137 Curlandiam
2794 3090 2909 3157 pro
2957 3090 3069 3137 sue
3113 3071 3381 3138 diocesis
3424 3078 3547 3138 ter·

693 3178 882 3243 minis
927 3184 1060 3243 tam
1103 3178 1271 3245 idem
1315 3176 1512 3243 frater
1555 3176 1862 3243 Henricus
1909 3197 2099 3261 quam
2144 3197 2532 3245 successores
2579 3178 2711 3243 eius
2760 3176 3013 3263 pacifice
3069 3178 3437 3264 possideant
3466 3156 3551 3247 ἱ61

696 3285 926 3371 quiete,
972 3286 1066 3351 ita
1108 3290 1342 3370 tamen,
1389 3283 1558 3369 quod
1602 3284 1902 3368 magister
1949 3290 2013 3352 et
2037 3285 2267 3352 iratres
2298 3284 2519 3351 domus
2549 3290 2763 3353 sancte
2792 3284 2991 3353 Mario
3022 3284 3551 3354 Theutonicorum

694 3394 763 3458 in
809 3392 1028 3459 eadem
1073 3390 1348 3459 Cui-onia
1389 3392 1546 3459 duas
1599 3395 1813 3477 partes
1871 3391 2155 3460 eiusdem
2208 3400 2374 3461 terre
2432 3412 2575 3459 cum
2630 3392 2891 3459 decimis
2946 3398 3012 3461 et
3064 3394 3237 3461 omni
3292 3395 3435 3463 iure
3488 3400 3553 3461 et

695 3499 1127 3567 iurisdictione
1169 3498 1504 3585 temporali
1548 3498 1944 3585 possideant,
2004 3504 2068 3567 et
2118 3500 2337 3569 eodem
2382 3501 2567 3567 modo
2625 3500 2910 3588 prefatus
2954 3500 3362 3568 01110111611818
3420 3503 3551 3589 epi-

697 3626 924 3693 scopus
969 3607 1224 3673 tertiam
1269 3612 1515 3692 partem
1560 3606 1878 3673 residuam
1923 3606 2204 3675 eiusdem
2248 3613 2415 3675 terre
2456 3627 2602 3675 cum
2646 3609 2817 3674 omni
2858 3609 2995 3675 iure
3026 3613 3090 3676 et
3120 3610 3551 3677 iurisdictione

695 3713 1033 3801 temporali
1077 3718 1142 3781 et
1183 3713 1499 3799 spirituali
1541 3713 1800 3801 pacifice
1842 3715 2163 3801 possideat
2207 3720 2271 3783 et
2315 3716 2541 3803 quiete.
2609 3714 2772 3795 Quia
2796 3735 2945 3783 vero
2990 3717 3265 3804 capitulo
3296 3716 3553 3804 Rigensi

699 3822 777 3889 ab
823 3823 1040 3888 eodem
1071 3820 1327 3905 Rigensi
1373 3821 1666 3909 episcopo
1715 3827 1858 3890 ante
1903 3828 2261 3909 presentem
2308 3823 2763 3890 ordinationem
2808 3830 3087 3890 nostram
3142 3824 3550 3893 ducentorum

697 3949 998 3997 uncorum
1045 3928 1114 3994 in
1142 3927 1526 4014 Donedange
1557 3934 1621 3997 et
1650 3926 1957 4013 Thargele
1985 3931 2053 3996 in
2086 3930 2303 3998 eadem
2336 3929 2706 3999 Curoniensi
2733 3931 2967 3999 diocesi
2993 3931 3275 3999 redditus
3302 3932 3553 4001 fuerant

700 4036 1022 4121 assignati,
1069 4034 1350 4102 redditus
1393 4036 1568 4122 ipsos
1611 4036 1890 4123 prefatos
1933 4037 2280 4123 capitulum
2327 4059 2573 4105 exnunc
2609 4039 2677 4105 in
2718 4043 3087 4126 perpetuum
3118 4058 3263 4106 cum
3296 4040 3551 4109 decimis

701 4149 766 4215 et
808 4144 981 4211 omni
1025 4142 1357 4231 temporali
1408 4144 1839 4212 iurisdictione
1883 4151 1947 4212 et
1987 4146 2127 4213 iure
2170 4145 2442 4213 retinere
2486 4145 2773 4213 volumus
2818 4152 2883 4213 et
2934 4148 3338 4231 mandamus3
3400 4170 3552 4235 quos

597 4340 600 4344 1
698 4258 914 4320 tamen
957 4251 1149 4318 iidem
1195 4251 1541 4337 capitulum
1589 4274 1628 4319 a
1656 4254 1987 4320 diocesano
2030 4252 2153 4319 loci
2193 4254 2537 4341 suscipient
2581 4259 2645 4321 et
2674 4254 2861 4321 etiam
2894 4254 3323 4341 possidebunt,
3366 4263 3554 4345 prout

701 4358 988 4446 superius
1035 4363 1132 4426 est
1162 4378 1551 4446 expressum,
1595 4364 1730 4427 tam
1759 4362 1827 4426 in
1859 4361 2146 4448 portione
2174 4360 2442 4428 fratrum
2476 4367 2541 4428 et
2570 4361 2829 4449 capituli
2874 4360 3316 4448 predictorum,
3364 4384 3553 4450 quam

700 4468 768 4533 in
813 4473 948 4533 tota
991 4466 1223 4535 diocesi
1257 4465 1648 4552 Curoniensi,
1696 4467 1988 4554 episcopo
2035 4466 2365 4536 diocesano
2412 4469 2699 4537 omnibus
2743 4470 2984 4537 iuribus
3029 4472 3388 4557 reservatis,
3434 4494 3551 4559 que

701 4595 830 4644 non
888 4580 1152 4663 possunt
1205 4574 1332 4641 nisi
1387 4594 1500 4662 per
1559 4575 1922 4663 episcopum
1982 4576 2277 4643 exerceri.
2357 4577 2445 4643 Et
2501 4577 2795 4663 quoniam
2851 4582 3112 4664 propter
3164 4598 3550 4665 paganorum

701 4683 1057 4770 frequentes
1121 4682 1409 4749 incursus
1463 4688 1526 4749 et
1583 4683 1708 4750 alia
1766 4684 2150 4769 emergentia
2201 4685 2455 4769 negotia
2504 4674 2865 4773 peragenda
2916 4683 3367 4753 Curoniensem
3420 4687 3551 4774 epi-

705 4810 963 4878 scopum
1009 4792 1078 4857 in
1123 4790 1377 4857 civitate
1403 4789 1661 4875 Rigensi
1692 4791 2000 4876 contingit
2028 4793 2239 4879 sepius
2270 4793 2665 4877 commorari,
2710 4793 2961 4860 domum
2994 4797 3058 4859 et
3086 4813 3317 4877 aream,
3362 4814 3550 4879 quam

703 4899 865 4967 bone
921 4897 1221 4966 memorie
1278 4897 1768 4981 Semigalliensis
1826 4899 2155 4987 episcopus
2211 4900 2517 4969 habuerat
2570 4900 2639 4967 in
2694 4900 2913 4967 eadem
2968 4901 3221 4967 civitate
3275 4900 3548 4987 Rigensi,
