3892 5609
1332 333 1722 415 inmnou
1767 366 2159 415 GnnnnAmx
3015 356 3164 428 385

318 522 495 592 546.
535 525 716 591 1257
743 530 913 592 iunii
939 529 981 593 5
1027 526 1140 612 (cf.
1170 526 1310 611 15.)
1356 527 1632 593 Vitae-bii.
1692 526 2057 592 Alsoeander
2088 524 2194 593 IV
2226 529 2449 613 repetit
2478 526 2757 591 Honorii
2786 526 2909 592 III
2930 551 2992 590 π.
3018 527 3171 593 410.

533 657 893 725 Alexander
962 666 1077 725 etc.
1306 658 1549 737 Quanto
1619 661 1862 727 maiora
1927 666 2045 727 etc.
2138 659 2373 726 Datum
2418 658 2687 726 Viterbii
2751 679 2951 725 nonas
3016 659 3177 726 iunii

311 763 714 851 pontificatus
760 765 962 832 nostri
1009 786 1172 832 anno
1217 767 1430 834 tercio.

527 898 649 949 Cum
685 898 830 949 dato:
879 898 1094 949 viterbii
1127 902 1244 950 non'.
1281 899 1404 949 iunii
1437 917 1490 966 p.
1513 916 1565 951 n.
1599 918 1645 952 a.
1671 900 1722 951 3.
1767 898 2013 966 originale
2049 914 2160 949 cum
2195 897 2333 950 bulla
2366 898 2418 949 in
2456 898 2657 949 archivo
2693 898 3078 964 Regimontano.
3108 928 3171 937 —

315 984 439 1036 Cum
474 986 617 1039 dato:
655 986 870 1037 Viterbii
908 986 973 1039 17
1009 987 1112 1039 kal.
1136 988 1243 1039 iulii
1276 1006 1328 1055 p.
1353 1006 1403 1040 n.
1429 1006 1476 1039 a.
1501 988 1553 1040 3.
1591 988 1850 1055 originale,
1887 988 1969 1039 cui
2002 987 2149 1039 modo
2188 988 2333 1039 deest
2367 986 2533 1049 bulla,
2570 986 2623 1037 in
2660 987 2860 1039 archivo
2896 988 3171 1053 Regimen-

309 1082 458 1137 tano,
507 1075 592 1125 ubi
640 1075 792 1126 etiam
837 1084 1146 1128 transsumta
1195 1077 1240 1129 1.
1276 1076 1574 1143 Engelberti
1616 1078 1939 1129 Tarbatensis
1989 1077 2211 1143 episcopi
2257 1077 2306 1129 d.
2337 1075 2387 1127 d.
2428 1075 2565 1126 1324
2613 1084 2709 1127 oct.
2734 1076 2801 1126 25
2850 1073 3173 1142 Segew01d03

310 1160 364 1214 2.
399 1180 491 1230 per
525 1164 800 1230 Rogerium
834 1164 900 1217 de
931 1164 1133 1227 Barolo,
1170 1165 1588 1227 archidiaconum,
1625 1165 1860 1217 vicarium
1883 1165 2273 1227 Bar-tholomaei,
2310 1164 2580 1217 Tranensis
2616 1164 2997 1232 archiepiscopi,
3034 1166 3170 1215 vice-

310 1251 600 1303 cancellarii
631 1252 776 1319 regni
809 1250 1026 1315 Siciliae,
1070 1262 1123 1305 et
1156 1254 1418 1307 Nicolaum
1453 1254 1742 1317 Boi-tonum,
1777 1254 2121 1307 Barolitanum
2155 1254 2371 1306 iudicem
2404 1253 2575 1306 Baroli
2614 1252 2751 1307 1336
2784 1254 2905 1305 maii
2938 1254 3002 1306 31
3046 1268 3171 1306 con-

308 1339 522 1402 fectum;
559 1340 609 1393 3.
647 1340 697 1393 d.
722 1341 772 1393 d.
807 1340 1152 1410 Marionburgi
1189 1342 1326 1395 1393
1360 1343 1480 1395 maii
1512 1342 1598 1396 29.
1641 1372 1702 1381 —
1741 1343 1805 1396 A.
1835 1343 1899 1395 16
1935 1361 1987 1412 p.
2012 1343 2082 1395 46
2123 1343 2375 1409 „Bar-uli&

315 1569 492 1641 547.
532 1575 712 1641 1257
757 1578 927 1641 ἱιιπὶἱ
965 1579 1010 1643 9
1068 1577 1344 1644 Viterbii.
1424 1578 1789 1644 Alexander
1832 1576 1879 1643 I
1885 1578 1946 1643 V
1988 1580 2211 1665 repetit
2265 1575 2619 1643 Innocentii
2660 1576 2772 1642 IV
2814 1598 2877 1640 π.
2909 1574 3051 1641 497
3095 1575 3173 1640 de

531 1681 708 1749 1246
749 1685 1039 1750 ianuarii
1077 1686 1141 1752 4.

530 1812 890 1882 Alexander
934 1822 1050 1883 etc.
1230 1816 1546 1885 Canonica
1591 1818 2035 1885 constitutione
2080 1822 2196 1885 etc.
2265 1818 2501 1885 Datum
2534 1815 2802 1883 Viterbii
2831 1814 2984 1881 vid.
3011 1814 3171 1881 iunii

307 1918 708 2007 pontificatus
755 1922 954 1989 nostri
999 1944 1162 1991 anno
1209 1924 1422 1991 terei0.

522 2053 596 2105 Cf.
632 2054 762 2105 infra
791 2054 925 2107 1257
961 2055 1187 2119 iulii.11;
1222 2075 1374 2124 quum
1407 2074 1510 2109 non
1544 2058 1774 2110 videatur
1807 2056 1907 2109 nisi
1941 2074 2080 2109 error
2113 2055 2238 2108 iunii
2270 2073 2363 2123 pro
2397 2054 2521 2107 iulii.
2568 2056 2629 2106 cf.
2655 2073 2705 2107 n.
2731 2054 2851 2107 558.

315 2276 490 2348 548.
531 2279 720 2346 1257
763 2283 932 2347 iunii
974 2282 1055 2347 11
1118 2282 1395 2349 Vicerbii.
1463 2283 1827 2349 Alexander
1856 2280 1969 2348 IV
2000 2284 2224 2369 repetit
2264 2305 2327 2346 π.
2362 2280 2495 2346 540
2540 2280 2617 2345 de
2644 2278 2829 2345 1257
2871 2280 3031 2344 maii
3057 2278 3120 2345 3.

530 2419 891 2488 Alexander
937 2426 1052 2488 etc.
1275 2422 1582 2501 Quoniam
1630 2443 1709 2489 ex
1755 2428 1872 2490 etc.
1940 2422 2171 2491 Datum
2202 2421 2465 2489 viterbii
2496 2422 2567 2487 iii
2596 2420 2737 2487 idus
2767 2420 2928 2487 iunii
2956 2420 3168 2509 ponti·

307 2525 528 2595 ficatus
573 2528 772 2594 nostri
820 2548 982 2595 anno
1029 2528 1244 2596 terci0.

519 2650 631 2703 Hoc
667 2651 910 2718 originale
946 2652 1140 2703 initium
1181 2652 1458 2718 „Quoniam
1495 2656 1584 2705 ex“
1625 2654 1814 2705 habere
1851 2654 2039 2705 diserte
2076 2653 2385 2720 perhibetur.

315 2873 489 2944 549.
530 2877 926 3067 1257lium‘i
961 2878 1050 2945 13
1102 2878 1382 2945 Viterbii.
1454 2878 1819 2945 Alexander
1861 2878 1906 2943 I
1909 2878 1973 2945 V
2004 2880 2226 2965 repetit
2269 2878 2624 2943 Ῑπποσθπιὶἱ
2661 2876 2769 2943 IV
2807 2902 2869 2943 π.
2915 2878 3049 2944 503
3093 2879 3170 2944 de

530 2984 708 3050 1245
749 2986 858 3051 46.

528 3116 888 3184 Alexander
933 3122 1048 3184 etc.
1273 3117 1424 3185 Paci
1469 3123 1532 3186 et
1577 3119 1773 3204 quieti
1819 3154 1901 3165 -
1952 3118 2260 3185 astrictos.
2330 3117 2565 3185 Datum
2596 3116 2863 3184 Viterbii
2896 3116 2981 3183 id.
3006 3117 3169 3183 iunii

305 3222 707 3311 pontificatus
753 3226 951 3291 nostri
999 3244 1161 3290 anno
1206 3226 1420 3292 tercio.

520 3355 794 3422 originale,
834 3357 896 3408 de
922 3374 1018 3423 quo
1043 3356 1180 3408 bulla
1203 3357 1378 3411 avulsa
1402 3358 1562 3420 deest,
1597 3358 1698 3409 iam
1723 3358 1911 3408 dudum
1935 3358 2111 3408 domus
2135 3356 2558 3419 vindobonensis,
2584 3356 2867 3408 etiamnunc
2888 3355 2941 3407 in
2964 3355 3164 3408 archivo

309 3444 496 3497 ordinis
532 3444 828 3497 'theutonici
851 3445 1248 3509 vindobonensi,
1284 3446 1364 3497 ed.
1389 3446 1618 3499 Duellius
1653 3447 1720 3509 11,
1752 3447 1815 3497 10
1851 3464 1902 3497 n.
1932 3446 2013 3497 13.

314 3686 488 3756 550.
532 3688 716 3754 1257
763 3690 932 3754 iunii
959 3688 1046 3753 15
1089 3686 1366 3753 Vimbii.
1436 3689 1802 3755 Alexander
1834 3688 1944 3755 IV
1979 3690 2200 3774 repetit
2242 3712 2305 3753 n.
2338 3688 2473 3755 546
2518 3687 2755 3772 cle-125
2765 3688 2807 3753 7
2852 3690 3020 3753 iunii
3046 3688 3109 3753 5.

527 3828 888 3896 Alexander
943 3833 1060 3895 etc.
1284 3828 1529 3907 Quanto
1583 3830 1826 3896 maiora
1879 3835 1996 3897 eto.
2085 3828 2320 3897 Datum
2362 3828 2632 3896 Viterbii
2688 3829 2821 3895 xvii
2864 3827 3166 3895 kalendas

305 3935 445 4002 iulii
490 3934 888 4022 pontificatus
933 3936 1133 4004 nostri
1179 3956 1343 4004 anno
1389 3938 1602 4004 tercio.

311 4158 486 4228 551.
527 4161 713 4227 1257
757 4162 926 4227 iunii
952 4160 1039 4227 15
1084 4159 1358 4226 Viterbii.
1428 4160 1792 4226 Alexander
1833 4162 2055 4247 repetit
2098 4183 2160 4223 π.
2195 4160 2329 4225 545
2373 4161 2450 4225 de
2495 4160 2675 4227 1257
2719 4162 2888 4225 iunii
2928 4159 2992 4227 3.

525 4301 886 4368 Alexander
931 4306 1046 4368 etc.
1263 4301 1488 4368 Vestra
1533 4301 1752 4385 religio
1784 4306 1900 4367 etc.
1972 4300 2209 4367 Datum
2235 4300 2503 4369 Viterbii
2533 4302 2667 4367 xvii
2695 4300 2997 4368 kalendas
3026 4300 3165 4367 iulii

305 4407 704 4496 pontificatus
751 4409 952 4476 nostri
998 4427 1160 4475 anno
1207 4409 1422 4475 tercio.

1801 4552 2047 4559 ——--——-

313 4664 489 4735 552.
531 4669 713 4734 1257
757 4670 926 4733 iunii
954 4668 1040 4733 16
1085 4666 1361 4733 Viterbii.
1431 4668 1796 4733 Alexander
1825 4666 1935 4733 IV
1968 4670 2191 4753 repetit
2231 4690 2295 4732 π.
2326 4667 2463 4732 542
2506 4668 2583 4731 de
2610 4667 2788 4733 1257
2832 4669 2993 4731 maii
3024 4667 3134 4732 30.

527 4808 888 4876 Alexander
934 4814 1049 4875 etc.
1275 4807 1434 4875 Cum
1480 4829 1591 4874 vos
1639 4813 1958 4893 tamquam
2008 4813 2122 4875 etc.
2214 4807 2448 4874 Datum
2480 4804 2750 4874 Viterbii
2794 4807 2903 4874 xvi
2948 4806 3166 4874 kalen-

305 4916 417 4983 das
463 4915 600 4983 iulii
645 4915 1046 5003 pontificatus
1090 4916 1292 4982 nostri
1339 4936 1502 4983 anno
1547 4916 1762 4983 tercio.

2671 5136 2741 5191 25
