3892 5609
754 350 908 425 234
947 345 954 351 “
1491 392 1496 405 -
2044 361 2323 412 nvom

751 523 1108 591 dictionem.
1178 523 1311 603 Que
1357 523 1436 590 de
1480 521 1740 610 speciali
1783 522 2080 590 mandato
2126 527 2341 590 nostro
2372 528 2521 590 sunt
2548 500 2855 590 'instituta
2884 523 3143 610 provide
3174 543 3251 591 ac
3278 522 3607 591 salubriter

751 630 1060 716 ordinata,
1106 630 1286 698 decet
1329 630 1673 717 apostolica
1717 631 2105 697 communire
2147 628 2425 717 presidio
2438 681 2458 715 ,
2516 636 2589 697 ut
2637 630 3005 699 inconcusse
3046 630 3241 698 robur
3292 630 3607 697 firmitatis

749 738 1024 806 habeant
1067 742 1131 804 et
1173 736 1436 805 illabata
1486 739 1850 825 persistant.
1921 737 2089 805 Sane
2134 756 2275 804 cum
2330 737 2786 822 ordinationes,
2836 758 2955 823 que
2996 736 3366 821 Rigensem‚
3414 738 3607 805 Semi-

749 844 1116 932 galliensem
1161 849 1226 911 et
1253 843 1700 913 Guroniensem
1745 846 2091 930 tangebant
2134 845 2448 930 ecclesias,
2494 846 2940 913 reformatione
2986 849 3051 912 et
3094 846 3481 914 correctione
3514 847 3607 912 in-

749 954 962 1038 digere
1007 954 1075 1019 in
1133 952 1447 1037 aliquibus
1499 952 1861 1050 viderentur
1875 1003 1894 1038 ‚
1952 974 2069 1020 nos
2124 953 2550 1020 ordinationes
2604 953 2779 1040 ipsas
2834 952 3238 1035 corrigendas
3294 958 3363 1020 et
3414 953 3607 1020 refor-

747 1061 1012 1129 mandas
1064 1058 1526 1127 venerabilibus
1581 1060 1884 1128 fratribus
1929 1060 2169 1143 P(etro)
2214 1059 2560 1128 Albanensi
2605 1066 2669 1128 et
2712 1058 3047 1127 Guillelmo
3094 1058 3431 1129 Sabinensi
3480 1062 3609 1149 epi-

749 1168 956 1255 scopis
988 1186 1063 1235 ac
1091 1167 1315 1235 dilecto
1345 1164 1474 1233 filio
1504 1167 1738 1234 nostris
1764 1166 2077 1249 I(ohanni)
2109 1166 2279 1234 tituli
2308 1168 2511 1235 sancti
2538 1166 2867 1235 Laurentii
2896 1168 2963 1234 in
2990 1166 3232 1235 Lucina
3262 1168 3608 1254 presbitero

749 1275 1054 1343 cardinali
1085 1274 1379 1342 duximus
1409 1276 1912 1359 committendae,
1943 1277 2051 1361 qui
2084 1274 2417 1359 diligenter
2444 1280 2736 1343 naturam
2766 1274 3125 1342 huiusmodi
3147 1277 3387 1360 negotii
3410 1282 3608 1343 atten-

749 1383 968 1457 dentes
998 1387 1234 1450 certam
1267 1402 1456 1469 super
1483 1382 1608 1450 hiis
1637 1382 2095 1451 ordinationem
2119 1383 2317 1468 vobis,
2346 1382 2545 1449 frater
2572 1382 3041 1469 archiepiscope
3070 1402 3145 1449 ac
3168 1382 3261 1449 fili
3285 1383 3606 1468 magister,

747 1510 990 1557 necnon
1043 1490 1552 1577 procuratoribus
1596 1490 1856 1574 vestris,
1907 1490 2139 1556 fratres
2186 1490 2465 1577 episcopi
2510 1494 2575 1556 et
2614 1488 2731 1556 filii
2774 1489 3153 1577 capitulum,
3210 1491 3605 1578 presentibus

731 1603 814 1665 ,et
857 1597 1386 1665 consentientibus
1431 1598 1654 1665 fecisse
1698 1602 2062 1683 noscuntur,
2109 1602 2299 1683 prout
2340 1597 2409 1663 in
2454 1596 2815 1684 patentibus
2860 1597 3088 1664 litteris
3130 1596 3282 1664 inde
3308 1598 3607 1666 confectis

749 1711 815 1773 et
857 1705 1120 1789 signatis
1165 1704 1388 1790 sigillis
1435 1705 1874 1792 episcoporum
1905 1709 1971 1771 et
2003 1703 2339 1771 cardinalis
2383 1704 2811 1791 predictorum
2856 1723 2931 1771 ac
2962 1705 3155 1771 etiam
3184 1705 3438 1791 vestris,
3481 1706 3607 1773 iam

746 1811 902 1880 dicti
948 1812 1414 1899 archiepiscope
1459 1817 1526 1879 et
1568 1812 1892 1897 magister,
1937 1812 2185 1898 plenius
2230 1811 2604 1878 continetur.
2672 1810 2803 1878 Nos
2846 1812 3061 1897 itaque
3092 1812 3322 1879 vestris
3368 1812 3608 1900 suppli-

745 1920 1098 1987 cationibus
1153 1920 1440 1987 inclinati
1497 1920 1959 1989 ordinationem
2013 1918 2373 1985 huiusmodi
2429 1938 2545 2005 per
2596 1917 3023 1986 Albanensem
3076 1936 3152 1985 ac
3196 1919 3607 1988 sabinensem

747 2029 1072 2114 episcopos
1104 2033 1168 2095 et
1196 2027 1578 2095 cardinalem
1608 2026 1885 2114 prefatos
1916 2046 2109 2113 super
2137 2026 2463 2114 premissis
2486 2026 2748 2112 provide
2775 2026 3006 2093 factam
3034 2032 3241 2094 ratam
3274 2033 3339 2096 et
3358 2026 3606 2095 firmam

745 2134 1048 2203 habentes
1093 2155 1234 2203 eam
1279 2136 1649 2203 auctoritate
1695 2134 2042 2221 apostolica
2085 2132 2527 2201 confirmamus
2572 2138 2636 2200 et
2664 2134 2975 2220 presentis
3007 2134 3229 2222 scripti
3258 2136 3605 2222 patrocinio

745 2242 1226 2336 communimuS,
1271 2247 1554 2310 tenorem
1598 2250 1810 2309 autem
1853 2242 2208 2309 litterarum
2253 2242 2537 2328 ipsarum
2584 2241 2660 2308 de
2705 2242 2896 2309 verbo
2942 2242 3023 2309 ad
3053 2242 3315 2310 verbum
3348 2262 3605 2331 presen-

744 2348 914 2417 tibus
955 2350 1220 2417 fecimus
1266 2350 1574 2435 annotari,
1622 2348 1729 2436 qui
1773 2349 1920 2417 talis
1966 2353 2090 2417 est:

1061 2456 1286 2524 Petrus
1331 2464 1448 2525 etc.
1495 2457 1574 2524 de
1623 2456 1790 2525 1251
1839 2456 2055 2523 martii
2100 2457 2143 2522 3
2187 2452 2479 2541 Lugduni
2526 2456 2746 2543 (supra
2786 2476 2850 2522 n.
2883 2456 3060 2538 246).

745 2560 917 2631 Nulli
948 2583 1096 2648 ergo
1127 2564 1382 2631 omnino
1411 2562 1737 2631 hominum
1765 2564 1956 2631 liceat
1984 2564 2147 2631 hanc
2175 2565 2475 2650 paginam
2502 2567 2717 2631 nostre
2740 2562 3233 2631 confirmationis
3262 2562 3603 2649 infringere

745 2670 846 2739 vel
891 2672 950 2738 ei
995 2691 1152 2739 ausu
1197 2672 1530 2739 temerario
1575 2672 1905 2739 contraire.
1988 2670 2058 2737 Si
2103 2673 2243 2757 quis
2289 2677 2499 2738 autem
2544 2671 2662 2738 hoc
2706 2676 3083 2759 attemptare
3126 2672 3600 2759 presumpserit,

743 2777 1241 2863 indignationem
1297 2780 1746 2867 omnipotentis
1791 2779 1892 2846 dei
1937 2785 2003 2846 et
2044 2778 2367 2845 beatorum
2414 2778 2588 2845 Petri
2633 2784 2697 2846 et
2737 2778 2920 2846 Pauli
2980 2778 3407 2866 apostolorum
3468 2780 3599 2847 eius

745 2906 814 2953 se
857 2886 1106 2953 noverit
1147 2888 1565 2954 incursurum.
1635 2888 1870 2957 Datum
1899 2886 2193 2972 Lugduni
2235 2887 2283 2953 ii
2312 2886 2455 2953 idus
2500 2886 2721 2954 marcii
2762 2884 3163 2974 pontificatus
3202 2888 3406 2955 nostri
3439 2906 3599 2954 anno

745 2998 984 3089 octavo.

955 3134 1022 3197 11,
1063 3134 1164 3187 135
1174 3151 1221 3187 r.
1258 3136 1366 3187 sine
1402 3135 1538 3197 dato,
1576 3152 1688 3187 cum
1723 3135 1972 3187 clausula:
2016 3134 2124 3201 „Ita
2158 3135 2409 3187 invenitur
2442 3134 2509 3187 de
2544 3135 2699 3187 verbo
2735 3135 2803 3186 ad
2838 3136 3043 3188 verbum
3078 3136 3129 3187 in
3164 3135 3381 3202 registro
3416 3136 3595 3188 domini

742 3225 1023 3277 Innocentii
1044 3240 1180 3292 pape
1193 3224 1294 3277 1111
1317 3242 1450 3277 anno
1463 3224 1584 3276 vm
1609 3240 1719 3291 cap.
1737 3224 2242 3277 ccchxxxxn“.
2296 3224 2501 3275 Editum
2522 3224 2605 3275 hic
2626 3240 2689 3275 ex
2712 3224 2945 3291 originali
2966 3225 3155 3291 optime
3176 3234 3491 3289 conservato,
3520 3226 3593 3277 eui

745 3314 1036 3381 appendent
1058 3312 1145 3365 fila
1168 3313 1361 3366 sericea
1381 3316 1534 3365 rubra
1557 3323 1610 3365 et
1631 3314 1780 3377 flava,
1815 3333 1848 3367 a
1870 3330 2161 3382 possessore
2186 3315 2236 3366 b.
2254 3330 2321 3365 m.
2338 3312 2552 3365 Daniele
2575 3312 2937 3365 Friedlaender
2958 3314 3210 3380 quondam
3232 3314 3471 3367 Prusaiae
3493 3315 3593 3382 regi

743 3421 776 3455 a
799 3404 1005 3455 secretis
1040 3402 1260 3455 iustitiae
1295 3403 1513 3455 consiliis
1537 3403 1795 3455 nobiscum
1819 3404 2195 3455 communicato.
2249 3402 2460 3469 Signum
2494 3402 2683 3455 archivi
2717 3402 2974 3455 cuiusdam
2996 3402 3073 3453 111
3090 3418 3133 3455 c.
3184 3402 3245 3455 In
3282 3404 3425 3456 dorsi
3457 3414 3593 3471 parte

743 3502 1024 3545 anti-orsum
1069 3492 1244 3543 subtus
1288 3492 1484 3543 inverso
1529 3492 1714 3558 legitur
1749 3494 2015 3545 veterrima
2054 3510 2204 3543 manu
2240 3492 2478 3559 scriptum
2522 3492 2591 3543 ad
2624 3492 2877 3543 sinistram
2914 3492 2951 3544 S
2962 3529 2977 3553 ‚
3024 3492 3092 3543 ad
3126 3492 3379 3545 dextram:
3426 3492 3596 3546 Scribe

743 3583 892 3634 aliam
928 3582 1203 3647 Stephane.
1257 3581 1316 3632 In
1353 3581 1527 3633 dorso:
1565 3581 1754 3633 Sancta
1777 3580 1956 3633 Maria.
1992 3580 2242 3649 Recriptt.
2271 3612 2334 3621 -
2370 3580 2537 3633 littere
2573 3581 2639 3632 de
2674 3589 2810 3632 terra
2834 3581 3063 3633 Ouronie.
3116 3581 3273 3633 Manu
3310 3600 3353 3635 s.
3377 3582 3461 3634 xiv
3494 3600 3598 3635 εις

741 3670 1069 3725 Innocenoius
1105 3670 1170 3721 de
1205 3670 1308 3721 1111
1341 3670 1454 3722 idus
1488 3670 1661 3721 marcii
1695 3687 1828 3722 anno
1863 3672 1973 3723 eius
2009 3680 2183 3723 octavo
2219 3670 2371 3722 hevet
2404 3669 2693 3737 bestediget
2728 3670 2791 3721 de
2820 3670 3087 3737 orderinge
3124 3670 3215 3722 der
3249 3670 3481 3739 prelaten
3506 3672 3595 3723 Al-

740 3761 1008 3821 baneneis‚
1053 3758 1346 3811 Sabinensis
1382 3760 1500 3814 und.
1523 3759 1612 3811 des
1650 3759 1929 3811 cardinales
1966 3768 2109 3811 sente
2145 3758 2476 3821 Laurencius,
2526 3759 2615 3809 dat
2649 3757 2739 3811 dat
2770 3758 3123 3826 bissehopdom
3159 3777 3257 3811 van
3293 3758 3599 3827 Semigallen

743 3848 838 3902 sall
871 3850 1072 3901 hebben
1109 3848 1173 3899 de
1209 3848 1453 3915 (erasumt
1491 3849 1624 3916 ercz)
1659 3848 1895 3915 biaschop
1933 3864 2031 3899 van
2068 3848 2224 3915 Rige,
2272 3864 2408 3915 uppe
2444 3848 2535 3899 dat
2568 3848 2633 3899 he
2670 3848 2749 3899 sik
2786 3848 2943 3899 desde
2978 3848 3101 3899 beth
3135 3848 3319 3915 meglio
3356 3850 3595 3917 berghen,

739 3939 992 3991 beholden
1028 3939 1174 3990 deme
1210 3938 1368 3991 orden
1404 3938 1512 3989 sine
1547 3937 1739 4004 gudere
1763 3937 1992 3999 dai-inne,
2028 3938 2132 3988 und
2158 3937 2221 3989 do
2246 3946 2369 3990 ποι-ι
2392 3937 2458 3989 de
2483 3937 2739 4003 bisschopt
2763 3954 2861 3989 van
2882 3936 3015 4003 Rige
3049 3938 3305 4004 gemaket·
3324 3956 3391 3991 eu
3426 3956 3593 3992 erene-

739 4028 1002 4095 bisschop,
1051 4028 1160 4079 alze
1205 4028 1402 4079 hirinne
1450 4027 1583 4079 steit.
1645 4026 1727 4079 ok
1775 4026 1932 4078 sande
1981 4026 2045 4078 do
2092 4025 2157 4079 de
2192 4026 2569 4094 erczebisschop
2606 4043 2703 4078 van
2738 4026 2886 4078 Mens
2930 4042 3059 4078 enen
3094 4028 3460 4094 mynrebroder
3502 4046 3593 4097 ge-

739 4118 912 4169 heiten
946 4116 1132 4169 Hinrik
1167 4115 1498 4168 Lutcelborch
1532 4116 1821 4183 bestediget
1855 4126 1908 4167 to
1937 4114 2243 4191 Semigallen
2279 4134 2369 4168 vor
2405 4133 2535 4169 enen
2570 4116 2823 4183 bisschop,
2859 4116 2957 4167 den
2996 4116 3061 4167 de
3095 4116 3443 4169 verbenonten
3478 4134 3591 4186 pre-

738 4207 878 4259 laten
915 4207 979 4258 do
1015 4214 1182 4257 satten
1217 4214 1270 4257 to
1297 4204 1574 4269 Owrlande,
1609 4214 1774 4257 wonte
1809 4204 1901 4257 dar
1938 4206 2004 4256 do
2039 4222 2144 4271 nyn
2181 4205 2379 4272 bissoop
2416 4223 2481 4257 en
2517 4224 2635 4268 was,
2674 4205 2923 4258 beholden
2960 4206 3058 4257 den
3094 4205 3343 4257 boi-deren
3379 4223 3470 4258 ere
3502 4214 3595 4259 tve

739 4304 856 4364 part
891 4296 981 4347 des
1016 4294 1193 4347 landes
1226 4295 1316 4346 mit
1352 4295 1476 4346 aller
1509 4293 1817 4346 rechticheit.
1831 4348 1842 4357 ,
1870 4294 2029 4345 Dein:
2065 4311 2159 4344 ave
2194 4292 2372 4345 Maria.
2428 4295 2709 4346 Ediderunt
2744 4304 2862 4347 ante
2898 4292 3081 4361 Dogiel
3113 4293 3224 4346 cod.
3252 4294 3375 4363 dipl.
3398 4294 3510 4347 Pol.
3530 4296 3592 4357 V,

744 4385 807 4437 17
845 4404 895 4436 n.
921 4384 1111 4436 XXIV.
1174 4382 1490 4435 Nettelbladt
1522 4384 1714 4435 Fascio.
1748 4400 1846 4435 rer.
1874 4382 2107 4435 Cui-land.
2140 4380 2239 4435 150
2288 4381 2447 4449 (male
2484 4384 2549 4434 ad
2590 4383 2773 4451 1245).
2836 4382 2962 4435 Livl.
2988 4382 3143 4435 U.-·B.
3177 4383 3219 4447 I,
3256 4384 3357 4435 281
3396 4402 3450 4437 ιι.
3476 4384 3591 4447 222,

739 4474 827 4526 ubi
862 4474 1012 4526 etiarn
1037 4473 1253 4524 citantur
1277 4473 1422 4539 copia
1457 4472 1509 4524 in
1545 4471 1748 4524 archivo
1771 4472 2139 4537 Regimontano
2176 4480 2433 4524 asservata
2466 4482 2519 4524 et
2552 4472 2707 4525 editio
2743 4490 2826 4539 ap.
2844 4472 3121 4540 Turgenow
3144 4472 3187 4537 1,
3212 4470 3283 4525 ‘10
3315 4491 3369 4526 ιι.
3386 4474 3591 4527 LXXX.

744 4564 941 4616 Gmber
979 4563 1154 4631 Origg.
1179 4564 1352 4615 Livon.
1379 4560 1486 4613 274
1520 4561 1628 4613 LV.
1689 4562 1795 4614 Scr.
1820 4578 1918 4613 rer.
1943 4561 2051 4613 Liv.
2075 4562 2117 4623 1,
2140 4560 2247 4613 403
2284 4561 2391 4613 LV.
