3892 5609
709 315 859 387 390
1678 326 2101 375 Pom-mcum
2144 324 2587 375 nonauontm

711 484 884 556 564.
927 488 1108 555 1257
1155 510 1298 572 any.
1330 489 1374 552 9
1429 487 1708 553 Viterbii.
1789 486 2151 552 Alexander
2196 486 2309 552 IV
2342 488 2621 553 concedit
2663 488 2880 553 ordini
2926 484 3303 553 Theutonieo
3316 534 3337 565 ,
3387 486 3557 573 quod

925 596 1003 659 de
1044 595 1208 659 male
1249 597 1576 681 acquisitis
1619 608 1675 659 et
1719 596 1796 659 de
1835 596 2316 659 redemtionibue
2358 607 2641 660 votorum
2676 616 2875 680 usque
2916 596 3003 659 ad
3026 617 3093 657 m
3118 616 3371 659 marcae
3396 606 3551 659 cter-

927 702 1240 787 linyorum
1283 703 1372 766 ad
1415 724 1572 788 opus
1616 702 1908 787 maqiem·
1950 713 2005 765 et
2030 701 2323 786 fratr-um
2365 724 2623 768 suorum
2664 706 2737 767 in
2776 702 3064 789 panibus
3110 702 3553 767 transmarinis

925 811 1202 894 recipere
1246 812 1306 873 ei
1349 810 1547 875 liceat.

925 940 1285 1008 Alexander
1314 942 1642 1030 episcopus
1689 962 1904 1009 servus
1950 962 2273 1008 servorum
2320 942 2423 1010 dei
2467 941 2711 1009 dilectis
2756 940 2902 1009 filiis
2946 942 3303 1029 preceptori
3332 946 3399 1007 et
3428 940 3555 1006 fra-

707 1049 906 1117 tribus
951 1049 1281 1136 hospitalis
1327 1055 1540 1117 sancte
1573 1049 1774 1117 Marie
1803 1048 2324 1116 Theotonicorum
2369 1050 2437 1115 in
2466 1049 2845 1117 Alamannia
2886 1049 3153 1117 salutem
3197 1053 3264 1115 et
3304 1052 3559 1134 aposto-

703 1156 892 1224 licam
935 1155 1448 1223 benedictionem.
1651 1157 1963 1223 Inducunt
2004 1176 2119 1223 nos
2164 1158 2391 1224 merita
2434 1157 2803 1223 dilectorum
2846 1154 3113 1223 filiorum
3158 1154 3451 1239 magistri
3494 1160 3561 1221 et

705 1266 972 1330 fratrum
1017 1264 1212 1329 vestri
1255 1263 1491 1331 ordinis
1536 1264 1931 1331 manencium
1977 1264 2045 1329 in
2089 1263 2375 1351 partibus
2419 1264 2888 1347 transmarinis,
2944 1268 3017 1329 ut
3060 1281 3167 1330 eos
3212 1282 3559 1349 prosequa-

706 1390 850 1436 mur
894 1371 1134 1454 gracia,
1193 1390 1312 1455 que
1365 1370 1648 1457 ipsorum
1703 1371 2179 1437 necessitatibus
2234 1390 2371 1437 esse
2424 1370 2768 1437 dinoscitur
2812 1374 3138 1458 oportuna.
3228 1368 3399 1436 Hinc
3440 1374 3559 1453 est,

709 1477 876 1563 quod
927 1496 1044 1543 nos
1099 1476 1383 1544 inclinati
1439 1478 1728 1565 precibus
1784 1478 2121 1544 eorundem
2135 1528 2154 1561 ,
2224 1483 2298 1544 ut
2352 1478 2430 1545 de
2486 1478 2725 1562 usuris,
2780 1477 3024 1564 rapinis
3079 1483 3142 1544 et
3194 1476 3339 1543 aliis
3394 1474 3561 1542 male

709 1584 1061 1669 acquisitiS,
1121 1583 1454 1650 dummodo
1501 1584 1620 1669 hii,
1669 1584 1893 1670 quibus
1939 1584 2221 1671 ipsorum
2266 1586 2587 1653 restitucio
2632 1585 2769 1652 fieri
2813 1584 3067 1669 debeat,
3111 1583 3369 1649 omnino
3412 1583 3561 1649 sciri

710 1696 774 1758 et
814 1691 1083 1757 inveniri
1124 1710 1250 1757 non
1296 1693 1557 1778 possint,
1603 1712 1844 1759 necnon
1891 1691 1969 1758 de
1997 1691 2539 1778 redempcionibus
2570 1698 2877 1776 votorum,
2927 1710 3047 1776 que
3074 1690 3312 1757 fuerint
3344 1696 3561 1757 aucto-

571 1784 588 1807 '
708 1798 896 1864 ritate
949 1798 1418 1864 diocesanorum
1475 1798 1838 1886 pontificum
1884 1804 2267 1864 commutata
2280 1850 2300 1883 ,
2360 1800 2853 1866 lerosolimitano
2898 1799 3230 1865 dumtaxat
3272 1802 3561 1885 excepto,

707 1924 908 1989 usque
952 1905 1031 1971 ad
1077 1926 1385 1972 summam
1441 1905 1614 1972 mille
1657 1906 2054 1973 marcharum
2102 1906 2542 1989 sterlingorum
2589 1907 2669 1971 ad
2714 1926 2872 1993 opus
2916 1906 3221 1971 dictorum
3270 1906 3563 1989 magistri

710 2016 774 2079 et
815 2012 1082 2077 fratrum
1126 2014 1406 2099 recipere
1448 2014 1710 2080 valeatis
1725 2064 1744 2097 ,
1801 2014 2173 2080 auctoritate
2216 2013 2393 2079 vobis
2440 2014 2832 2100 presencium
2878 2012 3171 2079 duximus
3214 2012 3565 2079 conceden-

710 2118 880 2201 dum,
927 2120 982 2185 si
1026 2123 1234 2185 tamen
1279 2120 1405 2205 ipsi
1449 2140 1564 2205 pro
1611 2119 1912 2187 similium
1958 2120 2322 2207 recepcione
2369 2120 2525 2185 alias
2570 2140 2695 2186 non
2743 2121 2871 2186 sint
2914 2138 2953 2185 a
2989 2119 3172 2186 nobis
3198 2120 3565 2186 huiusmodi

710 2226 988 2309 graciam
1033 2228 1367 2309 consecuti,
1412 2228 1505 2293 ita
1547 2231 1780 2311 tamen,
1827 2228 2015 2312 quod,
2062 2227 2118 2293 si
2164 2227 2401 2313 aliquid
2442 2221 2520 2294 de
2549 2227 2704 2315 ipsis
2732 2226 2907 2293 mille
2933 2227 3162 2293 marcis
3194 2226 3566 2293 dimiseritis

711 2333 811 2401 vel
854 2334 1254 2401 restitueritis
1300 2338 1410 2399 aut
1438 2333 1736 2399 dederitis
1773 2333 1921 2418 illis,
1970 2354 2009 2399 a
2038 2334 2260 2420 quibus
2292 2355 2368 2401 ea
2396 2336 2779 2422 receperitis,
2823 2334 3179 2401 huiusmodi
3208 2333 3563 2416 dimissum,

709 2441 1068 2508 restitutum
1115 2460 1222 2506 seu
1271 2440 1485 2506 datum
1529 2440 1620 2506 nil
1666 2440 1746 2506 ad
1790 2440 2232 2508 liberacionem
2278 2462 2491 2509 eorum
2537 2444 2741 2529 prosit
2782 2460 2901 2508 nec
2944 2446 3244 2526 quantum
3290 2442 3375 2507 ad
3406 2440 3565 2507 illud

710 2548 1057 2615 habeantur
1101 2548 1492 2632 aliquatenus
1539 2547 1824 2614 absoluti.
1903 2548 2077 2615 Nulli
2120 2569 2268 2634 ergo
2316 2550 2569 2616 omnino
2612 2550 2933 2615 hominum
2978 2547 3197 2632 liceat,
3241 2548 3407 2615 hanc
3448 2568 3565 2634 pa·

710 2656 924 2740 ginam
965 2660 1178 2723 nostre
1223 2655 1638 2721 concessionis
1683 2655 2024 2739 infringere
2069 2657 2168 2724 vel
2213 2659 2271 2724 ei
2318 2678 2474 2725 ausu
2520 2657 2853 2724 temerario
2898 2658 3229 2723 contraire.
3305 2654 3375 2722 si
3422 2655 3565 2741 quis

713 2768 924 2830 autem
967 2762 1084 2829 hoc
1127 2766 1502 2848 attemptare
1545 2764 2021 2849 presumpserit,
2066 2765 2571 2848 indignacionem
2618 2765 3063 2851 omnipotentis
3106 2764 3211 2829 dei
3254 2768 3321 2830 et
3348 2763 3567 2829 beato-

713 2891 853 2937 rum
897 2869 1070 2937 Petri
1126 2876 1189 2936 et
1230 2868 1410 2936 Pauli
1467 2869 1891 2957 apostolorum
1936 2870 2070 2937 eius
2116 2892 2183 2939 se
2226 2874 2475 2940 noverit
2524 2873 2937 2939 incursurum.
3018 2871 3253 2938 Datum
3293 2869 3565 2936 Viterbii

711 2998 754 3044 v
796 2978 937 3044 idus
985 2976 1232 3061 augusti
1277 2976 1676 3063 pontificatus
1719 2977 1920 3044 nostri
1966 2998 2131 3044 anno
2175 2980 2388 3046 tercio.

921 3118 1044 3171 Sine
1080 3118 1223 3170 dato:
1259 3118 1324 3169 A.
1354 3117 1420 3168 16
1453 3135 1504 3184 p.
1534 3116 1634 3169 100
1663 3118 1908 3183 „Iuncis“.
1940 3150 2001 3158 -
2041 3118 2162 3171 Sine
2198 3120 2317 3171 dato
2354 3120 2533 3172 citatur
2557 3120 2620 3171 R.
2644 3120 2745 3171 154
2767 3120 2899 3171 inter
2921 3118 3215 3179 Iuncensia;
3244 3126 3329 3183 „et
3348 3117 3564 3169 habetur

713 3206 1026 3277 privilegium
1074 3207 1213 3274 prius
1247 3208 1464 3257 Trevere
1515 3207 1579 3257 de
1623 3208 1775 3258 verbo
1820 3207 1886 3258 ad
1921 3208 2152 3273 verbum,
2202 3210 2329 3261 sicut
2374 3217 2453 3261 est
2494 3226 2587 3277 per
2633 3208 2849 3260 eundem
2885 3206 3227 3259 Alexandrum
3260 3206 3469 3257 mltum
3511 3214 3563 3257 et

714 3296 1002 3363 exprimitur
1037 3296 1118 3347 hic
1153 3294 1303 3361 plane
1338 3312 1495 3361 usque
1532 3294 1599 3347 ad
1634 3314 1874 3347 summam
1909 3295 2046 3347 mille
2082 3314 2383 3361 marcarum,
2420 3306 2473 3349 et
2506 3296 2627 3349 alibi
2659 3298 2759 3349 nisi
2792 3314 2950 3363 usque
2985 3296 3055 3347 ad.
3088 3312 3331 3347 summam
3366 3305 3563 3345 centum

713 3386 1038 3436 marcarum“.
1055 3414 1116 3423 —
1147 3386 1268 3435 Cum
1293 3385 1437 3437 dato:
1475 3384 1564 3447 IV,
1584 3384 1686 3435 209
1699 3404 1744 3437 v·
1773 3386 1884 3439 n.''I.
1903 3416 1963 3425 —-
1990 3386 2067 3437 Ex
2090 3394 2389 3437 transsumto
2414 3386 2599 3439 Robini
2622 3386 2686 3437 de
2704 3384 2895 3448 Minoa,
2922 3384 3101 3435 decani
3124 3382 3367 3435 ecclesiae
3386 3383 3557 3434 s.Ser-

715 3474 834 3525 vetii
857 3474 1187 3525 Traiectensis
1211 3474 1504 3525 Leodiensis
1541 3472 1768 3533 diocesis,
1806 3474 1944 3524 cuius
1982 3474 2149 3525 datum
2177 3476 2340 3527 omisit
2364 3476 2590 3542 scriptor,
2628 3474 2691 3527 A.
2718 3474 2781 3525 16
2816 3491 2867 3541 p.
2890 3472 2989 3524 108
3019 3473 3330 3539 „Traiecto“.
3374 3472 3559 3523 'rr-ns·

714 3571 929 3614 sumtum
967 3562 1021 3614 C.
1057 3562 1234 3613 decani
1269 3572 1321 3614 et
1353 3563 1424 3614 M.
1451 3562 1786 3613 archidiaconi
1809 3562 2176 3625 Leodiensium,
2212 3580 2345 3614 nunc
2378 3563 2487 3615 sine
2522 3562 2698 3629 sigillis
2734 3562 2785 3613 in
2822 3562 3020 3613 archivo
3058 3561 3246 3614 ordinis
3268 3560 3565 3613 'theutonici

715 3650 1107 3713 Vindohonemfi,
1145 3652 1394 3718 quondam
1432 3650 2086 3704 Confluentino-Iuncense.

722 3916 897 3991 565.
938 3921 1119 3988 1257
1163 3944 1308 4007 auq.
1341 3924 1385 3987 9
1429 3918 1704 3987 Vite-bii.
1775 3918 2139 3985 Alexander
2180 3918 2293 3985 IV
2326 3943 2389 3984 n.
2420 3920 2554 3986 560
2598 3922 2675 3985 de
2717 3920 2900 3987 1257
2944 3920 3093 3985 iulii
3131 3918 3239 3985 28.

933 4062 1294 4128 Alexander
1338 4066 1453 4129 etc.
1631 4060 1754 4128 Pro
1800 4060 2233 4145 consequenda
2278 4066 2393 4129 etc.
2470 4061 2705 4128 Datum
2734 4060 3002 4129 Viterbii
3047 4082 3088 4126 v
3130 4061 3273 4127 idus
3316 4062 3567 4145 augusti

716 4168 1113 4257 pontificatus
1158 4170 1358 4235 nostri
1403 4188 1566 4235 anno
1611 4168 1821 4236 tercio.

1828 4313 1877 4319 —.
1920 4313 2093 4320 ->-.-——-—

2314 4312 2453 4321 *—

722 4416 816 4489 56
829 4416 896 4488 6.
940 4421 1116 4486 1257
1161 4423 1415 4506 auqueti
1440 4420 1484 4485 9
1528 4418 1802 4484 Viterbii.
1873 4418 2237 4483 Alexander
2267 4418 2379 4483 IV
2413 4418 2693 4483 declarat
2736 4420 3228 4484 constitutionem
3266 4442 3450 4485 enam
3488 4422 3567 4485 de

940 4542 1313 4593 exemtoru‘m
1346 4526 1704 4613 privileyiis
1745 4527 2027 4627 jocorum
2071 4528 2414 4592 ordinariis
2448 4526 2875 4613 producendis
2908 4528 3190 4591 ordinem
3226 4524 3565 4593 Theutom'-

940 4659 1078 4702 ωιτη
1119 4658 1247 4701 non
1288 4649 1558 4721 tanqere.

933 4776 1294 4843 Alexander
1324 4784 1438 4844 etc.
1488 4777 1790 4860 magistro
1822 4780 1886 4843 et
1912 4775 2212 4841 fratribus
2247 4775 2573 4861 hospitalis
2603 4774 2783 4841 beate
2810 4772 3011 4841 Marie
3041 4773 3567 4841 Theutonicorum

715 4872 1197 4951 lerosolimitani
1243 4883 1508 4950 salutem
1553 4888 1618 4950 et
1661 4882 2067 4969 apostolicam
2113 4882 2624 4949 benedictionem.
2892 4881 3219 4960 Quendam
3264 4882 3567 4949 constitu-

718 4992 956 5064 cionem
1012 5011 1126 5057 nos
1173 4990 1442 5065 edidisse
1487 4991 1906 5075 meminimuS,
1954 4996 2042 5074 ut,
2089 4988 2171 5059 si¹
2202 4988 2311 5073 hii,
2358 4990 2463 5079 qui
2510 5010 2578 5059 se
2622 4995 2909 5059 asserunt
2950 5010 3067 5080 per
3096 4988 3431 5079 privilegia
3460 5010 3569 5057 seu
