3892 5609
685 298 832 369 356
1657 310 2079 359 Ponrimcuu
2126 310 2567 359 Roumonuu

677 468 793 534 tali
850 468 1130 555 predicto
1187 468 1498 553 indultae,
1553 470 1718 536 sicut
1770 471 1935 537 iuste
1994 476 2059 537 et
2100 469 2359 557 pacifice
2406 468 2729 553 obtinetiS,
2789 467 2968 535 vobis
3012 488 3128 553 per
3172 488 3291 533 nos
3338 466 3541 533 eidem

675 575 970 660 hospitali
1020 577 1391 643 auctoritate
1437 577 1782 664 apostolica
1825 576 2267 655 confirmamus
2303 583 2367 644 et
2395 576 2707 664 presentis
2738 575 2961 661 scripti
2988 575 3345 661 patrocinio
3374 596 3543 641 com·

675 683 1012 748 munimus,
1084 682 1256 749 Nulli
1302 703 1448 767 ergo
1497 686 1749 751 omnino
1794 684 2121 753 hominum
2162 692 2279 753 etc.
2351 683 2421 750 Si
2462 686 2602 769 quis
2644 688 2856 751 autem
2898 689 3013 750 etc.
3084 682 3325 749 Datum
3374 681 3543 768 apud

675 788 909 857 Urbem
945 789 1237 856 Veterem
1283 839 1298 855 .
1325 840 1341 856 .
1371 840 1386 855 .

887 922 951 974 A.
982 922 1047 974 16
1081 940 1133 989 p.
1163 920 1263 973 103
1304 923 1550 988 „Iuncis“.
1599 924 1662 975 R.
1694 923 1794 975 156
1829 924 1986 977 habet
2019 925 2150 976 inter
2184 924 2451 976 Iuncensia
2484 932 2725 989 tanquam
2760 921 2995 989 Gregorii
3027 921 3095 973 X.

676 1286 856 1357 470.
899 1289 1075 1356 1244
1111 1290 1442 1375 februarii
1469 1292 1513 1356 9
1553 1290 1850 1356 Lateran.
1929 1290 2329 1357 Innocentius
2367 1290 2476 1357 IV
2490 1291 2817 1375 fratribus
2876 1290 3119 1355 ordinis
3170 1286 3544 1353 Theutoniei

903 1400 1200 1477 concedit,
1252 1400 1422 1485 quod
1467 1400 1773 1484 quosdam
1817 1398 2070 1485 reyulae
2114 1399 2413 1464 articulos
2457 1400 2591 1485 ipsi
2630 1401 2971 1463 immutent.
3086 1441 3089 1445 -

895 1537 1293 1605 Innocentius
1342 1539 1674 1625 episcopus
1721 1560 1938 1607 servus
1986 1560 2309 1607 servorum
2355 1540 2457 1607 dei
2502 1538 2745 1607 dilectis
2781 1537 2930 1605 filiis
2972 1537 3277 1621 magistro
3310 1540 3376 1601 et
3416 1534 3541 1600 fra-

674 1644 878 1711 tribus
922 1645 1255 1731 hospitalis
1301 1652 1516 1713 sancte
1547 1646 1746 1714 Marie
1776 1648 2302 1714 Theutonicorum
2347 1646 2833 1714 Ierosolimitani
2878 1645 3145 1713 salutem
3192 1649 3259 1709 et
3288 1646 3543 1729 aposto-

672 1752 860 1819 licam
908 1753 1426 1820 benedictionem.
1651 1754 1774 1821 Pro
1819 1756 2174 1821 reverentia
2216 1754 2487 1839 gloriose
2530 1752 2729 1819 Marie
2775 1753 3069 1836 virginis,
3116 1751 3295 1817 cuius
3341 1748 3545 1815 laudi-

675 1860 789 1927 bus
845 1862 949 1947 pie
1005 1860 1355 1927 devotionis
1403 1860 1610 1927 studio
1657 1861 2008 1946 desudatis,
2069 1860 2361 1929 affectum
2402 1862 2673 1928 libenter
2718 1859 2799 1926 ad
2840 1858 2955 1925 illa
2996 1857 3364 1941 dirigimuS,
3424 1875 3545 1941 que

672 1970 850 2035 vobis
897 1973 1133 2035 statum
1179 1969 1390 2054 quiete
1435 1968 1664 2034 mentis
1711 1966 1977 2035 afferant
2022 1974 2086 2035 et
2130 1969 2509 2036 conscientie
2554 1964 2918 2053 scrupulum
2962 1964 3297 2031 titubantis
3332 1962 3545 2029 exclu-

625 2079 632 2095 '
673 2076 842 2142 dant.
917 2075 1081 2142 Sane
1125 2075 1194 2141 in
1239 2080 1472 2159 vestra,
1521 2075 1686 2141 sicut
1731 2076 2104 2162 audivimuS,
2152 2076 2371 2161 regula
2403 2076 2779 2157 continetur,
2828 2073 2993 2160 quod
3025 2072 3136 2156 hii,
3182 2071 3292 2156 qui
3324 2070 3547 2137 volunt

671 2183 736 2247 in
795 2188 1008 2249 vestra
1050 2182 1446 2249 fraternitate
1491 2182 1722 2269 recipi,
1781 2181 2012 2249 debent
2068 2182 2347 2249 locorum
2393 2182 2703 2269 episcopis
2758 2180 3111 2266 presentari
3166 2185 3232 2245 et
3284 2178 3543 2244 tandem

669 2296 883 2376 partes
930 2291 1386 2357 transmarinas
1431 2289 1627 2373 adire,
1675 2294 1765 2373 ut,
1814 2290 1868 2356 si
1914 2310 2131 2356 eorum
2178 2292 2312 2357 vita
2352 2290 2468 2356 tali
2504 2288 2590 2356 sit
2618 2289 2809 2372 digna
2838 2287 3118 2370 collegio,
3168 2306 3208 2351 a
3238 2286 3543 2369 magistro

671 2405 737 2462 et
793 2397 1093 2463 fratribus
1133 2370 1586 2463 *admittantun
1681 2396 1930 2463 Dicitur
1976 2397 2163 2463 etiam
2211 2398 2279 2463 in
2323 2398 2573 2481 eadem,
2632 2395 2801 2481 quod
2842 2395 2910 2459 in
2956 2400 3184 2480 quarta
3224 2394 3391 2460 feria
3434 2392 3545 2457 de-

673 2504 835 2570 betis
881 2505 1049 2570 vesci
1092 2504 1421 2586 carnibus,
1478 2504 1533 2569 si
1579 2504 1940 2591 precedenti
1986 2504 2088 2569 die
2132 2504 2273 2571 illas
2319 2525 2434 2590 pro
2480 2490 2744 2570 alicuius
2792 2501 3279 2588 sollempnitatis
3322 2499 3547 2584 vigilia

674 2611 1040 2695 dimittatis,
1101 2615 1165 2677 et
1220 2610 1385 2695 quod
1437 2611 1638 2677 tribus
1686 2609 1904 2677 diebus
1952 2612 2016 2676 in
2064 2610 2412 2678 ebdomada
2456 2610 2577 2677 duo
2626 2610 2726 2677 vel
2771 2611 2896 2677 tria
2938 2609 3117 2676 vobis
3162 2609 3231 2674 in
3274 2607 3545 2691 legumi-

673 2718 858 2784 nibus
906 2724 1016 2785 aut
1057 2718 1400 2803 pulmentis
1444 2717 1683 2783 fercula
1727 2717 2185 2801 ministrentur,
2232 2738 2475 2785 necnon
2522 2718 2689 2803 quod
2734 2716 3112 2802 generaliter
3158 2716 3282 2781 duo
3314 2735 3391 2781 ac
3421 2715 3544 2779 duo

672 2825 900 2891 fratres
946 2845 1060 2911 pro
1106 2826 1514 2912 parapsidum
1563 2828 1828 2911 penuria
1870 2825 2222 2910 comedant,
2272 2830 2335 2892 et
2378 2825 2619 2891 nullum
2654 2826 2721 2890 in
2754 2845 2969 2892 eorum
2997 2824 3233 2891 lanceis
3264 2823 3545 2905 tegimen

673 2931 996 2997 habeatur.
1069 2932 1190 2997 Pro
1235 2932 1358 2997 hiis
1403 2932 1573 2998 enim
1621 2938 1683 2997 et
1715 2932 2085 3016 quibusdam
2120 2933 2260 3000 aliis
2294 2934 2573 2999 articulis
2604 2932 2885 3019 predicte
2912 2929 3127 3013 regule
3156 2929 3549 2996 conscientia

673 3045 887 3106 vestra
929 3058 1078 3125 sepe
1124 3038 1316 3104 dubia
1361 3043 1424 3105 et
1466 3037 1830 3105 multotiens
1877 3039 2161 3107 redditur
2204 3042 2505 3125 inquieta,
2552 3040 2829 3105 maxime
2873 3058 3017 3104 cum
3050 3037 3307 3122 quidam
3338 3057 3421 3103 ex
3450 3038 3543 3103 eis

675 3136 838 3213 olim.
871 3146 1208 3233 postpositi
1253 3146 1384 3211 sint
1427 3166 1464 3212 a
1509 3146 1686 3212 vobis
1733 3153 1825 3231 et,
1873 3148 1929 3213 si
1976 3147 2307 3214 observare
2352 3146 2595 3214 velletis
2642 3147 2917 3229 eosdem,
2962 3144 3351 3231 perplexitas
3394 3144 3545 3210 inde

674 3255 852 3321 vobis
897 3253 1098 3320 multa
1141 3252 1530 3319 incumberet
1575 3259 1638 3319 et
1683 3254 2085 3341 importabile
2132 3255 2531 3342 dispendium
2575 3254 2954 3321 immineret.
3047 3252 3252 3329 Quare
3300 3251 3543 3339 suppli-

675 3362 920 3427 catione
965 3359 1188 3427 humili
1233 3359 1624 3446 postulastiS,
1672 3367 1743 3427 ut
1786 3362 2134 3449 apostolica
2180 3362 2531 3447 benignitas
2578 3383 2767 3448 super
2807 3360 2925 3427 hoc
2956 3359 3133 3426 vobis
3164 3367 3229 3425 et
3254 3360 3363 3445 pie
3392 3379 3541 3426 eon-

675 3469 880 3535 sulere
938 3475 1002 3534 et
1057 3466 1388 3554 providere
1447 3468 1785 3536 salubriter
1841 3468 2225 3552 dignaretur.
2316 3470 2445 3537 Nos
2500 3472 2715 3555 itaque
2760 3472 3022 3555 paterno
3069 3466 3541 3533 considerantes

676 3574 934 3658 affectu,
993 3575 1158 3660 quod
1212 3576 1279 3640 in
1337 3574 1458 3640 hiis
1517 3576 2041 3660 tranquillitatem
2096 3577 2399 3643 mentium
2450 3584 2515 3643 et
2556 3576 2907 3662 profectum
2953 3580 3231 3640 vestrum
3276 3575 3542 3660 queritis

675 3683 1058 3765 animarum,
1117 3687 1188 3747 ut
1246 3681 1444 3748 libere
1500 3702 1643 3748 cum
1700 3688 2009 3749 conventu
2056 3689 2265 3750 vestro
2312 3684 2413 3751 vel
2458 3683 2681 3750 maiori
2727 3687 2792 3747 et
2835 3680 3069 3746 saniori
3112 3688 3295 3767 parte
3339 3682 3541 3769 ipsius

674 3788 989 3875 predictos
1037 3793 1100 3855 et
1145 3788 1300 3855 alios
1349 3789 1645 3856 articulos
1690 3797 1896 3857 vestre
1941 3792 2176 3878 regule,
2223 3792 2288 3858 in
2324 3812 2583 3877 quorum
2618 3788 3016 3856 observantia
3044 3808 3163 3856 nec
3191 3790 3543 3876 spiritualis

674 3896 916 3962 utilitas
971 3916 1088 3963 nec
1139 3895 1408 3963 salubris
1455 3897 1809 3964 continetur
1852 3897 2181 3983 honestas,
2241 3899 2423 3965 deum
2470 3894 2759 3964 habendo
2804 3918 2919 3983 pre
2964 3896 3161 3963 oculis
3204 3896 3541 3964 immutare

672 4004 951 4090 possitiS,
995 4004 1088 4069 ita
1133 4004 1298 4089 quod
1343 4003 1586 4070 nullum
1633 4025 1710 4071 ex
1747 4004 1865 4070 hoe
1897 4004 2084 4072 alicui
2115 4006 2525 4091 preiudicium
2558 4010 2911 4090 generetur,
2960 4004 3137 4071 vobis
3170 4004 3544 4071 auctoritate

674 4111 1062 4198 presentium
1119 4111 1516 4177 concedimus
1573 4111 1958 4179 facultatem.
2052 4112 2345 4179 Ceterum
2404 4119 2476 4178 ut
2532 4113 2813 4196 veniam,
2874 4131 3061 4197 quam
3110 4113 3407 4197 queritis,
3463 4132 3543 4178 ex

675 4217 1018 4302 apostolice
1074 4217 1453 4302 provisionis
1509 4217 1792 4285 obtinere
1843 4220 2049 4303 gratia
2094 4222 2386 4305 valeatis,
2442 4220 2627 4285 fratri
2670 4220 2983 4287 sacerdoti
3024 4219 3373 4305 presidenti
3418 4218 3541 4286 cle-

672 4325 822 4391 ricis
879 4330 1221 4390 conventus
1273 4324 1470 4390 vestri
1513 4326 1944 4411 concedimus,
2006 4334 2077 4395 ut
2120 4349 2311 4415 super
2356 4347 2461 4411 ec,
2521 4326 2687 4412 quod
2732 4326 2885 4392 olim
2928 4326 3173 4413 aliquos
3216 4326 3297 4393 de
3339 4327 3539 4413 ipsius

677 4429 956 4498 articulis
1003 4430 1216 4514 regule
1259 4451 1387 4498 non
1431 4433 1750 4517 servastis,
1798 4434 2083 4501 iniuncta
2126 4434 2390 4503 salutari
2433 4434 2783 4521 penitentia
2828 4454 2939 4499 vos
2984 4432 3287 4501 absolvat.
3369 4434 3543 4501 Nulli

676 4558 823 4622 ergo
883 4539 1136 4603 omnino
1181 4538 1507 4607 hominum
1551 4540 1740 4609 liceat
1783 4542 1946 4608 hanc
1990 4544 2285 4628 paginam
2331 4549 2547 4609 nostre
2590 4540 3009 4609 concessionis
3053 4540 3397 4625 infringere
3438 4542 3541 4609 vel

675 4645 734 4711 ei
780 4665 936 4711 ausu
985 4646 1316 4713 temerario
1363 4647 1693 4714 contraire.
1774 4647 1846 4714 Si
1891 4648 2033 4734 quis
2079 4655 2291 4717 autem
2336 4650 2455 4717 hoc
2500 4652 2879 4735 attemptare
2922 4650 3400 4734 presumpserit,
3442 4648 3539 4715 in·-

673 4751 1102 4836 dignationem
1149 4754 1596 4840 omnipotentis
1641 4755 1742 4822 dei
1787 4760 1852 4822 et
1895 4755 2224 4822 beatorum
2268 4756 2443 4824 Petri
2486 4762 2551 4823 et
2594 4754 2777 4823 Pauli
2823 4752 3250 4841 apostolorum
3294 4757 3428 4823 eius
3470 4776 3539 4823 se

671 4860 920 4927 noverit
991 4860 1410 4929 incursurum.
1516 4861 1752 4929 Datum
1819 4860 2121 4931 Laterani
2186 4884 2225 4931 v
2291 4864 2433 4931 idus
2504 4863 2805 4933 februarii
2871 4860 3273 4949 pontificatus
3340 4864 3539 4953 nostri

673 4985 840 5033 anno
886 4988 1113 5055 pruno.
