3892 5609
741 336 889 411 396
1715 348 2139 397 Ponrmcuu
2182 348 2625 397 Romanonuu

733 508 949 575 multis
1005 508 1242 592 modis,
1302 509 1414 575 sed
1469 510 1764 595 precipue
1818 529 1932 596 per
1974 508 2295 593 incendia,
2352 509 2607 595 rapinas
2664 512 2728 574 et
2779 527 3003 573 usuras
3057 506 3349 593 personis
3402 528 3595 594 quam

734 615 1018 701 pluribus
1066 616 1338 701 dampna
1383 616 1600 699 gravia
1643 615 2020 698 intulerunt;
2066 622 2326 703 propter
2356 615 2521 701 quod
2565 614 2888 682 humiliter
2914 615 3249 702 petivistiS,
3294 620 3369 681 ut
3402 636 3597 702 super

735 723 853 789 hoc
921 723 1250 810 providere
1317 723 1651 791 salubriter
1704 744 2081 790 curaremus,
2174 722 2304 789 Nos
2358 724 2569 807 itaque
2635 723 2989 789 devocionis
3034 727 3243 788 vestre
3301 724 3595 808 precibus

737 836 1081 896 annuentes
1153 831 1544 916 presencium
1603 830 1778 897 vobis
1849 831 2218 897 auctoritate
2286 831 2679 897 concedimus
2696 880 2714 914 ,
2782 836 2857 896 ut
2915 829 3422 897 satisfaccionem
3474 850 3595 916 pro

734 937 1089 1003 huiusmodi
1145 937 1433 1024 dampnis
1491 942 1556 1003 et
1609 939 1817 1005 usuris
1875 937 2149 1004 debitam
2209 937 2336 1004 illis
2394 938 2724 1004 dumtaxat
2778 940 3091 1025 personis,
3158 958 3283 1023 que
3337 938 3595 1003 omnino

737 1046 883 1111 sciri
928 1051 991 1111 et
1035 1045 1304 1110 inveniri
1349 1065 1474 1110 non
1519 1050 1801 1131 possunt,
1846 1045 1914 1110 in
1960 1045 2309 1111 subsidium
2352 1050 2517 1111 terre
2562 1051 2776 1111 sancte
2822 1066 2895 1113 ac
2938 1046 3136 1113 eciam
3172 1044 3497 1132 Lyvonice
3533 1050 3599 1112 et

735 1150 1012 1237 Pruscie,
1058 1150 1168 1218 ubi
1209 1150 1358 1217 fidei
1401 1154 1728 1236 negocium
1776 1173 1889 1238 per
1923 1172 2033 1218 vos
2082 1152 2163 1219 ad
2207 1152 2309 1218 dei
2352 1152 2617 1235 gloriam
2661 1153 3147 1236 magnanimiter
3192 1159 3259 1220 et
3301 1158 3599 1239 potenter

737 1260 962 1344 agitur,
1007 1264 1195 1345 prout
1223 1258 1448 1325 melius
1480 1259 1774 1347 expedire
1805 1259 2109 1343 videritis,
2140 1259 2537 1326 convertatis.
2603 1258 2843 1325 Datum
2874 1260 3143 1327 Viterbii
3172 1280 3256 1327 xv
3286 1260 3597 1327 kalendas

736 1368 895 1432 iunii
938 1365 1338 1454 pontificatus
1383 1367 1584 1433 nostri
1631 1387 1794 1433 anno
1841 1372 2082 1452 quarto.

949 1506 1070 1559 Sine
1107 1507 1250 1559 dato:
1297 1507 1361 1558 A.
1380 1506 1451 1558 20
1485 1526 1536 1559 n.
1559 1508 1659 1559 108
1706 1508 1884 1559 Latine
1929 1516 1985 1559 et
2018 1506 2333 1559 Germanice.
2373 1536 2435 1547 —-
2484 1507 2609 1559 Cum
2641 1505 2787 1561 dato:
2834 1506 3047 1560 viterbii
3086 1507 3150 1559 15
3186 1506 3293 1560 kal.
3326 1506 3457 1560 iunii
3488 1525 3541 1559 a.
3562 1508 3597 1558 4

742 1595 1004 1663 „Colonie“
1046 1596 1111 1647 A.
1136 1595 1200 1647 16
1235 1612 1285 1662 p.
1305 1595 1392 1648 73.
1445 1596 1504 1647 In
1539 1597 1790 1648 volumine
1825 1596 2013 1648 archivi
2035 1595 2390 1662 Regimontani
2422 1596 2510 1647 fol.
2534 1596 2598 1647 A.
2628 1594 2744 1647 186.
2798 1596 2876 1647 Ex
2910 1595 3143 1663 originali
3176 1596 3437 1664 quondam
3460 1597 3595 1648 Con-

735 1684 994 1747 fluentino‚
1019 1702 1152 1737 nunc
1169 1685 1563 1749 Vindobonensi,
1582 1686 1661 1737 cui
1687 1686 1943 1753 appendet
1966 1685 2018 1736 in
2036 1686 2254 1737 funiculo
2273 1685 2551 1737 cannabino
2569 1685 2722 1747 bulla,
2741 1685 2900 1736 edidit
2914 1685 3123 1737 Hennes
3140 1684 3301 1748 1,162
3325 1702 3376 1736 n.
3392 1684 3515 1737 178.
3534 1714 3595 1723 —

739 1774 862 1825 Oum
898 1774 1041 1825 dato:
1088 1774 1322 1841 Anagnia
1369 1776 1402 1826 8
1437 1775 1542 1827 kal.
1577 1775 1696 1827 maii
1741 1793 1793 1841 p.
1815 1792 1866 1825 n.
1893 1792 1939 1826 a.
1966 1774 1999 1825 5
2042 1774 2292 1839 „Baruli“.
2339 1775 2403 1826 A.
2426 1774 2489 1825 16
2525 1793 2577 1841 p.
2594 1774 2681 1826 43.
2744 1775 3121 1826 Transsumtum
3170 1773 3391 1826 conradi
3442 1772 3595 1825 eelo-

736 1863 924 1915 niensis
970 1863 1332 1932 archiepiscopi
1377 1881 1489 1915 oum
1534 1863 1697 1931 sigillo
1742 1863 1941 1930 duplice
1988 1863 2039 1915 d.
2064 1862 2115 1917 d.
2156 1862 2293 1915 1258
2326 1864 2435 1916 dec.
2482 1864 2686 1916 Colonie
2728 1863 2781 1915 in
2823 1863 3025 1915 archivo
3069 1862 3259 1916 ordinis
3294 1860 3599 1916 'l'heutoniei

735 1953 1132 2006 vindobonensi.
1312 1955 1360 2007 1.
1396 1954 1542 2007 deest
1573 1954 1640 2005 A.
1663 1951 1744 2005 16.

742 2159 916 2230 580.
957 2162 1135 2228 1258
1177 2165 1337 2227 maii
1373 2162 1462 2228 24
1518 2161 1780 2227 Viterbiz·
1821 2158 1936 2246 (cf.
1978 2162 2148 2225 iunii
2183 2160 2326 2241 24).
2404 2160 2767 2227 Alexander
2809 2157 2923 2226 IV
2950 2158 3270 2246 praelatos
3312 2158 3491 2225 iubet
3530 2162 3599 2225 in

963 2271 1203 2333 ordinis
1243 2268 1610 2335 Theutonici
1653 2269 1920 2335 ecclesiis
1966 2292 2007 2333 a
2042 2268 2624 2354 praedecessoribus
2662 2280 2903 2354 recepto
2931 2269 3073 2332 iure
3100 2288 3229 2331 esse
3259 2278 3595 2331 contentos.

958 2407 1320 2477 Alexander
1363 2411 1693 2497 episcopus
1753 2429 1970 2476 servus
2016 2428 2338 2475 servorum
2382 2408 2483 2475 dei
2530 2408 2773 2475 dilectis
2816 2406 2965 2473 filiis
3008 2407 3310 2491 magistro
3360 2412 3425 2473 et
3468 2406 3597 2473 fra-

737 2517 939 2583 tribus
1005 2518 1335 2605 hospitalis
1395 2522 1608 2583 sancte
1663 2516 1862 2583 Maris
1919 2516 2443 2583 Theutonicorum
2500 2516 2765 2583 salutem
2823 2518 2887 2582 et
2940 2513 3349 2601 apostolicam
3404 2514 3599 2581 bene-

739 2624 1093 2691 dictionem.
1317 2624 1716 2691 Plenitudine
1758 2624 1993 2690 favoris
2040 2630 2103 2689 et
2144 2624 2352 2708 gracie
2397 2643 2509 2689 vos
2555 2623 2719 2710 apud
2768 2622 2980 2689 sedem
3027 2620 3436 2709 apostolicam
3486 2621 3600 2687 illa

741 2732 818 2798 de
876 2751 1063 2798 causa
1114 2729 1364 2816 dignos¹
1410 2752 1520 2799 vos
1578 2732 1904 2819 potissime
1962 2736 2360 2818 reputamus,
2417 2730 2566 2816 quia
2618 2729 2724 2816 pie
2780 2727 3279 2795 conversacionis
3336 2748 3415 2796 ac
3466 2730 3599 2796 vite

741 2838 949 2905 studio
993 2840 1308 2906 ferventer
1337 2839 1662 2906 intenditis
1710 2845 1773 2905 et
1817 2859 1932 2926 pro
1978 2839 2255 2905 subsidio
2300 2843 2467 2904 terre
2514 2842 2725 2903 sancte
2771 2854 2845 2902 ac
2887 2856 3003 2922 pro
3032 2833 3179 2902 fidei
3222 2836 3487 2920 negocio
3534 2838 3597 2902 in

738 2945 1000 3013 Livonie
1057 2950 1118 3012 et
1162 2945 1417 3013 Pruscie
1473 2946 1758 3033 partibus
1803 2945 2132 3029 magnifice
2174 2944 2596 3031 promovendo
2639 2944 2886 3011 labores
2930 2943 3160 3009 multos
3206 2949 3273 3010 et
3312 2942 3599 3010 infinitas

741 3054 1060 3137 angustias
1119 3074 1192 3120 ac
1237 3054 1433 3119 eciam
1479 3053 1701 3119 mortis
1747 3052 2095 3139 periculum
2142 3053 2220 3119 ad
2265 3052 2565 3118 honorem
2610 3051 2807 3117 divini
2850 3052 3121 3117 nominis
3168 3050 3357 3117 eorde
3400 3050 3598 3118 intre-

738 3158 888 3246 pido
915 3160 1422 3245 frequentissime
1451 3160 1772 3227 sustinetis
1789 3156 1832 3225 ¹.
1903 3160 2054 3226 Inde
2083 3158 2174 3243 fit,
2222 3160 2386 3244 quod
2418 3178 2532 3224 nos
2564 3149 2759 3244 quieti
2790 3164 2852 3224 et
2882 3156 3324 3243 tranquillitati
3354 3152 3597 3225 vestre⁸

741 3273 1006 3355 paterna
1050 3268 1384 3352 diligencia
1412 3266 1740 3354 providere
1771 3266 2051 3333 volentes
2082 3267 2307 3333 vestris
2348 3266 2635 3332 inclinati
2671 3266 2959 3352 precibus
3006 3266 3381 3331 auctoritate
3422 3266 3599 3331 vobis

739 3378 1133 3462 presencium
1179 3375 1594 3459 indulgemuS,
1642 3380 1713 3439 ut
1759 3373 2212 3461 archiepiscopi
2256 3381 2320 3440 et
2366 3374 2643 3460 episcopi
2688 3380 2753 3439 et
2797 3372 2905 3438 alii
2934 3372 3337 3439 ecclesiarum
3366 3372 3599 3460 prelati

741 3484 809 3549 in
842 3484 1087 3567 vestris,
1136 3503 1290 3567 quas
1335 3482 1580 3548 habetis
1627 3486 1689 3547 et
1735 3482 1983 3565 tenetis,
2030 3480 2307 3547 eeclesiis
2352 3480 2526 3546 salva
2568 3481 3032 3565 procuracione,
3080 3480 3137 3545 si
3181 3498 3306 3564 qua
3337 3480 3600 3546 debetur

743 3590 1010 3674 eisdem,
1058 3610 1129 3656 eo
1175 3588 1606 3655 tantummodo
1654 3589 1782 3654 sint
1824 3590 1962 3654 iure
2007 3588 2316 3670 contenti,
2374 3588 2539 3673 quod
2586 3588 2708 3674 ipsi
2754 3592 2818 3653 et
2861 3587 3335 3673 predecessores
3380 3607 3598 3653 eorum

742 3718 784 3763 a
827 3697 1003 3764 vobis
1048 3704 1113 3763 et
1154 3694 1697 3783 predecessoribus
1745 3695 1971 3761 vestris
2030 3700 2372 3762 noscuntur
2416 3696 2713 3763 hactenus
2768 3694 3076 3761 habuisse.
3169 3693 3409 3772 Quodsi
3468 3715 3601 3759 am-

743 3804 910 3891 plius
956 3826 1034 3870 ex
1083 3804 1378 3889 predictis
1425 3802 1703 3869 ecclesiis
1751 3808 1963 3889 petere
2008 3802 2105 3869 vel
2152 3810 2523 3888 extorquere
2568 3786 3031 3885 contenderint,
3078 3801 3256 3867 vobis
3298 3800 3371 3865 id
3414 3800 3602 3867 liceat

747 3912 1116 3979 auctoritate
1171 3910 1335 3977 sedis
1396 3909 1736 3996 apostolice
1792 3910 2099 3993 denegare
2145 3930 2335 3995 super
2380 3910 2495 3977 hoc
2538 3930 2747 3975 coram
2791 3908 2972 3975 nobis
3019 3908 3315 3975 exhibere
3358 3908 3599 3994 paratis

740 4020 988 4085 iusticie
1033 4017 1554 4103 conplementum.
1638 4016 1810 4083 Nulli
1857 4038 2003 4099 ergo
2048 4017 2369 4084 hominum
2416 4017 2602 4083 liceat
2646 4016 2806 4082 hanc
2852 4014 3147 4102 paginam
3190 4020 3407 4081 nostre
3452 4032 3600 4080 con·

744 4126 1041 4193 cessionis
1087 4125 1426 4207 infringere
1457 4122 1556 4189 vel
1600 4123 1656 4190 ei
1702 4145 1859 4190 ausu
1905 4126 2235 4190 temerario
2282 4124 2610 4191 contraire.
2684 4122 2753 4189 Si
2799 4124 2937 4207 quis
2985 4128 3191 4188 autem
3221 4122 3343 4188 hoc
3370 4126 3599 4187 attem-

742 4242 924 4320 ptare
968 4234 1440 4319 presumpserit,
1484 4231 1989 4313 indignacionem
2034 4232 2481 4318 omnipotentis
2524 4230 2627 4296 dei
2672 4234 2735 4295 et
2762 4231 3087 4296 beatorum
3116 4227 3287 4294 Petri
3322 4234 3389 4295 et
3416 4227 3599 4295 Pauli

747 4339 1172 4427 apostolorum
1227 4342 1360 4407 eius
1419 4360 1486 4405 se
1529 4340 1775 4405 noverit
1827 4339 2242 4405 incursurum.
2324 4338 2559 4405 Datum
2601 4336 2865 4404 Viterbii
2911 4336 3046 4401 viiii
3092 4334 3407 4411 kalendas
3438 4336 3595 4401 iunii

742 4444 1140 4534 pontificatus
1185 4448 1387 4513 nostri
1433 4467 1595 4513 anno
1641 4452 1882 4533 quarto.

955 4588 1076 4639 Sine
1120 4586 1264 4638 dato:
1311 4586 1376 4637 A.
1401 4586 1470 4637 20
1505 4606 1556 4639 n.
1587 4587 1687 4640 100
1721 4588 1900 4638 Latine
1949 4596 2003 4639 et
2037 4586 2335 4639 Germanice
2370 4602 2482 4637 cum
2514 4593 2661 4637 nota:
2708 4585 2770 4636 In
2806 4584 3129 4636 Oonfluencia
3162 4592 3215 4635 et
3248 4582 3494 4651 hang-ele.
3532 4614 3593 4623 —

747 4678 870 4730 Cum
905 4678 1052 4729 dato:
1102 4676 1314 4728 viterbii
1349 4676 1382 4727 9
1416 4676 1521 4728 kal.
1555 4676 1678 4728 iunii
1713 4694 1759 4728 a.
1784 4677 1820 4727 4
1861 4676 2124 4742 „Colonie“
2166 4675 2318 4728 A.16
2354 4692 2405 4742 p.
2425 4674 2511 4727 69.
2553 4704 2613 4713 —
2666 4674 2787 4725 Cum
2833 4673 2980 4725 dato:
3028 4672 3241 4724 viterbii
3286 4673 3322 4725 8
3356 4672 3461 4726 kd.
3494 4673 3597 4725 iulii

744 4784 795 4835 p.
816 4786 862 4818 a.
881 4767 918 4816 4
952 4766 1016 4817 R.
1039 4766 1137 4817 137
1175 4765 1306 4816 inter
1328 4765 1673 4817 Treverensia.
1698 4796 1757 4803 —-
1785 4766 1878 4832 „A.
1897 4765 1933 4815 4
1969 4765 2213 4817 Treviris“
2242 4764 2307 4816 A.
2330 4763 2395 4815 16
2430 4782 2482 4832 p.
2505 4763 2608 4815 114
2630 4772 2682 4814 et
2709 4760 2826 4816 117.
2935 4763 2981 4815 1.
3019 4762 3165 4814 deest
3184 4761 3249 4814 R.
3356 4762 3409 4815 2.
3442 4762 3593 4814 susti-

743 4864 923 4908 nentes
945 4854 1009 4907 R.
1150 4854 1202 4907 3.
1237 4862 1406 4906 vestra
1437 4854 1500 4907 R.
