3892 5609
630 309 643 320 '
702 309 851 380 144
1664 318 1936 368 aruum.
2005 316 2223 366 nous.
2291 315 2592 364 umora

694 497 827 563 suis
870 494 1161 562 ultimam
1202 494 1591 562 voluntatem
1636 493 1994 560 ordinasset
2019 492 2089 558 in
2128 493 2458 580 presencia
2488 491 2700 560 Iacobi
2728 492 2806 558 de
2835 489 3238 574 Potamiano,
3283 488 3566 556 Alberici

692 601 1065 687 Parriciole,
1110 599 1375 687 Nicolay
1419 600 1663 686 Crassi,
1707 598 2137 667 Bartholomei
2183 599 2261 667 de
2305 597 2568 666 Salerno
2615 603 2692 666 et
2721 597 3015 665 Gamerii
3055 595 3174 663 filii
3215 593 3568 664 Nauclerii¹

692 704 1197 776 lhohannotarii'
1242 707 1320 775 de
1350 706 1735 776 Berterando
1784 713 1848 774 et
1892 707 2027 775 eius
2072 705 2403 792 dispositio
2447 725 2566 793 per
2610 705 2848 773 dictum
2879 703 3300 772 Guarnerium
3337 709 3404 771 et
3440 724 3568 770 non

693 837 809 902 per
852 811 1211 904 publicum⁸
1254 816 1571 882 notarium
1615 815 1683 881 in
1728 815 1984 902 scriptis
2026 814 2284 880 redacta
2325 812 2571 897 fuisset,
2615 812 2813 879 frater
2855 809 3217 896 Gmterius,
3264 813 3569 894 magister

694 923 917 989 domus
960 922 1292 1009 hospitalis
1321 922 1845 989 Theotonicorum
1883 919 2250 1004 Brundusii,
2297 941 2372 986 eo
2415 919 2506 987 ibi
2553 939 2629 986 ex
2675 920 2818 1007 ipsa
2859 917 3227 985 infirmitate
3272 919 3568 986 defuncto

694 1031 943 1114 rogavit
986 1048 1123 1113 nos,
1169 1034 1242 1095 ut
1268 1028 1585 1116 predictos
1618 1033 1832 1113 testeS,
1879 1027 1988 1113 qui
2037 1027 2438 1114 dispositioni
2476 1026 2759 1113 predicte
2786 1025 3150 1093 Lamfranci
3179 1025 3260 1092 de
3286 1023 3572 1110 Bogossa

693 1136 1135 1220 interfuerunt,
1164 1136 1588 1221 receperimus
1614 1139 1679 1202 et
1707 1135 2192 1222 disposicionem
2220 1134 2422 1220 ipsius
2453 1134 2797 1200 secundum
2825 1132 3261 1202 testimonium
3283 1133 3570 1218 ipsorum

696 1243 777 1309 ad
818 1245 1189 1329 perpetuam
1236 1242 1628 1326 memoriam,
1674 1240 2040 1308 firmitatem
2085 1247 2152 1307 et
2193 1241 2592 1308 securitatem
2638 1239 2921 1326 predicte
2965 1239 3189 1306 domus
3233 1237 3570 1326 hospitalis

693 1348 1037 1416 Brundusii
1070 1347 1600 1416 Theutonicorum
1643 1349 1713 1414 in
1756 1347 2010 1434 scriptis
2055 1366 2171 1434 per
2212 1346 2534 1433 publicum
2577 1347 2896 1414 notarium
2939 1345 3144 1430 redigi
3193 1346 3568 1412 faceremus.

694 1455 826 1522 Nos
872 1460 1083 1522 autem
1125 1455 1360 1521 iustam
1415 1455 1793 1541 peticionem
1840 1454 1975 1521 eius
2031 1455 2435 1521 admittentes
2491 1455 2810 1541 predictos
2866 1453 3182 1538 homines,
3243 1454 3354 1538 qui
3399 1452 3571 1520 dice-

696 1559 939 1628 bantur*
971 1561 1359 1629 ordinacioni
1414 1562 1683 1648 predicti
1724 1559 2067 1628 Lanfranci
2121 1557 2512 1645 interfuisse,
2569 1567 2718 1628 ante
2760 1579 2876 1627 nos
2919 1562 3136 1628 venire
3191 1559 3459 1626 fecimus
3507 1563 3574 1626 et

696 1669 766 1735 in
808 1674 1027 1735 nostra
1068 1668 1396 1754 presencia
1439 1673 1503 1735 et
1546 1669 1813 1736 aliorum
1858 1667 2199 1755 proborum
2243 1668 2569 1734 hominum
2601 1668 2860 1736 testium
2907 1667 3408 1753 subscriptorum
3439 1685 3572 1749 eos,

696 1780 770 1841 ut
824 1775 1104 1842 dicerent
1161 1775 1493 1841 veritatem
1548 1775 1729 1843 nobis
1784 1775 1863 1842 de
1918 1773 2144 1842 ultima
2201 1775 2525 1842 voluntate
2582 1774 2852 1861 predicti
2904 1772 3300 1857 Lamfranci,
3355 1773 3574 1838 iurare

695 1882 989 1962 fecimus3
1046 1886 1110 1948 et
1152 1882 1417 1967 prestito
1465 1881 1543 1947 ab
1588 1881 1681 1948 eis
1735 1882 2088 1948 iuramento
2136 1881 2432 1948 dixerunt
2485 1902 2552 1947 se
2609 1881 2974 1948 interfuisse
3031 1879 3202 1967 apud
3253 1879 3572 1965 hospitale

698 1987 1223 2054 Theutonicorum
1278 1986 1649 2071 Brundusii,
1706 1986 1814 2054 ubi
1871 1987 2074 2077 dictus
2129 1987 2520 2055 Lanfrancus
2575 1987 2787 2054 taliter
2845 1987 3189 2074 disposuit,
3255 1987 3447 2052 sicuti
3499 1987 3572 2051 in

692 2092 923 2163 litteris
968 2094 1223 2180 scriptis
1270 2113 1309 2159 a
1350 2093 1633 2179 predicto
1680 2093 2029 2161 Guarnerio
2075 2095 2449 2178 continetur,
2498 2114 2763 2180 quarum
2811 2100 2994 2160 tenor
3037 2093 3142 2159 h'ic
3185 2097 3313 2160 est:

919 2199 1095 2286 „Ego
1124 2198 1517 2267 Lanfrancus
1550 2199 1627 2265 de
1655 2198 1958 2285 Bogossa,
2002 2201 2213 2268 iacens
2258 2203 2327 2267 in
2369 2201 2600 2268 lectulo
2645 2222 2787 2268 meo
2831 2201 3011 2284 gravi
3053 2198 3426 2266 infirmitate
3461 2199 3572 2265 de-

694 2313 938 2393 tentuS,
992 2306 1397 2388 considerans
1454 2325 1668 2373 casum
1717 2311 1781 2373 et
1824 2307 2164 2374 transitum
2209 2310 2502 2376 universe
2547 2309 2754 2376 carnis
2771 2359 2789 2392 ,
2857 2307 3119 2392 timenS‚
3175 2327 3258 2373 ne
3313 2306 3394 2372 ab
3450 2305 3574 2372 hoc

694 2413 905 2499 fragili
952 2412 1161 2480 seculo
1218 2414 1555 2480 intestatus
1612 2413 1980 2481 decederem
2037 2420 2102 2481 et
2157 2435 2259 2481 res
2316 2437 2456 2483 mee
2514 2416 2870 2482 inordinate
2928 2419 3360 2497 remanerent,
3416 2413 3572 2479 dum

693 2521 939 2604 integer
983 2539 1205 2586 sensus
1251 2523 1316 2587 et
1357 2520 1577 2604 lingua
1622 2525 1795 2587 recta
1837 2520 1994 2584 mihi
2039 2529 2438 2589 remanerent
2479 2523 2697 2605 inlesi,
2755 2521 2986 2609 probos
3043 2521 3330 2587 homines
3375 2525 3572 2586 testes

696 2627 1084 2714 subscriptos
1129 2646 1342 2694 coram
1387 2646 1490 2693 me
1534 2627 1749 2693 venire
1792 2627 2043 2711 rogavi,
2101 2627 2171 2693 in
2217 2649 2480 2713 quorum
2535 2629 2863 2715 presencia
2909 2629 2986 2694 de
3029 2627 3217 2694 rebus
3273 2627 3434 2694 meis
3479 2626 3574 2692 sic

696 2733 991 2821 dispono:
1046 2733 1119 2800 In
1162 2733 1387 2820 primis
1431 2733 1719 2819 relinquo
1766 2739 1831 2800 et
1872 2733 2081 2800 iudico
2127 2734 2342 2802 domui
2387 2736 2722 2823 hospitalis
2767 2741 2983 2802 sancte
3025 2733 3228 2801 Maris
3271 2733 3572 2800 Teotoni-

572 2847 591 2864 ⁶
696 2860 915 2908 corum
958 2861 1248 2906 mansum
1292 2860 1490 2906 unum
1535 2841 1613 2906 de
1658 2845 1831 2906 terra
1876 2841 1958 2906 ad
2000 2840 2417 2908 laborandum
2463 2847 2528 2909 et
2571 2843 2728 2909 duas
2773 2841 3018 2924 domus,
3065 2861 3185 2925 que
3215 2845 3366 2906 sunt
3396 2841 3569 2906 intus

695 2947 763 3013 in
806 2947 945 3034 ipso
991 2967 1233 3030 manso,
1282 2952 1346 3014 et
1385 2948 1635 3014 vineam
1680 2967 1824 3014 cum
1869 2947 2199 3014 arboribus
2244 2949 2585 3016 fructiferis
2631 2954 2696 3014 et
2737 2947 3169 3030 infructiferis,
3215 2967 3339 3031 que
3381 2947 3572 3012 vinea

694 3058 957 3120 vocatur
985 3051 1312 3134 Clausoria
1354 3052 1555 3120 dulcis
1600 3058 1664 3120 et
1708 3059 1805 3120 est
1847 3073 2048 3140 prope
2079 3060 2364 3121 sanctum
2395 3053 2810 3121 Laurentium
2853 3055 3034 3120 iuxta
3060 3058 3298 3120 terram
3329 3052 3568 3119 domini

696 3158 1045 3228 Iohannelli
1089 3160 1167 3226 de
1211 3158 1478 3226 Verona.
1548 3157 1853 3246 Relinquo
1900 3161 2100 3226 eciam
2147 3161 2351 3227 eidem
2398 3161 2613 3227 domui
2657 3159 2992 3247 hospitalis
3039 3149 3568 3226 Theotonicorum

696 3287 889 3332 unam
934 3263 1199 3331 alteram
1243 3265 1519 3350 domum,
1567 3285 1688 3350 que
1734 3272 1831 3332 est
1874 3267 1958 3332 ad
2003 3273 2257 3353 portum
2303 3273 2368 3334 et
2399 3268 2609 3334 reddit
2636 3267 2704 3332 in
2745 3287 3120 3351 unoquoque
3165 3251 3332 3332 anno
3372 3265 3566 3333 libras

697 3372 1098 3439 denariorum
1142 3391 1369 3439 novem
1413 3372 1492 3439 de
1534 3371 1647 3438 illa
1697 3377 1954 3440 moneta
1999 3377 2063 3438 et
2105 3373 2196 3438 xii
2241 3393 2510 3460 capones
2557 3378 2622 3440 et
2679 3373 2938 3441 ecclesie
2991 3373 3196 3438 sancti
3237 3370 3568 3438 Laurentii

697 3479 997 3546 bacedam
1042 3498 1233 3545 unam
1279 3478 1358 3546 de
1404 3478 1562 3562 oleo,
1618 3487 1683 3544 et
1724 3484 1897 3545 terra
1937 3479 2144 3565 ipsius
2189 3479 2412 3545 domus
2459 3485 2556 3546 est
2599 3479 2789 3562 longa
2816 3500 2904 3545 xx
2951 3485 3015 3546 et
3059 3499 3172 3545 sex
3217 3479 3456 3564 campi3
3505 3485 3568 3544 et

698 3592 797 3653 est
835 3605 1035 3673 prope
1080 3585 1336 3651 domum
1381 3584 1622 3652 domini
1653 3583 2158 3672 Spera-in-deo.
2232 3584 2388 3651 Volo
2420 3585 2620 3653 eciam
2651 3591 2716 3652 et
2743 3591 2974 3669 statuo,
3019 3591 3094 3651 ut
3119 3591 3268 3671 post
3298 3591 3566 3652 mortem

696 3712 904 3760 meam
952 3711 1166 3759 omnes
1213 3691 1379 3758 servi
1426 3698 1489 3759 et
1532 3712 1711 3758 serve
1756 3711 1897 3758 mee
1939 3692 2072 3758 sint
2114 3690 2299 3758 liberi
2343 3693 2409 3756 in
2454 3689 2897 3778 perpetuum“.

920 3797 1098 3864 Unde
1142 3797 1223 3864 ad
1268 3798 1669 3865 securitatem
1728 3803 1793 3864 et
1849 3801 2220 3884 perpetuam
2267 3799 2638 3866 memoriam
2693 3798 2924 3885 prefati
2976 3796 3308 3883 hospitalis
3353 3804 3570 3864 sancte

698 3903 898 3971 Marie
927 3903 1449 3971 Theotonicorum
1495 3904 1980 3990 disposicionem
2027 3903 2260 3990 prefati
2289 3902 2652 3970 Lamfranci
2698 3905 2776 3970 de
2804 3904 3086 3987 Bogossa
3127 3903 3196 3968 in
3239 3905 3572 3989 presencia

698 4011 1192 4098 prescriptorum
1238 4011 1580 4096 proborum
1624 4011 1901 4077 virorum
1950 4011 2252 4097 scriptam
2299 4015 2362 4077 et
2407 4031 2621 4078 eorum
2678 4014 3072 4078 sacramento
3131 4009 3572 4096 approbatam,

700 4124 772 4183 ut
794 4117 1083 4203 superius
1106 4117 1462 4184 continetur
1483 4117 1553 4183 in
1575 4116 1847 4204 scriptis,
1880 4116 2082 4201 redigi
2110 4116 2394 4202 fecimus,
2424 4137 2612 4202 quam
2637 4117 2912 4184 scribere
2933 4116 3233 4183 iussimus
3255 4116 3576 4200 Angelum

698 4222 1038 4290 Brundusii
1081 4223 1323 4308 regium
1369 4224 1707 4309 notarium,
1754 4224 1863 4309 qui
1908 4243 2038 4289 una
2065 4222 2391 4291 nobiscum
2421 4224 2487 4290 in
2520 4224 2986 4292 examinatione
3017 4224 3276 4289 testium
3307 4229 3374 4290 et
3399 4223 3578 4290 iura-

698 4337 911 4397 mento
954 4329 1243 4396 interfuit
1286 4335 1351 4397 et
1396 4330 1639 4397 audivit
1683 4351 1867 4413 anno,
1912 4349 2128 4396 mense
2176 4335 2239 4396 et
2283 4330 2625 4398 indictione
2668 4331 3074 4417 pretitulatis.

1882 4455 2122 4534 (Locus
2175 4456 2398 4540 siqui.)

922 4542 988 4609 ἦ·
1031 4539 1407 4626 Peregrinus
1451 4542 1660 4609 iudex.

922 4647 989 4714 ÷
1031 4646 1403 4715 Benedictus
1446 4649 1655 4716 iudex.

922 4755 988 4822 ἦ·
1033 4753 1297 4838 Signum
1340 4775 1567 4822 manus
1611 4755 1867 4843 proprie
1910 4754 2296 4822 Bartolomei
2341 4755 2421 4823 de
2467 4754 2748 4822 Salerno.

920 4861 986 4928 ἦ·
1029 4861 1165 4945 Ego
1211 4859 1550 4929 Nicholaus
1596 4859 1807 4928 Gonso
1851 4863 2035 4928 testis
2079 4881 2240 4928 sum.

921 4967 988 5034 ÷
1030 4967 1167 5052 Ego
1214 4967 1555 5036 Garnerius
1598 4967 1765 5035 filius
1810 4967 2128 5036 Nauclerii
2173 4964 2634 5036 Iohannotarii‘
2677 4968 2859 5036 testis
2907 4987 3066 5033 sum.
