3892 5609
771 313 918 385 372
1738 322 2159 371 Pommlcum
2203 319 2643 369 noMAnontm

767 484 1200 571 exempciones
1231 480 1606 549 secularium
1635 482 2037 548 exaccionum
2072 480 2149 547 ab
2178 478 2680 567 imperatoribus
2726 478 2997 562 regibu8‚
3044 476 3459 565 principibuS‚
3500 475 3611 541 du-

765 590 974 675 0111110,
1031 590 1524 672 marchionibus,
1583 589 1911 655 comitibus
1972 589 2070 655 vel
2128 588 2268 655 aliis
2314 588 2549 653 Christi
2594 585 2879 653 fidelibus
2922 584 3393 651 racionabiliter
3441 581 3611 647 vobis

762 697 1058 779 indultas,
1105 698 1268 762 sicut
1315 718 1417 763 eas
1463 697 1627 762 iuste
1674 715 1746 760 ac
1789 696 2046 782 pacifice
2092 695 2408 778 obtinetis,
2455 694 2629 760 vobis
2676 700 2739 759 et
2782 713 2897 779 per
2941 714 3049 759 vos
3080 694 3286 759 eidem
3316 689 3613 775 hospitali

765 804 1135 869 auctoritate
1181 803 1524 891 apostolica
1571 802 2011 869 confirmamus
2058 809 2122 870 et
2164 801 2474 889 presentis
2506 801 2723 887 scripti
2754 800 3100 886 patrocinio
3132 796 3609 866 communimus,

764 910 935 977 Nulli
981 931 1126 993 ergo
1177 911 1428 977 omnino
1475 910 1796 975 hominum
1840 910 2029 977 liceat
2070 910 2231 977 hanc
2276 915 2489 976 nostre
2533 906 3017 975 confirmationis
3059 906 3363 992 paginam
3390 904 3615 971 infrin-

764 1037 910 1101 gere
957 1018 1056 1084 vel
1105 1018 1162 1084 ei
1209 1039 1364 1084 ausu
1409 1017 1742 1084 temerario
1779 1018 2109 1084 contraire.
2182 1016 2251 1083 Si
2282 1018 2420 1102 quis
2450 1036 2597 1083 vero
2628 1016 2744 1081 hoc
2775 1020 3153 1100 attemptare
3180 1012 3613 1100 presumserit,

764 1125 1262 1208 indignacionem
1323 1124 1767 1210 omnipotentis
1825 1124 1924 1197 dei
1982 1130 2044 1191 et
2088 1125 2409 1191 beatorum
2459 1123 2629 1191 Petri
2675 1129 2738 1189 et
2780 1122 2960 1189 Pauli
3006 1120 3437 1208 apostolorum
3484 1120 3613 1185 eius

764 1252 832 1298 se
875 1233 1123 1299 noverit
1164 1232 1578 1299 incursurum.
1651 1231 1885 1297 Datum
1932 1231 2174 1298 Perusii
2219 1252 2417 1299 nonas
2464 1231 2731 1298 ianuarii
2776 1228 3173 1317 pontificatus
3215 1228 3417 1295 nostri
3452 1246 3613 1293 anno

766 1339 1025 1406 decimo.
2816 1344 2827 1355 '

979 1470 1100 1522 Cum
1127 1470 1274 1523 dato:
1310 1470 1507 1521 Perusii
1534 1488 1649 1521 non.
1674 1469 1884 1522 ianuarii
1919 1488 1971 1537 p.
1995 1490 2045 1523 n.
2070 1490 2117 1523 a.
2149 1473 2213 1523 10
2248 1472 2426 1525 citatur
2448 1472 2512 1523 R.
2532 1472 2599 1523 97
2637 1472 2766 1523 inter
2788 1470 3015 1521 Alsatica
3042 1470 3123 1520 11.
3172 1469 3295 1519 Cum
3328 1468 3513 1519 iisdem
3536 1466 3615 1517 die

765 1570 818 1611 et
851 1560 960 1611 loco
996 1578 1036 1610 s.
1057 1578 1102 1610 a.
1141 1560 1319 1611 citatur
1352 1560 1415 1610 R.
1437 1559 1506 1609 48
1541 1566 1896 1610 transsumtum
1920 1559 2209 1612 Berchtoldi
2232 1560 2525 1612 Basiliensis
2560 1559 2781 1627 episcopi
2818 1560 2919 1624 (sc.
2944 1557 3359 1622 1249—1262).
3392 1586 3453 1593 —
3496 1556 3613 1605 eum

765 1649 910 1700 dato:
947 1647 1142 1699 Perusii
1181 1647 1246 1699 16
1279 1646 1382 1699 kal.
1408 1646 1578 1714 aprilis
1614 1666 1662 1714 p.
1689 1666 1738 1699 n.
1765 1667 1811 1699 a.
1842 1649 1921 1701 10.
1962 1650 2203 1715 originale
2239 1666 2349 1701 cum
2384 1649 2536 1711 bulla,
2574 1666 2635 1699 ex
2670 1647 2827 1699 veteri
2862 1647 3061 1698 archivo
3097 1645 3285 1698 ordinis
3316 1642 3615 1696 Tbeutonici

765 1738 817 1788 in
851 1735 1142 1789 Polonicum
1158 1774 1174 1798 ,
1219 1737 1336 1788 inde
1380 1737 1433 1787 in
1481 1737 1670 1801 regium
1717 1738 2003 1789 Prussicum
2050 1737 2401 1800 Berolinense,
2448 1738 2565 1788 hinc
2599 1756 2646 1789 a.
2676 1736 2809 1788 1865
2854 1754 2887 1786 n
2923 1736 3347 1801 Regimontanum
3384 1732 3615 1791 devenit:

763 1827 950 1878 ibidem
967 1834 1268 1879 transsumta
1297 1826 1342 1877 1.
1357 1826 1467 1876 d.d.
1486 1826 1616 1876 1335
1633 1826 1742 1877 iulii
1757 1826 1826 1875 28
1846 1826 1911 1877 ad
1925 1827 2215 1879 instantiam
2232 1826 2507 1893 magistris
2524 1826 2681 1878 tribus
2701 1825 2905 1877 notariis
2926 1824 3257 1890 subscriptum
3274 1830 3329 1873 et
3352 1822 3435 1885 „in
3452 1821 3611 1871 maio-

765 1932 868 1967 rem
889 1915 1215 1967 evidentiam“
1239 1914 1413 1980 sigillis
1439 1914 1586 1965 xxxiii
1611 1915 1945 1981 praelatorum
1971 1924 2021 1967 et
2043 1933 2367 1981 personarum
2392 1914 2834 1967 ecclesiasticorum
2852 1914 3203 1966 communitum
3218 1922 3274 1963 et
3306 1911 3357 1961 2.
3376 1910 3615 1961 Iohannis

763 2002 999 2069 Rigensis
1037 2003 1396 2069 archiepiscopi
1433 2002 1481 2053 d.
1507 2002 1555 2053 d.
1598 2003 1732 2053 1412
1771 2004 1936 2055 decbr.
1964 2003 2047 2054 22.
2096 2004 2449 2071 Mariaeburgi.
2502 2005 2788 2055 Notandum
2824 2004 2905 2053 hic
2940 2012 3046 2064 est,
3082 2002 3132 2051 in
3168 2000 3450 2051 inventario
3490 2000 3611 2048 Cra-

763 2092 1006 2143 coviensis
1032 2092 1217 2142 archivi
1240 2091 1368 2157 p.65
1394 2101 1510 2158 post
1533 2092 1810 2142 Innocentii
1833 2092 1900 2141 IV
1928 2093 2169 2157 quasdam
2193 2092 2384 2144 litteras
2410 2094 2553 2145 datas
2577 2094 2775 2144 Perusii
2798 2093 2966 2158 quinto
2992 2092 3102 2141 idus
3126 2089 3293 2141 martii
3316 2106 3451 2138 anno
3483 2084 3615 2137 1252

764 2180 906 2232 citari
952 2180 1075 2232 alias
1119 2181 1264 2232 huius
1300 2181 1512 2232 tenoris:
1557 2180 1725 2245 „Idem
1761 2197 1930 2231 omnes
1977 2182 2309 2233 immunitates
2354 2200 2385 2233 a
2420 2182 2657 2234 Romanis
2704 2180 3047 2249 pontificibus,
3096 2180 3161 2230 ab
3206 2176 3613 2243 archiepiscopis,

763 2269 1038 2336 episcopis,
1075 2270 1338 2321 abbatibus
1373 2270 1535 2321 ordini
1569 2269 1916 2320 cruciferorum
1952 2282 2215 2321 concessas
2248 2271 2603 2337 libertatesque
2638 2272 2949 2323 exactionum
2982 2271 3045 2321 ab
3078 2267 3491 2334 imperatoribus,
3530 2282 3613 2314 re-

764 2359 938 2425 gibus,
984 2358 1290 2425 principibus
1335 2358 1608 2410 confirmat.
1671 2358 1855 2410 Datum
1897 2358 1979 2409 die
2016 2368 2069 2409 et
2102 2377 2234 2411 anno
2270 2367 2327 2410 ut
2360 2362 2562 2427 supra“.
2626 2360 2727 2410 vix-
2759 2359 2961 2421 dubito,
3004 2358 3119 2424 quin
3158 2373 3335 2407 revera
3370 2353 3615 2419 originale

763 2464 896 2498 nunc
929 2447 1350 2513 Regimontanum
1385 2457 1638 2513 spectetur
1644 2465 1661 2509 3
1701 2464 1848 2513 quum
1863 2485 1878 2509 ,
1916 2464 2063 2513 quam
2099 2448 2281 2513 pusilla
2314 2448 2441 2501 fides
2476 2448 2743 2499 inventarii
2774 2448 2907 2499 illius
2943 2445 3327 2513 compositorum
3362 2442 3615 2494 sollertiae

765 2535 832 2586 sit
854 2535 1106 2598 habenda,
1143 2537 1263 2587 satis
1290 2552 1536 2602 superque
1562 2536 2061 2588 demonstraverimus
2074 2554 2090 2597 ;
2128 2537 2191 2589 cf.
2216 2538 2281 2589 N.
2305 2536 2364 2588 P.
2380 2538 2442 2589 P.
2468 2536 2526 2589 B.
2556 2536 2707 2588 1861.
2744 2536 2805 2599 8,
2830 2536 2936 2587 284
2960 2552 3033 2602 sq.
3070 2544 3123 2585 et
3156 2551 3203 2585 v.
3227 2532 3389 2600 Sybel
3424 2532 3613 2583 Hister.

764 2622 1061 2675 zeitschrift.
1105 2624 1255 2676 1864.
1311 2624 1394 2686 12,
1418 2624 1538 2676 249.

771 2825 944 2898 525.
985 2831 1163 2897 1253
1205 2832 1426 2896 martii
1452 2832 1538 2896 17
1581 2832 1855 2896 Perusii.
1926 2831 2324 2897 Innocentius
2363 2832 2412 2898 I
2414 2831 2474 2898 V
2508 2834 2728 2919 repetit
2768 2854 2830 2897 n.
2865 2831 2997 2897 524
3039 2830 3117 2893 de
3159 2828 3339 2895 1253
3382 2830 3513 2892 ian.
3548 2828 3612 2891 5.

984 2969 1380 3037 Innocentius
1438 2975 1554 3038 etc.
1792 2970 1966 3040 Solet
2020 2993 2293 3041 annuere
2352 2979 2467 3041 etc.
2556 2972 2793 3041 Datum
2846 2970 3091 3039 Perusii
3142 2968 3253 3037 xvi
3310 2966 3615 3035 kalendas

767 3076 984 3166 aprilis
1031 3077 1430 3164 pontificatus
1478 3080 1678 3147 nostri
1723 3098 1886 3145 anno
1932 3080 2193 3147 decime.

768 3325 943 3396 526.
984 3329 1160 3395 1254
1184 3329 1516 3414 februarii
1541 3328 1630 3395 10
1659 3329 1965 3395 Laterani
1992 3327 2103 3414 (qs.
2138 3331 2315 3396 1252
2356 3334 2575 3397 martii
2606 3331 2701 3414 6).
2771 3331 3169 3398 Innocentius
3202 3330 3247 3394 I
3252 3328 3311 3395 V
3332 3328 3613 3393 declarat

989 3438 1482 3503 constitutionem
1535 3438 1611 3501 de
1665 3440 1915 3503 eoeemtis
1972 3458 2185 3503 coram
2242 3440 2585 3504 ordinastis
2632 3440 2707 3504 ob
2760 3453 2957 3506 certae
3017 3460 3116 3504 res
3178 3436 3613 3502 convenienda&

987 3566 1114 3608 non
1155 3545 1455 3629 deroqare
1495 3546 1736 3609 ordinis
1789 3544 2159 3611 Theutonici
2200 3546 2599 3611 libertatibus.

992 3683 1394 3752 Innocencius
1443 3686 1770 3772 episcopus
1816 3705 2033 3752 servus
2080 3706 2403 3753 servorum
2449 3687 2549 3754 dei
2594 3688 2835 3754 dilectis
2878 3686 3025 3753 filiis
3060 3687 3363 3769 magistro
3396 3690 3461 3751 et
3488 3685 3611 3749 fra·

767 3790 968 3857 tribus
1013 3791 1339 3877 hospitalis
1385 3798 1598 3859 sancte
1626 3790 1824 3859 Marie
1854 3793 2373 3862 Theotonicorum
2418 3794 2899 3862 Ierosolimitani
2943 3794 3205 3861 salutem
3254 3798 3318 3859 et
3362 3798 3611 3880 aposto—

769 3898 956 3963 licam
1003 3898 1516 3967 benedictionem.
1697 3900 1852 3966 Cum
1901 3900 2053 3967 olim
2100 3901 2459 3969 duxerimus
2506 3903 2927 3987 statuendum,
2970 3906 3043 3968 ut
3070 3900 3369 3987 exempti,
3418 3918 3613 3984 quan-

773 4010 1082 4091 tacunque
1126 4007 1440 4089 gaudeant
1467 4008 1776 4092 libertate,
1822 4008 2259 4075 nichilominus
2304 4015 2517 4075 tamen
2560 4011 2803 4078 ratione
2846 4009 3057 4076 delicti
3102 4029 3213 4075 seu
3256 4012 3610 4075 contractus

774 4116 884 4178 aut
923 4114 1038 4196 rei,
1085 4113 1162 4180 (10
1209 4134 1332 4199 qua
1377 4120 1592 4181 contra
1635 4117 1805 4202 ipsos
1853 4117 2079 4201 agitur,
2125 4117 2247 4183 rite
2281 4118 2527 4203 possint
2554 4138 2764 4184 coram
2794 4116 3071 4184 locorum
3103 4116 3437 4182 ordinariis
3466 4134 3609 4180 con-

771 4220 972 4285 veniri
1019 4226 1082 4286 et
1125 4220 1218 4287 illi
1264 4222 1466 4307 quoad
1513 4223 1628 4289 hec
1671 4244 1850 4289 suam
1893 4225 1961 4291 in
2004 4225 2175 4311 ipsos
2220 4223 2745 4310 iurisdictionem,
2796 4230 2984 4311 prout
3026 4226 3125 4291 ius
3172 4224 3387 4309 exigit,
3434 4241 3609 4287 exer-

769 4345 940 4409 cere3
990 4347 1100 4394 vos
1147 4328 1522 4413 dubitantes,
1569 4350 1647 4397 ne
1693 4352 1806 4418 per
1851 4331 2365 4397 constitucionem
2409 4332 2763 4399 huiusmodi
2800 4332 3194 4399 libertatibus
3226 4337 3291 4397 et
3316 4328 3609 4395 immuni·

769 4434 1004 4499 tatibus
1051 4435 1226 4502 vobis
1275 4440 1338 4502 et
1381 4435 1584 4501 ordini
1631 4442 1838 4504 vestro
1885 4459 1999 4525 per
2042 4437 2374 4525 privilegia
2417 4446 2481 4505 et
2522 4436 2951 4521 indulgencias
2980 4440 3061 4505 ab
3090 4437 3435 4525 apostolica
3466 4436 3609 4503 sede

769 4559 1092 4607 concessas
1136 4542 1516 4629 preiudicari
1559 4543 1795 4630 valeat,
1855 4545 2034 4611 nobis
2080 4546 2399 4613 humiliter
2443 4545 2844 4632 supplicastis
2862 4596 2879 4631 ,
2934 4552 3005 4613 ut
3048 4547 3377 4633 providere
3422 4566 3608 4632 super

766 4646 884 4713 hoc
941 4648 1384 4736 indempnitati
1440 4654 1644 4719 vestre
1689 4658 1955 4738 paterna
2000 4652 2417 4721 sollicitudine
2462 4673 2840 4721 curaremus.
2934 4654 3091 4732 Quia
3134 4674 3286 4720 vero
3334 4653 3605 4721 eiusdem

767 4754 1004 4820 ordinis
1051 4776 1230 4823 sacra
1273 4756 1494 4841 religio
1541 4760 1634 4825 sic
1676 4779 1786 4825 vos
1833 4760 1999 4846 apud
2045 4780 2159 4827 nos
2206 4761 2427 4845 dignos
2470 4761 2683 4827 favore
2728 4762 3069 4846 constituit,
3116 4765 3188 4827 ut
3230 4760 3413 4827 nobis
3452 4762 3607 4826 voti·

764 4881 910 4926 vum
961 4863 1192 4930 existat
1233 4884 1346 4931 vos
1391 4864 1470 4931 ab
1517 4865 1834 4951 omnibu5‚
1881 4887 1994 4953 per
2042 4888 2162 4953 que
2203 4867 2383 4934 vobis
2426 4875 2683 4954 possent
2726 4870 3053 4956 provenire
3098 4868 3448 4955 dispendia,
3492 4869 3607 4934 im-

764 4988 984 5035 munes
1028 4968 1248 5037 libenti
1292 4972 1502 5039 animo
1545 4994 1942 5061 preservare,
1988 4974 2165 5043 vobis
2213 4977 2583 5044 auctoritate
2628 4978 3020 5063 presencium
3065 4976 3497 5062 indulgemnS‚
3544 4982 3609 5041 ut
