3892 5609
1333 397 1724 445 vamncu
1770 397 2162 447 GENERALIA
3029 386 3178 457 243

521 554 928 641 privileqium
971 580 1014 623 a
1056 554 1388 623 Friderico
1420 557 1510 622 II
1548 571 1732 645 patre
1775 560 1954 626 1223
1997 561 2129 623 ian.
2180 554 2435 649 Capuae
2491 556 2795 643 hospitali
2837 580 2885 621 s.
2929 558 3185 623 Mariae

529 664 606 725 de
651 663 832 728 domo
880 662 1406 731 Theutonieorum
1451 687 1806 731 conoessum
1851 664 2083 752 (supra
2126 689 2192 729 n.
2226 662 2412 745 259).

519 799 610 862 IV,
647 800 754 851 274
765 819 812 853 v.
867 802 962 853 Ed.
993 803 1046 853 in
1080 802 1466 870 Brandenburg.
1493 804 2004 871 Usurpationsgesch.
2034 804 2151 868 102,
2187 802 2325 856 unde
2362 802 2596 855 collatum
2633 818 2745 854 cum
2782 805 2928 871 copia
2964 804 3179 855 authen-

298 886 404 939 tica
437 886 492 939 in
529 889 731 941 archivo
767 886 1145 957 &nugax-tensi,
1184 891 1735 947 Huillard-Breholles
1762 894 1852 956 VI,
1889 893 2011 945 838.
2076 893 2149 945 Cf.
2174 892 2426 945 Boehmer
2461 910 2511 945 n.
2538 891 2624 944 50.

304 1216 486 1289 264.
527 1222 717 1288 1257
759 1244 901 1288 nov.
934 1222 1024 1288 28
1066 1223 1363 1289 Nussiae.
1440 1225 1783 1307 Ricardus,
1835 1227 2271 1291 Romanorum
2314 1247 2449 1305 rex,
2489 1224 2817 1309 frat-ribus
2862 1226 3083 1289 domus
3127 1248 3177 1289 s.

527 1330 621 1394 M.
656 1328 771 1394 Th.
809 1330 1173 1417 privileqia,
1221 1334 1665 1414 immunitates,
1715 1334 2047 1415 libertates,
2095 1336 2265 1414 iura,
2314 1334 2683 1398 exemtiones
2729 1356 2770 1397 a
2806 1334 3180 1419 praedeces-

528 1438 776 1503 soribus
823 1460 1113 1503 concessa
1159 1439 1504 1523 confirmat.

515 1576 608 1638 IV,
643 1576 750 1628 276
761 1594 808 1629 v.
865 1577 940 1629 Of.
968 1576 1220 1629 Boehmer
1254 1578 1385 1644 Reg.
1412 1578 1508 1640 35,
1558 1578 1643 1644 qui
1683 1578 1807 1629 citat
1842 1578 2051 1645 (Feder)
2088 1578 2292 1631 Unterr.
2324 1594 2375 1630 ιι.
2402 1578 2437 1629 9
2445 1596 2462 1640 ;
2498 1576 2789 1629 Brandenb.
2817 1576 3179 1643 Usurpations-

300 1664 476 1729 gesch.
507 1665 606 1716 103
652 1682 714 1715 ex
760 1683 860 1727 or.;
917 1666 1154 1718 Gercken
1202 1667 1324 1718 Cod.
1361 1666 1484 1733 dipL
1519 1667 1710 1719 Brand.
1736 1667 1860 1730 VII,
1905 1666 2005 1719 106
2044 1666 2271 1719 XXXVI
2281 1684 2296 1728 3
2352 1666 2589 1719 Gebauer
2642 1666 2815 1718 Leben
2864 1666 3036 1732 Konig
3084 1665 3180 1717 Ri-

302 1752 490 1804 chards
525 1752 649 1805 362.

304 1990 486 2065 265.
529 1996 714 2061 1273
756 2019 898 2062 nov.
933 1998 1021 2065 14
1066 1994 1363 2062 Coloniae
1408 1995 1775 2078 (xviii-kal.
1823 2000 1951 2064 dec.
1999 2021 2053 2062 r.
2086 2022 2150 2061 π.
2184 2022 2244 2062 a.
2281 1995 2376 2079 L).
2450 1996 2772 2087 Radolfus
2817 2020 2929 2062 rea>
2974 2001 3181 2084 maqi-

527 2116 728 2169 strum
771 2117 830 2170 et
864 2104 1114 2189 fratres
1160 2104 1219 2169 Ῑι.
1253 2126 1303 2169 s.
1337 2104 1432 2169 Μ.
1465 2105 1526 2169 d.
1562 2103 1677 2170 Th.
1704 2104 1783 2184 L,
1833 2089 2113 2171 subditos
2160 2118 2218 2171 et
2262 2105 2428 2170 bona
2473 2088 2688 2170 eorum
2730 2108 2799 2169 in
2838 2109 3179 2191 protectio·

529 2233 672 2275 nem
713 2232 897 2276 suam
940 2213 1221 2296 suscipit.

516 2348 608 2411 IV,
645 2347 752 2401 277
764 2368 811 2402 v.
865 2351 998 2402 Edd.
1037 2350 1244 2415 (Feder)
1271 2348 1562 2401 Unterrieht
1585 2368 1636 2400 n.
1663 2348 1744 2401 10.
1797 2348 2027 2401 Duellius
2050 2350 2183 2402 Hist.
2211 2350 2319 2401 ord.
2336 2350 2518 2401 Theut.
2546 2368 2665 2417 app.
2695 2348 2780 2400 18·
2797 2366 2848 2400 ιι.
2872 2350 2959 2401 20.
3014 2349 3180 2411 Bran-

302 2437 553 2504 denburg.
577 2438 1087 2506 Usurpationsgesch.
1117 2438 1217 2490 103
1255 2456 1316 2490 ex
1354 2455 1426 2491 or.
1492 2440 1712 2490 Gen-bert
1749 2439 1871 2491 eod.
1908 2438 2193 2505 epistolaris
2227 2438 2432 2490 Rudolfi
2476 2438 2610 2505 regis
2652 2437 2717 2490 16
2760 2438 2869 2489 sine
2908 2438 3043 2491 dato.
3108 2438 3183 2489 Cf.

301 2524 556 2579 Boehmer
591 2544 643 2579 n.
667 2528 754 2579 21.

1880 2620 2065 2628 ——-—

307 2765 488 2837 266.
529 2770 718 2836 1274
754 2770 930 2853 febr.
963 2769 1049 2835 21
1098 2770 1543 2859 Hayenowiqe.
1629 2769 1974 2852 Rudolfus,
2028 2770 2462 2836 Romanorum
2506 2790 2638 2849 rem,
2687 2782 2851 2834 vetat
2897 2770 3182 2834 ordinem

537 2876 986 2942 Theutonicum
1029 2878 1279 2943 turbari
1322 2878 1395 2944 ob
1440 2875 1793 2964 qenes-alem
1825 2879 2317 2943 commissionem
2362 2878 2439 2941 de
2475 2879 2735 2964 imerii
2778 2877 2956 2941 bonis
3000 2898 3179 2941 revo-
3236 2888 3259 2912 ¹

529 2985 748 3050 condis
792 3006 990 3071 usque
1035 2985 1123 3051 ad
1164 2986 1435 3071 speciale
1475 2986 1862 3049 mandatum.
2280 2974 2303 3001 ⁶

527 3123 867 3210 Rudolfus,
927 3126 1026 3192 dei
1075 3126 1290 3209 gracia
1331 3124 1756 3191 Romanorum
1803 3144 1917 3191 rex
1964 3143 2215 3210 semper
2260 3128 2592 3208 augustuS,
2654 3102 2949 3190 omnibus
2992 3124 3183 3190 advo-

301 3232 487 3314 catis,
533 3232 904 3300 officialibus
953 3253 1028 3299 ac
1073 3232 1584 3319 procuratoribus
1615 3231 1861 3298 dilectis
1899 3230 2189 3297 fidelibus
2222 3232 2350 3297 suis
2382 3230 2657 3315 graciam
2691 3251 2868 3296 suam
2904 3235 2967 3296 et
2998 3250 3181 3297 omne

299 3338 593 3404 bonum..
629 3339 732 3404 Ad
761 3360 992 3405 noxam
1026 3360 1286 3425 vergere
1317 3358 1790 3424 nonnumquam
1821 3339 2119 3423 cernitur,
2158 3338 2325 3422 quod
2356 3337 2691 3403 salubriter
2724 3338 2803 3403 ad
2832 3337 3183 3403 remedium

299 3444 690 3531 providetur.
758 3444 1063 3513 Proclivis
1112 3448 1280 3513 enim
1328 3452 1426 3514 est
1469 3466 1688 3513 cursus
1737 3447 1818 3512 ad
1861 3446 2101 3512 malum
2146 3466 2221 3511 ac
2250 3443 2653 3511 imitatricem
2701 3450 2930 3510 natura
2972 3465 3041 3509 se
3084 3444 3183 3509 in-

301 3551 478 3619 dicat
519 3553 848 3637 vitiorum,
896 3552 1042 3619 dum
1091 3552 1209 3619 sub
1253 3554 1510 3639 pietatis
1557 3553 1766 3640 specie
1813 3552 2227 3620 committitur
2270 3551 2545 3637 inpietas
2592 3571 2665 3617 ac
2711 3550 2961 3617 veritati
3008 3570 3180 3617 com-

299 3658 580 3724 moditas
625 3659 986 3744 racionique
1041 3665 1339 3747 prerogat
1383 3681 1452 3727 se
1495 3658 1805 3727 voluntas
1888 3658 2228 3745 Cupientes
2280 3660 2496 3742 itaque
2554 3659 2645 3724 sic
2702 3658 2868 3724 bona
2926 3662 2989 3724 et
3042 3658 3185 3723 iura

301 3766 470 3832 sacri
514 3766 767 3852 imperii
811 3766 940 3833 iam
986 3766 1201 3832 multis
1249 3766 1666 3833 dimembrata
1701 3766 2089 3852 temporibus
2136 3766 2216 3831 ad
2263 3765 2469 3831 debite
2500 3766 2883 3849 integritatis
2912 3765 3181 3830 formam

299 3872 636 3957 reducere,
698 3874 864 3957 quod
910 3873 1064 3939 alias
1110 3894 1237 3939 non
1294 3878 1584 3960 oporteat
1639 3874 1933 3958 iniurias,
1988 3874 2301 3939 iacturam
2359 3878 2423 3939 et
2477 3872 2809 3959 dispendia
2865 3870 3179 3956 tollerare,

299 3981 643 4066 presertim
675 3984 886 4046 autem
908 3980 1077 4045 viros
1103 3980 1446 4065 religiosos,
1483 3981 1707 4065 quibus
1731 3981 2047 4047 mundane
2070 3980 2572 4046 conversacionis
2596 3979 2880 4045 homines
2906 3977 3182 4065 plerum-

304 4106 430 4172 que
473 4087 688 4153 infesti
719 4092 866 4153 sunt
895 4087 1084 4173 opido
1117 4092 1181 4154 et
1207 4093 1394 4154 nacta
1423 4089 1690 4155 materia
1719 4087 2107 4171 malignandi
2140 4106 2213 4153 ac
2243 4088 2595 4154 exercenda
2628 4088 2695 4153 in
2726 4087 2899 4173 ipsos
2930 4083 3183 4152 malicia

301 4194 724 4279 gratulantur,
769 4194 1168 4281 presentibus
1215 4182 1508 4261 duximus
1556 4194 2027 4278 declarandum,
2074 4194 2244 4279 quod
2288 4194 2612 4261 occasione
2658 4193 2969 4279 generalis
3012 4212 3181 4259 com-

301 4302 627 4369 missionis
674 4301 850 4368 vobis
893 4302 1059 4368 facte
1104 4301 1182 4367 de
1229 4301 1409 4367 bonis
1455 4301 1892 4388 imperialibus
1939 4306 2005 4368 et
2048 4302 2545 4389 quibuscumque
2577 4301 2848 4368 detentis
2878 4302 3180 4367 hactenus

301 4408 388 4475 ad
430 4416 648 4476 nostre
692 4408 958 4476 dicionis
1005 4408 1354 4474 dominium
1398 4408 1768 4475 revocandis
1816 4409 2060 4475 dilectis
2106 4410 2174 4476 in
2205 4408 2455 4476 Christo
2500 4408 2802 4475 fratribus
2848 4404 3181 4493 hospitalis

301 4522 520 4582 sancte
549 4515 748 4582 Marie
781 4516 1004 4582 domus
1028 4514 1556 4583 Theutonicorum
1587 4516 1973 4583 Iherusalem
2010 4516 2251 4583 nullam
2280 4516 2569 4582 volu-mus
2616 4514 3001 4581 turbacionis
3046 4534 3181 4580 ma-

301 4622 533 4689 teriam
577 4623 886 4706 generari,
934 4621 1047 4688 sed
1089 4622 1273 4706 bona,
1322 4644 1444 4708 que
1487 4622 1834 4710 possident,
1879 4623 2029 4691 licet
2075 4624 2203 4690 sint
2248 4622 2347 4690 vel
2395 4626 2756 4690 asserantur
2800 4619 3180 4707 imperialia,

298 4729 368 4794 in
411 4730 694 4815 ipsorum
742 4730 1048 4815 placitum
1093 4730 1274 4796 nobis
1320 4736 1419 4797 est
1461 4734 1775 4816 potestate
1820 4730 2136 4815 resistere,
2185 4730 2383 4796 donec
2428 4728 2843 4815 personaliter
2888 4748 3002 4813 per
3038 4747 3181 4812 spe·-

299 4834 460 4902 ciale
517 4836 884 4909 mandatum
943 4836 1114 4904 aliud
1161 4837 1528 4903 duxerimus
1576 4836 2054 4923 disponendum.
2134 4836 2205 4903 In
2252 4840 2464 4903 mente
2522 4836 2751 4901 etenim
2798 4834 3179 4902 revolvimus

301 4962 378 5009 ac
419 4943 800 5011 revolvendo
847 4944 1284 5029 cognovimus,
1339 4944 1507 5030 quod
1552 4945 1804 5011 racione
1849 4945 2158 5011 bonorum
2214 4942 2642 5030 imperialium
2697 4942 2891 5008 iidem
2946 4942 3180 5008 fratres

299 5050 368 5116 in
431 5050 615 5118 bonis
682 5050 960 5139 propriis
1036 5057 1298 5139 possent
1363 5052 1646 5138 recipere
1713 5052 2181 5119 detrimentum.
2284 5050 2643 5137 Eapropter
2708 5049 3179 5115 revocacionem

2638 5162 2756 5219 16*
