3892 5609
760 281 908 356 398
1731 293 2153 342 roummtm
2196 247 2647 341 nouxnonmi

756 453 1168 537 delectamur,
1226 453 1334 536 qui
1377 451 1711 536 vigilanter
1755 471 1828 520 ac
1870 452 2184 520 ferventer
2231 452 2311 518 ad
2368 450 2487 518 hoc
2530 449 2854 517 intenditis
2869 500 2888 533 ‚
2944 449 3111 535 quod
3152 449 3225 516 in
3268 454 3613 536 conspectu

757 560 860 627 dei
904 565 968 627 et
1009 559 1334 626 hominum
1379 579 1493 645 per
1521 559 1782 627 honeste
1827 559 2327 626 conversacionis
2358 577 2431 624 ac
2460 559 2563 644 pie
2595 558 2721 624 vite
2751 557 3027 624 studium
3062 556 3383 644 placeatis.
3442 555 3615 622 Sane

757 689 868 735 vos
924 666 992 733 in
1049 666 1416 733 exhibendis
1471 666 2023 754 procuracionibus
2081 665 2303 750 legatis
2360 671 2425 732 et
2476 664 2721 732 nunciis
2777 664 3117 752 apostolice
3162 663 3366 748 sedis,
3422 668 3617 750 prout

755 775 1144 862 accepimus,
1204 789 1283 840 ex
1339 794 1412 840 eo
1469 773 1854 858 gravamini,
1914 774 2080 859 quod
2132 774 2260 860 ipsi
2312 793 2441 839 non
2493 773 2770 840 contenti
2814 771 3393 859 procurationibus,
3454 790 3615 855 quas

756 882 992 951 eisdem
1038 881 1247 968 parati
1292 881 1442 947 estis
1487 881 1553 946 in
1581 880 1954 948 victualibus
1999 901 2074 948 ac
2114 881 2253 947 aliis
2282 882 2653 948 necessariis
2685 880 2997 964 exhibere,
3044 900 3085 945 a
3110 879 3292 945 vobis
3323 884 3388 944 et
3418 876 3619 945 eccle-

756 991 867 1056 siis
914 995 978 1057 et
1020 988 1307 1055 domibus
1337 988 1566 1055 vestris
1611 988 1932 1054 occasione
1978 989 2495 1075 procuracionum
2540 988 2897 1055 huiusmodi
2925 988 3287 1074 frequenter
3316 1006 3449 1052 non
3476 1005 3615 1050 mo-

755 1097 961 1165 dicam
999 1096 1262 1184 pecunie
1303 1116 1611 1162 summam
1643 1095 1904 1180 exigunt
1931 1101 1997 1162 et
2024 1100 2414 1181 extorquent.
2468 1095 2625 1161 Cum
2656 1103 2865 1162 autem
2894 1101 3153 1182 propter
3182 1095 3304 1162 hoc
3331 1101 3617 1162 vestrum

757 1205 931 1291 pium
979 1203 1349 1289 quandoque
1390 1201 1770 1290 impediatur
1812 1204 2203 1290 propositum
2251 1209 2315 1269 et
2358 1209 2522 1269 terre
2554 1209 2767 1270 sancte
2796 1203 3053 1288 negocio
3084 1202 3453 1287 derogetur;
3498 1221 3615 1266 nos

757 1311 985 1378 vestris
1029 1311 1588 1397 supplicationibus
1632 1310 1940 1394 inclinati,
1986 1314 2057 1376 ut
2101 1310 2399 1396 predictis
2427 1310 2650 1394 legatis
2682 1317 2745 1377 et
2771 1312 3038 1394 nunciiS‚
3080 1309 3363 1396 exceptis
3398 1315 3613 1375 tamen

756 1418 1057 1486 fratribus
1101 1418 1334 1484 nostris
1362 1417 1642 1485 Romane
1687 1417 1942 1486 ecclesie
1988 1417 2431 1503 cardinalibus,
2475 1419 2555 1485 ad
2601 1417 2929 1485 solvendas
2976 1417 3463 1504 procuraciones
3504 1436 3615 1502 pe-

647 1585 652 1590 .
758 1526 1071 1593 cuniarias
1115 1524 1474 1592 huiusmodi
1518 1526 1658 1610 cogi
1704 1525 2096 1611 aliquatenus
2126 1545 2250 1591 non
2283 1526 2559 1612 possitis,
2604 1526 2781 1592 vobis
2814 1525 3183 1592 auctoritate
3212 1525 3617 1612 presencium

758 1632 1189 1716 indulgemus,
1238 1632 1574 1699 dummodo
1619 1633 1934 1720 predictos
1979 1632 2218 1716 legatos
2264 1639 2329 1699 et
2370 1633 2631 1699 nuncios
2676 1633 2742 1699 in
2787 1632 3161 1700 victualibus
3207 1637 3272 1698 et
3316 1631 3463 1698 aliis
3507 1652 3616 1697 ne-

760 1740 1047 1808 cessariis
1101 1741 1467 1827 procuretis.
1560 1737 1923 1808 Sentencias
1968 1761 2146 1824 vero,
2204 1741 2261 1806 si
2318 1761 2439 1826 que
2493 1740 2561 1807 in
2613 1761 2724 1806 vos
2770 1739 2870 1807 vel
2930 1740 3201 1824 aliquem
3258 1739 3341 1805 de
3396 1739 3616 1805 ordine

643 1908 656 1916 .
759 1854 968 1915 vestro
1013 1852 1232 1914 contra
1272 1845 1588 1914 indultum
1631 1847 1989 1914 huiusmodi
2035 1847 2112 1914 de
2143 1853 2347 1914 cetero
2376 1848 2613 1914 fuerint
2657 1847 3069 1934 promulgate,
3115 1846 3331 1913 irritas
3366 1865 3617 1913 exnunc

761 1976 898 2023 esse
943 1955 1331 2022 decrevimus
1377 1961 1440 2022 et
1482 1955 1721 2022 inanes.
1798 1953 1974 2021 Nulli
2020 1976 2165 2039 ergo
2214 1956 2466 2022 omnino
2510 1955 2833 2021 hominum
2874 1955 3065 2021 liceat
3106 1956 3268 2021 hanc
3310 1955 3615 2042 paginam

759 2068 971 2130 nostre
1015 2063 1432 2129 concessionis
1479 2067 1545 2129 et
1586 2063 2055 2129 constitucionis
2100 2063 2440 2146 infringere
2468 2062 2567 2129 vel
2614 2062 2673 2129 ei
2716 2083 2875 2128 ausu
2912 2063 3245 2130 temerario
3276 2063 3611 2128 contraire.

762 2170 830 2238 Si
887 2169 1026 2255 quis
1084 2174 1296 2236 autem
1339 2170 1458 2237 hoc
1502 2175 1879 2256 attemptare
1923 2170 2408 2258 presumpserit,
2466 2169 2968 2254 indignacionem
3013 2170 3466 2255 omnipotentis
3514 2169 3613 2236 dei

761 2283 825 2345 et
878 2278 1203 2345 beatorum
1247 2275 1422 2342 Petri
1481 2282 1545 2343 et
1585 2276 1770 2343 Pauli
1826 2277 2252 2364 apostolorum
2298 2277 2431 2344 eius
2477 2298 2545 2344 se
2587 2279 2836 2344 noverit
2879 2279 3292 2344 incursurum.
3376 2276 3613 2343 Datum

759 2385 1029 2453 Viterbii
1071 2383 1142 2451 iii
1185 2384 1271 2450 id.
1303 2383 1462 2450 iunii
1504 2383 1904 2471 pontificatus
1947 2385 2149 2452 nostri
2196 2404 2357 2451 anno
2407 2390 2649 2471 quarto.

975 2516 1100 2568 Sine
1135 2515 1280 2569 dato:
1316 2515 1471 2568 A.20
1505 2517 1641 2570 ιι.97
1690 2517 1870 2569 Latine
1915 2526 1970 2570 et
2006 2519 2303 2570 Germanice
2348 2535 2461 2570 cum
2504 2525 2649 2569 nota:
2696 2518 2755 2569 In
2795 2517 3026 2578 Colonia;
3072 2518 3139 2579 11,
3169 2515 3272 2568 120
3304 2516 3466 2569 mel.
3520 2515 3613 2568 Ed.

759 2607 810 2661 J.
833 2606 900 2659 N.
924 2606 1122 2658 Becker
1155 2606 1383 2657 Ver-such
1418 2605 1557 2657 einer
1581 2607 1881 2659 Geschichte
1917 2607 2010 2659 der
2030 2607 2379 2658 Hochmeister
2413 2607 2465 2657 in
2488 2605 2732 2658 Preufsen
2768 2608 2865 2658 seit
2886 2607 3137 2658 Winriehs
3175 2606 3289 2672 (sic)
3318 2624 3423 2657 von
3446 2605 3615 2671 Kaip-

759 2695 886 2748 rode
918 2696 996 2747 bis
1033 2696 1126 2746 auf
1154 2693 1237 2746 die
1261 2695 1548 2760 ffinndung
1583 2696 1673 2746 des
1704 2696 2179 2762 Erbherzogthums.
2225 2695 2397 2746 Berlin
2427 2695 2577 2748 1798.
2624 2696 2699 2746 8⁰.
2735 2714 2785 2763 p.
2810 2696 2927 2747 109.
2956 2725 3018 2733 -
3058 2695 3180 2746 Cum
3215 2695 3365 2746 dato:
3404 2694 3617 2746 Viterbii

761 2785 798 2838 3
819 2784 889 2836 id.
914 2783 1035 2836 iunii
1069 2800 1120 2851 p.
1144 2801 1195 2836 n.
1221 2802 1268 2835 a.
1287 2783 1352 2860 4⁰.
1381 2783 1472 2846 IV,
1491 2783 1596 2836 213
1631 2802 1680 2836 ιι.
1705 2785 1798 2846 11;
1833 2785 1896 2836 R.
1915 2785 1985 2836 98
2020 2785 2149 2836 inter
2172 2785 2398 2836 Alsatica
2430 2803 2481 2836 n.
2506 2785 2573 2836 14
2581 2805 2597 2846 ς
2634 2787 2699 2836 A.
2721 2785 2787 2836 16
2822 2803 2872 2850 p.
2892 2785 2962 2835 84
2991 2783 3453 2849 „Confluentr‘bus“.
3498 2783 3615 2835 ori-

761 2873 932 2940 ginale
977 2889 1088 2925 cum
1123 2872 1260 2925 bulla
1301 2873 1354 2923 in
1387 2873 1484 2924 filis
1520 2873 1722 2926 sericeis
1755 2876 1919 2926 rubris
1956 2883 2009 2926 et
2040 2875 2189 2926 luteis
2225 2891 2453 2941 appensa
2487 2874 2738 2940 quondm
2772 2873 3171 2926 confluentinum
3206 2871 3381 2938 (Iunc.
3404 2873 3617 2936 Trevir.)

763 2962 816 3014 in
861 2961 1064 3014 archivo
1108 2960 1295 3014 ordinis
1329 2962 1626 3014 Theutonici
1659 2963 2054 3015 Vindobonensi.
2091 2992 2152 3001 ·-
2204 2963 2327 3012 Cum
2366 2962 2513 3016 dato:
2560 2963 2774 3015 Viterbii
2806 2963 2841 3014 3
2874 2963 2987 3014 idus
3023 2962 3145 3012 iunii
3180 2962 3266 3028 (p.
3288 2980 3341 3012 ιι.
3367 2981 3416 3012 a.
3442 2962 3505 3024 4,
3554 2960 3619 3010 ad

768 3049 934 3118 1258)
979 3051 1219 3116 magistro
1255 3059 1309 3102 et
1351 3050 1758 3117 praeceptoribus
1795 3069 1856 3102 ac
1888 3051 2127 3103 fratribus
2164 3052 2349 3104 ordinis
2386 3053 2709 3114 Theutonici,
2746 3050 2989 3118 originale
3002 3090 3017 3114 ,
3055 3050 3307 3117 quondam
3344 3049 3617 3102 Confluen-

762 3139 938 3202 tinum,
974 3139 1305 3191 Vindobonae
1339 3139 1392 3190 in
1416 3138 1616 3191 archivo
1641 3139 1829 3192 ordinis
1854 3140 2149 3192 Theutonici
2173 3157 2283 3192 cum
2306 3141 2443 3193 bulla
2468 3159 2695 3209 appensa
2716 3141 2767 3191 in
2792 3141 2889 3191 filis
2914 3141 3131 3192 sericeis.
3180 3139 3275 3190 Ed.
3292 3137 3465 3189 Duell.
3482 3141 3619 3204 App.

763 3245 816 3294 p.
830 3227 882 3280 9.
918 3245 968 3279 n.
988 3227 1039 3280 9.
1063 3257 1124 3266 ——
1165 3229 1288 3279 Cum
1311 3227 1458 3279 dato:
1493 3227 1707 3280 Viterbii
1734 3227 1800 3280 10
1823 3229 1924 3281 kal.
1950 3229 2056 3283 iulii
2077 3248 2129 3297 p.
2147 3248 2198 3282 n.
2219 3249 2265 3282 a.
2283 3231 2334 3282 4.
2370 3231 2629 3298 originale,
2664 3230 2766 3282 iam
2790 3229 2975 3281 dudum
3000 3229 3175 3280 domus
3194 3228 3619 3288 vindobonensis,

765 3331 876 3368 cum
911 3316 1047 3368 bulla
1079 3317 1134 3368 in
1167 3317 1266 3368 filis
1301 3315 1504 3368 sericeis
1536 3316 1700 3368 rubris
1735 3325 1789 3368 et
1820 3317 1969 3371 luteis
2004 3319 2056 3370 in
2092 3319 2293 3372 archivo
2322 3320 2511 3372 ordinis
2534 3319 2829 3370 Theutonici
2854 3317 3248 3378 vindobonensi,
3283 3317 3369 3368 ed.
3392 3315 3619 3368 Duellius

763 3403 834 3468 11,
861 3404 929 3456 14
960 3423 1012 3456 ιι.
1041 3405 1124 3456 19.

770 3617 946 3691 584.
988 3620 1166 3687 1258
1207 3622 1377 3686 iunii
1414 3621 1506 3687 22
1559 3620 1837 3688 Viterbii.
1907 3623 2271 3689 Alexander
2300 3625 2414 3692 IV
2445 3628 2670 3712 repetit
2712 3649 2775 3689 n.
2808 3624 2943 3690 533
2987 3626 3065 3688 de
3092 3623 3270 3689 1258
3312 3626 3486 3688 iunii
3510 3623 3615 3689 11.

985 3761 1348 3828 Alexander
1393 3767 1508 3828 etc.
1555 3763 1859 3846 magistro
1907 3767 1971 3830 et
2012 3764 2313 3831 fratribus
2359 3765 2419 3831 h.
2454 3785 2503 3832 s.
2536 3765 2621 3831 M.
2657 3765 2770 3831 Th.
2818 3771 2937 3841 etc,
3135 3761 3389 3830 Affectu
3432 3763 3621 3830 bene-

765 3869 1044 3938 volencie
1084 3875 1199 3936 etc.
1269 3867 1502 3936 Datum
1545 3869 1814 3937 Viterbii
1857 3891 1900 3936 x
1945 3871 2247 3939 kalendas
2290 3872 2430 3939 iulii
2474 3871 2874 3960 pontificatus
2916 3871 3117 3938 nostri
3162 3891 3326 3938 anno
3374 3877 3617 3957 quarto.

773 4118 948 4191 585.
992 4119 1168 4186 1258
1209 4122 1379 4186 iunii
1417 4119 1508 4187 24
1569 4119 1844 4186 Viterbii.
1913 4121 2277 4188 Alexander
2320 4123 2430 4190 IV
2464 4124 2687 4210 repetit
2728 4147 2791 4188 π.
2823 4121 2956 4188 580
3001 4123 3078 4187 de
3106 4121 3285 4188 1258
3324 4125 3489 4186 maii
3512 4121 3618 4187 24.

986 4261 1349 4328 Alexander
1394 4267 1508 4328 etc.
1687 4261 2085 4331 Plenitudine
2126 4264 2359 4332 favoris
2406 4269 2523 4331 etc.
2590 4263 2827 4332 Datum
2858 4261 3123 4330 Viterbii
3166 4261 3280 4328 viii
3324 4261 3451 4328 kal.
3485 4261 3621 4328 iulii

765 4367 1166 4458 pontificatus
1210 4369 1411 4436 nostri
1458 4389 1620 4436 anno
1667 4375 1909 4455 quarto.

773 4660 950 4734 586.
990 4662 1172 4730 1258
1211 4665 1380 4728 iunii
1419 4663 1509 4730 25
1566 4663 1844 4730 Viterbii.
1912 4617 2278 4732 Alexander
2323 4664 2435 4731 JV
2468 4667 2691 4753 repet-tc
2732 4687 2795 4730 n.
2828 4665 2960 4731 541
3008 4663 3189 4730 1257
3231 4665 3394 4729 maie
3434 4665 3542 4730 29.

989 4804 1352 4872 Alexander
1381 4809 1499 4873 etc.
1679 4805 2025 4891 Religiosos
2056 4807 2225 4874 viros
2270 4813 2385 4874 etc.
2454 4806 2691 4875 Datum
2721 4805 2990 4874 Viterbii
3016 4805 3107 4872 vii
3134 4805 3263 4872 kal.
3296 4804 3437 4872 iulii
3470 4826 3621 4893 pon·

768 4909 1041 4980 tificatus
1083 4913 1288 4980 nostri
1333 4933 1496 4980 anno
1544 4917 1786 4999 quarto.
