3892 5609
1347 378 1736 427 Pnrvmnora
1781 380 2169 429 sammua
3032 357 3181 441 367

333 530 509 603 506.
520 534 744 709 ἓξὲξ
773 538 994 602 martii
1029 536 1112 605 11
1160 536 1483 625 Luqduni.
1578 538 1980 607 Innocentius
2026 539 2074 606 I
2079 539 2140 607 V
2183 544 2405 628 repetit
2460 564 2523 606 n.
2558 540 2691 607 503
2736 542 2815 606 de
2858 542 3033 609 1245
3078 556 3190 609 aut

545 772 942 843 Innocentius
987 781 1104 845 etc.
1329 777 1480 846 Paci
1523 784 1588 847 et
1632 780 1828 865 quieti
1873 784 1991 848 etc.
2074 778 2310 847 Datum
2354 778 2647 864 Lugduni
2692 802 2729 845 v
2776 779 2917 848 idus
2962 781 3183 848 marcii

323 880 725 967 pontificatus
769 883 972 951 nostri
1017 901 1180 953 anno
1227 891 1471 969 quarto.

329 1162 504 1235 50⁷.
545 1166 728 1235 1247
755 1172 974 1236 mart-ii
997 1170 1082 1235 12
1111 1169 1430 1257 Luqduni.
1480 1172 1879 1239 Innocentius
1903 1172 1952 1238 Ῑ
1955 1171 2012 1238 V
2034 1176 2258 1259 repetit
2282 1196 2346 1237 n.
2372 1173 2514 1240 474
2544 1173 2621 1239 de
2650 1172 2826 1239 1244
2855 1174 3046 1259 april.
3070 1174 3178 1239 20.

542 1306 940 1377 Innocentius
999 1316 1114 1379 etc.
1353 1312 1510 1381 Cum
1571 1314 1782 1383 dilecti
1827 1319 1943 1383 etc.
2026 1313 2263 1382 Datum
2308 1312 2600 1397 Lugduni
2642 1313 2740 1381 iiii
2782 1314 2923 1381 idus
2968 1314 3181 1381 martii

318 1414 722 1501 pontificatus
763 1418 968 1486 nostri
1012 1438 1176 1486 anno
1221 1426 1464 1505 quarto.

325 1733 501 1806 508.
542 1738 728 1805 1247
756 1742 976 1805 martii
1001 1742 1092 1807 13
1129 1741 1451 1829 Luqduni.
1520 1744 1916 1811 Innocentius
1945 1742 1989 1809 Ι
1993 1742 2054 1810 V
2080 1745 2303 1831 repetit
2338 1766 2404 1807 n.
2430 1742 2563 1809 500
2604 1744 2685 1809 de
2711 1743 2889 1809 1246
2927 1744 3091 1809 maii
3112 1744 3176 1809 4.

541 1877 942 1947 Innocentius
989 1882 1318 1970 episcopus
1365 1904 1582 1951 servus
1628 1904 1950 1951 servorum
1999 1883 2101 1951 dei
2143 1882 2603 1951 venerabilibus
2647 1881 2948 1949 fratribus
2978 1880 3181 1949 archi-

319 1984 634 2072 episcopis
681 1992 746 2053 ct
790 1988 1100 2075 episcopis
1145 1994 1210 2055 et
1252 1988 1498 2057 dilectis
1541 1989 1688 2058 filiis
1720 1990 2071 2076 abbatibuS,
2116 1992 2453 2078 prioribus,
2500 1990 2773 2075 decanis,
2819 1990 3178 2077 prepositis,

321 2091 779 2159 archidiaconis
825 2098 890 2162 et
934 2094 1076 2162 aliis
1121 2096 1526 2164 ecclesiarum
1571 2098 1851 2184 prelatis,
1898 2098 1979 2165 ad
2026 2118 2179 2184 quos
2220 2097 2432 2165 littere
2458 2098 2581 2165 iste
2608 2096 3032 2184 pervenerint,
3078 2116 3179 2163 sa-

313 2198 513 2273 lutem
559 2204 622 2267 et
667 2202 1076 2287 apostolicam
1123 2202 1636 2272 benedictionem.
1861 2203 1930 2272 Si
1977 2205 2343 2273 discrimina
2388 2209 2504 2272 etc.
2537 2240 2621 2251 -—
2670 2204 2891 2271 scituri
2935 2252 3174 2271 ......

313 2304 554 2373 Datum
600 2305 893 2391 Lugduni
939 2308 1010 2376 iii
1053 2310 1195 2377 idus
1240 2312 1451 2379 martii
1499 2310 1898 2400 pontificatus
1941 2314 2149 2380 nostri
2194 2332 2359 2381 anno
2406 2318 2649 2398 quarto.

527 2448 616 2500 Or.
651 2448 704 2500 in
739 2449 940 2502 archivo
975 2450 1343 2518 Regimontano
1380 2452 1525 2505 valde
1573 2470 1823 2506 corrosum
1871 2463 1924 2506 et
1968 2470 2030 2507 ex
2066 2453 2213 2505 laeva
2248 2462 2391 2519 parte
2426 2452 2667 2505 laniatum
2682 2490 2698 2515 ‚
2744 2452 2815 2504 ita
2861 2460 2917 2503 ut
2951 2448 3089 2503 bulla
3123 2460 3177 2502 et

312 2552 488 2604 margo
523 2537 676 2605 plane
712 2538 964 2592 deficiant.

319 2794 495 2866 509.
536 2798 719 2867 1247
759 2802 978 2865 mrtii
1005 2802 1094 2866 14
1122 2799 1444 2886 Luqduni.
1514 2802 1912 2869 Innocentius
1940 2802 2049 2869 IV
2082 2804 2305 2889 repetit
2345 2824 2409 2867 n.
2443 2802 2576 2869 494
2620 2800 2697 2866 de
2724 2800 2901 2869 1245
2930 2814 3082 2888 sept.
3106 2802 3170 2867 5.

534 2938 931 3007 Innocentius
989 2945 1104 3008 etc.
1339 2942 1479 3010 Non
1535 2943 1770 3029 absque
1826 2942 2041 3013 dolore
2096 2950 2211 3012 etc.
2292 2942 2528 3011 Datum
2578 2939 2871 3027 Lugduni
2926 2941 2975 3008 ii
3030 2942 3173 3022 idus

311 3046 526 3113 martii
568 3046 970 3133 pontificatus
1013 3049 1215 3115 nostri
1259 3054 1423 3116 anno
1471 3054 1713 3136 quarto.

317 3332 360 3401 5
375 3331 494 3401 10.
533 3335 713 3401 1247
743 3334 972 3421 aprilis
997 3334 1088 3402 17
1109 3334 1432 3421 Lugduni.
1487 3336 1884 3403 Innocentius
1912 3336 2021 3403 IV
2042 3338 2320 3403 concedit
2328 3334 2653 3421 fram-ibus
2682 3336 2924 3401 ordines
2964 3334 3167 3401 Theu-

532 3444 744 3521 tonici,
793 3444 966 3528 quod
1008 3444 1085 3508 de
1134 3446 1218 3508 iis
1229 3490 1251 3523 ‚
1313 3464 1474 3529 quae
1518 3444 1606 3507 ad
1628 3444 1858 3529 forum
1903 3444 2191 3509 ecclesiae
2232 3455 2543 3529 spectant,
2603 3464 2816 3509 coram
2858 3443 3174 3509 saeculari
3269 3496 3277 3503 .

530 3550 738 3615 iudice
780 3551 1154 3636 respondere
1195 3573 1326 3616 non
1369 3554 1498 3617 sint
1539 3554 1754 3617 coacti.

499 3688 928 3785 ‘Innocentius
975 3692 1308 3779 episcopus
1352 3712 1569 3759 servus
1613 3711 1936 3760 servorum
1983 3691 2087 3759 dei
2132 3690 2375 3758 dilectis
2418 3689 2567 3757 filiis
2611 3690 2913 3775 magistro
2950 3698 3014 3759 et
3041 3690 3175 3759 fra-'

309 3796 514 3881 tribus
559 3802 676 3864 etc.
989 3798 1178 3866 Iustis
1233 3800 1582 3887 petentium
1635 3798 1961 3866 desideriis
2006 3798 2265 3882 dignum
2313 3801 2409 3865 est
2452 3816 2567 3864 nos
2610 3797 2858 3864 facilem
2904 3797 3169 3885 prebere

309 3923 684 3971 consensum
729 3908 794 3971 et
834 3910 1002 3989 vota,
1051 3926 1170 3992 que
1218 3926 1258 3973 a
1299 3906 1562 3973 rationis
1609 3906 1862 3973 tramite
1906 3926 2034 3973 non
2069 3904 2450 3989 discordant,
2496 3902 2722 3972 effectu
2750 3912 3167 3992 prosequente

308 4010 642 4098 complere.
709 4010 1088 4100 Eapropter,
1133 4013 1346 4081 dilecti
1389 4014 1456 4080 in
1488 4013 1740 4080 domino
1769 4011 1906 4097 filii,
1954 4013 2180 4080 vestris
2202 4012 2394 4107 iustis
2424 4010 2955 4099 postulationibus
2985 4018 3165 4097 grato

307 4123 749 4187 concurrentes
795 4139 1074 4205 assensu,
1119 4140 1202 4188 ne
1247 4140 1436 4207 super
1479 4120 1623 4204 hiis,
1671 4139 1791 4205 que
1835 4125 2124 4207 spectant
2154 4120 2233 4186 ad
2262 4121 2471 4187 forum
2500 4118 2780 4204 ecclesie,
2824 4120 3166 4187 teneamini

307 4246 522 4293 coram
585 4226 852 4293 seculari
905 4228 1110 4295 iudice
1162 4227 1573 4315 respondere,
1641 4225 1818 4294 vobis
1876 4228 2249 4294 auctoritate
2304 4227 2691 4315 presentium
2748 4226 3166 4313 indulgemus,

308 4332 654 4401 districtius
711 4332 1097 4420 inhibentes,
1153 4340 1227 4403 ut
1281 4334 1491 4403 nullus
1548 4353 1740 4422 super
1783 4334 1902 4401 hoc
1944 4354 2059 4401 vos
2105 4333 2183 4401 de
2228 4338 2435 4401 cetero
2492 4333 2749 4407 turbare
2794 4332 3025 4401 audeat
3066 4334 3174 4409 vel,

307 4440 643 4509 molestare
685 4432 1028 4528 presumat.
1099 4442 1272 4509 Nulli
1317 4461 1464 4526 ergo
1504 4446 1618 4509 etc.
1653 4442 1951 4528 paginam
1980 4446 2196 4509 nostre
2225 4440 2644 4509 concessionis
2683 4447 2747 4508 et
2774 4440 3165 4509 inhibitionis

305 4546 648 4633 infringere
702 4554 818 4617 etc.
901 4546 972 4615 Si
1015 4550 1156 4636 quis
1201 4553 1410 4617 autem
1455 4553 1574 4617 etc.
1653 4547 1890 4616 Datum
1933 4546 2227 4633 Lugduni
2271 4568 2357 4615 xv
2400 4548 2527 4615 kal.
2560 4548 2721 4615 iunii
2762 4548 3163 4635 pontificatus

304 4656 509 4724 nostri
553 4674 718 4723 anno
763 4660 1005 4742 quarto.

519 4794 1405 4863 A16p109mterprmlgra
1457 4794 2243 4863 ppaha'l'rmtiassrvta
2315 4795 3024 4917 Inmugineadscriptntm
3075 4796 3163 4863 „111

304 4884 577 4948 Welhen‘ss
612 4884 970 4938 sicutaltera
1037 4884 1764 4951 ‹uziwspothaecdltaese
1799 4884 1916 4937 vide
1917 4893 2048 4938 atur.
