3892 5609
1125 311 1353 356 'ranna
1400 309 1683 356 saxon.
1756 309 2087 354 ARMsmA.
2159 307 2425 356 cvpnus
3060 295 3207 366 125

550 484 631 535 ΒΘ
666 483 823 548 luero,
860 485 995 550 quod
1032 484 1224 536 habent
1258 483 1440 536 fratres
1478 485 1529 535 in
1566 483 1732 536 armis.
1800 467 1954 534 Item
1987 487 2100 534 rex
2133 466 2440 532 Iohannes
2487 464 2817 532 confirmat
2861 466 3070 532 domui
3117 467 3214 531 lu-

330 594 533 660 crum,
582 575 750 660 quod
778 574 1097 642 habebant
1125 574 1411 641 homines
1445 575 1544 640 sui
1576 595 1647 640 eo
1678 575 1937 641 absente
1967 575 2281 640 inarmis.
2336 571 2528 655 [1221
2559 577 2742 639 mart.
2778 592 2840 658 p.
2866 574 2951 638 45
2982 593 3044 636 n.
3071 570 3208 658 55.]

548 697 629 749 ΒΘ
664 707 799 749 terra
825 698 1061 749 Gamerii
1085 697 1369 749 Alamanni.
1431 680 1588 747 Item
1617 701 1731 747 rex
1762 680 2070 748 Iohannes
2103 678 2434 748 confirmat
2463 679 2676 744 domui
2719 683 2974 762 terram,
3022 699 3208 764 quam

332 787 511 856 dedit
567 787 913 854 Garnerius
967 787 1393 872 Alamannus,
1452 808 1573 872 que
1630 788 1751 854 fuit
1804 785 2032 853 Iuliani
2088 788 2166 853 de
2222 785 2272 852 F
2277 787 2520 869 alouse,
2577 792 2641 851 et
2694 785 3042 868 iai-diuum,
3103 787 3211 870 qui

330 895 589 962 coheret
634 895 797 961 areis
844 895 919 962 de
964 895 1181 960 tarsia.
2318 890 2515 976 [1217
2552 913 2691 976 aug.
2741 912 2802 979 p.
2839 894 2916 956 41
2970 911 3034 956 n.
3068 889 3204 975 49.]

548 1017 627 1068 ΒΘ
662 1017 897 1068 memte
932 1018 1145 1068 fratrum
1180 1017 1432 1068 vendendi
1470 1025 1521 1067 Θι
1557 1017 1772 1068 emendi.
1834 1001 1991 1067 Item
2025 1019 2230 1067 comes
2260 998 2570 1065 Henricus
2619 998 2729 1063 dat
2764 998 2972 1064 domui
3019 997 3210 1064 liber-

328 1111 533 1174 tatem
582 1107 889 1173 vendendi
934 1113 1000 1175 et
1044 1107 1291 1174 emendi
1339 1107 1419 1172 ad
1464 1128 1615 1173 usus
1660 1107 1972 1193 proprios.
2343 1103 2539 1188 [1191
2581 1111 2698 1172 oct.
2747 1125 2808 1190 p.
2845 1107 2928 1172 26
2974 1125 3036 1170 ιι.
3071 1102 3204 1189 30.]

546 1228 627 1281 ΒΘ
662 1228 891 1281 domibus
929 1230 1188 1297 &arai-di)
1226 1229 1407 1281 Fortis.
1474 1212 1631 1280 Item
1666 1212 1984 1280 Gerardus
2016 1213 2224 1280 Fortis
2270 1212 2382 1278 dat
2425 1213 2639 1278 domui
2685 1212 2902 1278 domos
2949 1231 3094 1276 suas
3141 1212 3208 1277 in

328 1339 453 1386 rua
495 1319 911 1386 caldariorum
960 1319 1235 1386 Acchon.
2196 1317 2397 1403 [1242
2443 1339 2584 1401 aug.
2620 1319 2697 1384 18
2744 1337 2807 1404 p.
2838 1320 2919 1382 73
2967 1339 3029 1383 ιι.
3064 1314 3198 1401 92.]

547 1441 626 1492 ΒΘ
664 1458 691 1492 Θ
728 1443 957 1494 bizantiis
994 1443 1045 1493 in
1083 1443 1271 1492 Ancon.
1344 1424 1501 1492 Item
1545 1427 1842 1513 princ-eps
1872 1425 2254 1492 Anthiochie
2285 1425 2395 1491 dat
2425 1425 2638 1492 domui
2683 1425 2748 1490 in
2793 1424 2990 1490 funda
3034 1429 3098 1490 et
3139 1425 3206 1488 in

328 1531 600 1599 cathena
642 1531 903 1598 Acchon
948 1552 983 1597 c
1028 1532 1353 1600 bisantios.
1976 1529 2174 1616 [1228
2222 1533 2394 1598 iunio
2441 1533 2697 1598 ineunte
2741 1550 2803 1617 p.
2839 1533 2926 1597 53
2972 1552 3034 1596 ιι.
3069 1527 3202 1615 64.]

543 1653 625 1706 ΒΘ
662 1664 857 1722 septem
892 1654 1090 1706 milibus
1128 1655 1455 1708 bisantiorum
1490 1655 1542 1706 in
1580 1655 1767 1707 Accon.
1837 1639 1998 1707 Item
2044 1640 2347 1706 habemus
2395 1638 2474 1706 de
2517 1637 2882 1704 concambio
2928 1635 3206 1703 Maronis

328 1745 399 1810 in
430 1744 699 1812 cathena
722 1750 807 1812 ‘et
850 1745 1047 1811 funda
1075 1744 1334 1811 Acchon
1380 1751 1619 1832 septem
1655 1746 1833 1812 milia
1860 1746 2296 1813 bisantiorum.
2357 1744 2560 1829 [1244
2589 1743 2699 1810 1ιι1.
2718 1746 2752 1810 ’1
2782 1764 2844 1829 p.
2865 1746 2948 1810 75
2977 1765 3040 1810 n.
3069 1741 3202 1828 98.]

548 1867 869 1919 Confirmatio
906 1868 1223 1933 imperatoris
1258 1869 1501 1920 Friderici
1539 1879 1591 1920 et
1626 1869 1954 1934 imperatricis
1991 1887 2084 1936 per
2119 1886 2330 1936 reg-num
2363 1867 2652 1920 Ierusalem.
2732 1850 2886 1918 Item
2933 1851 3208 1936 impera-

326 1963 433 2024 tor
464 1957 819 2024 Fridericus
868 1961 931 2024 et
974 1978 1135 2024 uxor
1180 1959 1315 2026 eius
1361 1961 1581 2042 regina
1621 1957 1753 2025 filia
1786 1959 1952 2042 regis
1984 1959 2280 2026 Iohannis
2325 1958 2702 2025 confirmant
2744 1957 2960 2024 domui
3003 1958 3206 2027 omni-

328 2065 587 2131 modam
630 2064 988 2132 libertatem
1042 2070 1108 2132 et
1154 2067 1395 2150 omnia,
1454 2086 1573 2150 que
1634 2065 1936 2132 habemus
1995 2073 2060 2133 et
2115 2066 2392 2132 habituri
2448 2084 2664 2131 sumus
2719 2065 2785 2130 in
2831 2069 2963 2131 toto
3009 2084 3204 2148 regno

326 2169 893 2256 lherosolimitano‚
940 2178 1006 2239 et
1049 2171 1423 2240 confirmant
1465 2172 1647 2240 nobis
1695 2172 2098 2241 donationem
2141 2173 2308 2256 regis
2354 2170 2668 2238 Iohannis.

2206 2275 2405 2362 [1226
2452 2280 2694 2345 ianuar.
2745 2299 2806 2363 p.
2841 2279 2925 2342 47
2968 2297 3030 2342 ιι.
3065 2274 3198 2364 58]

544 2399 625 2452 ΒΘ
672 2401 999 2452 investicione
1044 2401 1275 2468 magistri
1318 2411 1371 2453 Θι
1405 2402 1575 2454 Iacobi
1618 2402 1683 2454 <10
1718 2401 2005 2467 Amigdala.
2084 2385 2238 2453 Item
2295 2386 2362 2452 in
2419 2385 2748 2471 presencia
2803 2385 3202 2471 imperatoris

330 2491 635 2574 magister
680 2498 896 2558 noster
939 2491 1267 2559 investivit
1292 2489 1587 2558 Iacobum
1628 2492 1707 2558 de
1737 2491 2076 2576 Amigdala
2121 2493 2198 2560 de
2245 2492 2556 2575 omnibm,
2603 2511 2722 2576 que
2769 2511 2910 2558 eum
2959 2491 3202 2558 contin-

332 2597 565 2680 gebant
610 2619 688 2665 ex
732 2604 917 2685 parte
957 2600 1180 2665 matris
1212 2619 1343 2684 sue,
1392 2604 1455 2664 et
1498 2600 1635 2684 ipse
1664 2598 1923 2666 Iacobus
1955 2601 2328 2684 magistrum
2375 2605 2440 2666 et
2481 2599 2710 2664 fratres
2755 2598 3078 2664 investivit
3123 2597 3201 2664 de

334 2704 569 2772 eisdem
614 2706 685 2772 in
727 2725 921 2790 regno
968 2704 1493 2772 Ihrosolimitano.
2291 2704 2492 2790 [1226
2538 2704 2690 2771 iulio
2735 2725 2798 2791 p.
2832 2707 2919 2772 49
2963 2725 3026 2770 ιι.
3061 2702 3193 2789 60.]

544 2827 624 2878 ΒΘ
660 2827 948 2880 concambio
984 2829 1155 2880 Iacobi
1192 2828 1257 2880 de
1292 2825 1563 2894 Amigdala
1599 2835 1653 2878 et
1688 2827 1879 2880 domus.
1945 2810 2102 2878 Item
2134 2811 2394 2880 Iacobus
2431 2813 2508 2879 de
2538 2812 2877 2896 Amigdala
2923 2831 3199 2878 commu·-

330 2918 495 2984 tavit
534 2937 677 2984 cum
724 2919 910 2986 domo
960 2924 1178 2985 nostra
1222 2923 1419 2984 totam
1468 2923 1703 2984 terram
1748 2938 1925 2985 suam
1943 2968 1961 3002 ‚
2023 2939 2212 3005 quam
2257 2918 2514 2986 tenebat
2557 2940 2596 2985 a
2641 2918 2826 2984 domo
2872 2924 3090 2984 nostra
3131 2919 3197 2984 in

328 3024 539 3108 feud0‚
584 3045 701 3110 pro
748 3047 861 3092 sex
906 3024 1161 3091 milibus
1207 3031 1271 3092 et
1314 3043 1457 3091 cccc
1500 3025 1811 3090 bisantii&
2139 3023 2338 3110 [1228
2387 3024 2568 3112 april.
2602 3027 2690 3093 20
2733 3046 2796 3112 p.
2831 3028 2908 3092 51
2963 3046 3024 3091 ιι.
3059 3024 3196 3110 63.]

545 3147 873 3201 Confirmacio
908 3135 1223 3214 imperatoris
1262 3148 1327 3200 ᾱΘ
1364 3114 1616 3213 predictis.
1688 3130 1842 3198 Item
1882 3131 2279 3199 confirmavit
2321 3133 2666 3218 imperator
2695 3131 3053 3199 Fridericus
3083 3151 3199 3199 no-

328 3237 427 3304 bis
474 3238 739 3305 eandem
784 3238 1341 3306 commutationem
1388 3243 1451 3304 et
1495 3237 1561 3303 in
1606 3238 1939 3324 presencia
1981 3259 2098 3305 sua
2141 3239 2310 3304 facta
2351 3239 2489 3305 fuit.

2215 3343 2455 3428 ’[1229
2503 3345 2684 3432 april.
2733 3365 2794 3430 p.
2828 3347 2914 3412 53
2960 3365 3022 3418 n.
3055 3343 3191 3430 65]

542 3466 623 3518 ΒΘ
658 3467 949 3518 concambio
987 3465 1207 3518 Mebelie
1248 3477 1301 3518 et
1336 3467 1535 3520 Trefile.
1600 3450 1758 3519 Item
1806 3450 2196 3518 confirmatio
2241 3452 2642 3538 imperatoris
2689 3451 2766 3518 de
2811 3451 3196 3536 concambio,

330 3556 497 3640 quod
540 3557 691 3622 fecit
736 3557 957 3623 domus
1002 3561 1223 3632 nostra
1266 3577 1407 3624 cum
1454 3558 1707 3624 domiuo
1754 3557 1978 3624 Iacobo
2024 3557 2102 3624 de
2133 3557 2473 3641 Amigdala
2517 3558 2596 3624 de
2639 3557 2923 3645 Mebelye
2969 3557 3195 3643 casale,

328 3663 493 3748 quod
540 3663 850 3730 dederunt
890 3663 1117 3730 fratres
1165 3665 1224 3730 ei
1267 3683 1385 3750 pro
1432 3662 1682 3732 Treffile
1728 3669 1794 3730 et
1838 3671 2044 3731 castro
2090 3684 2273 3749 novo,
2326 3664 2489 3750 quod
2537 3664 2767 3731 dicitur
2809 3664 3104 3732 Monfort.

2257 3768 2456 3855 [1229
2503 3769 2686 3855 april.
2731 3791 2795 3856 p.
2827 3773 2917 3838 54
2960 3792 3024 3837 ιι.
3058 3771 3190 3858 67.]

538 3890 619 3944 ΒΘ
654 3909 743 3942 ΘΘκ
776 3891 976 3944 milibus
1014 3901 1066 3944 et
1103 3909 1215 3944 ΘΘΘΘ
1250 3893 1479 3945 bizantiis
1516 3893 1567 3944 in
1602 3893 1790 3944 Aenon.
1869 3876 2030 3945 Item
2074 3878 2420 3964 imperator
2463 3875 2821 3943 Fridericus
2865 3876 3040 3944 dedit
3081 3898 3196 3945 no-

324 3979 423 4048 bis
470 3982 539 4048 in
583 3980 783 4049 funda
827 3987 891 4049 et
934 3983 1201 4050 cathena
1243 3983 1501 4050 Acchon
1547 4004 1659 4051 sex
1704 3983 1883 4051 milia
1928 3990 1994 4051 et
2037 4003 2178 4051 cccc
2223 3983 2530 4051 bisantios
2576 3983 2643 4049 in
2689 3982 3114 4051 elemosinam.

2255 4087 2454 4174 [1229
2503 4090 2684 4178 april.
2731 4111 2794 4178 p.
2827 4093 2915 4158 55
2959 4112 3022 4158 n.
3057 4089 3190 4178 68.]

536 4210 619 4262 De
654 4211 943 4264 concambio
980 4211 1157 4264 (lomus
1190 4211 1469 4278 Margariti.
1534 4196 1695 4264 Item
1740 4198 1964 4264 domus
2009 4197 2180 4264 deffit
2223 4197 2594 4284 imperatori
2639 4203 2916 4264 castrum
2944 4197 3196 4266 Musani

324 4305 389 4368 et
430 4299 690 4367 domum
720 4299 1049 4385 Margariti
1092 4300 1161 4368 1ιι
1206 4302 1601 4371 excambium
1646 4324 1762 4391 pro
1809 4324 1919 4372 sex
1965 4304 2222 4371 milibus
2269 4310 2334 4371 et
2377 4324 2518 4371 cccc
2551 4303 2842 4372 bisantiis
2885 4305 3194 4391 recipien-

322 4407 421 4474 dis
471 4409 797 4474 annuatim
843 4409 910 4474 in
956 4407 1221 4475 cathena
1268 4416 1331 4475 et
1374 4409 1440 4476 in
1484 4410 1681 4476 funda
1725 4411 2001 4495 Acchon,
2050 4417 2133 4494 et,
2181 4412 2236 4478 si
2281 4411 2394 4477 hos
2443 4411 2747 4478 bisantios
2792 4411 3024 4479 habere
3066 4430 3194 4478 non

320 4533 672 4601 possemus,
716 4514 871 4582 illud
920 4516 1313 4587 excambium
1364 4517 1444 4583 ad
1489 4517 1743 4583 domum
1788 4523 2157 4584 revertetur.
2711 4517 2910 4602 [1229
2957 4514 3188 4603 aprili]

537 4638 866 4690 Confirmacio
900 4638 1037 4704 regis
1062 4638 1279 4690 Conradi
1302 4639 1700 4691 lerosolimitani.
1764 4623 1921 4691 item
1953 4623 2283 4691 confirmat
2314 4623 2494 4690 nobis
2525 4644 2639 4690 rex
2672 4622 2997 4690 Conradus
3025 4622 3194 4690 filius

318 4727 723 4813 imperatoris
768 4726 1077 4796 Friderici
1123 4729 1367 4814 omnia,
1422 4750 1545 4814 que
1592 4730 1901 4797 dederunt
1942 4736 2010 4798 et
2053 4735 2496 4798 concesserunt
2539 4736 2604 4797 et
2649 4725 3194 4798 consentiverunt⁸

320 4833 503 4901 nobis
546 4839 731 4921 pater
775 4839 839 4902 et
874 4841 1077 4902 mater
1110 4835 1263 4918 eiua,
1312 4840 1377 4902 et
1421 4838 1653 4921 omnia,
1704 4858 1823 4922 que
1867 4837 2174 4904 habemus
2221 4843 2286 4904 et
2313 4837 2699 4904 habebamus
2729 4837 2797 4903 in
2827 4857 3024 4921 regno
3054 4836 3193 4904 Ihe-

320 4940 755 5008 rosolimitano
803 4943 936 5009 sive
982 4963 1021 5008 a
1064 4942 1431 5029 parentibus
1477 4945 1607 5010 suis
1654 4945 1787 5010 sive
1834 4943 1913 5010 ab
1961 4943 2120 5010 aliis.
2186 4941 2388 5026 [1243
2425 4945 2554 5010 dec.
2592 4965 2654 5030 p.
2676 4946 2757 5010 73
2790 4964 2850 5009 n.
2875 4943 3187 5028 93—97.]
