<?xml version="1.0" encoding="UTF-8"?>
<!DOCTYPE html PUBLIC "-//W3C//DTD XHTML 1.0 Transitional//EN"
    "http://www.w3.org/TR/xhtml1/DTD/xhtml1-transitional.dtd">
<html xmlns="http://www.w3.org/1999/xhtml" xml:lang="en" lang="en">
 <head>
  <title>
</title>
<meta http-equiv="Content-Type" content="text/html;charset=utf-8" />
  <meta name='ocr-system' content='tesseract 3.04.00' />
  <meta name='ocr-capabilities' content='ocr_page ocr_carea ocr_par ocr_line ocrx_word'/>
</head>
<body>
  <div class='ocr_page' id='page_1' title='image "./tabulaeordinist00stregoog_0324.png"; bbox 0 0 3892 5609; ppageno 0'>
   <div class='ocr_carea' id='block_1_1' title="bbox 717 273 2591 368">
    <p class='ocr_par' dir='ltr' id='par_1_1' title="bbox 717 273 2591 368">
     <span class='ocr_line' id='line_1_1' title="bbox 717 273 2591 368; baseline -0.008 0"><span class='ocrx_word' id='word_1_1' title='bbox 717 298 864 368; x_wconf 83' lang='lat'>308</span> <span class='ocrx_word' id='word_1_2' title='bbox 1159 273 1172 291; x_wconf 46' lang='lat'>⁸</span> <span class='ocrx_word' id='word_1_3' title='bbox 1222 286 1242 300; x_wconf 75' lang='grc'><strong>”</strong></span> <span class='ocrx_word' id='word_1_4' title='bbox 1685 306 2107 355; x_wconf 67' lang='lat' dir='ltr'>Pomm-rcum</span> <span class='ocrx_word' id='word_1_5' title='bbox 2152 306 2591 354; x_wconf 63' lang='lat' dir='ltr'>mummium</span> 
     </span>
    </p>
   </div>
   <div class='ocr_carea' id='block_1_2' title="bbox 709 462 3577 2032">
    <p class='ocr_par' dir='ltr' id='par_1_2' title="bbox 709 462 3577 1733">
     <span class='ocr_line' id='line_1_2' title="bbox 712 462 3572 567; baseline -0.002 -33"><span class='ocrx_word' id='word_1_6' title='bbox 712 472 967 534; x_wconf 84' lang='lat' dir='ltr'>sumunt</span> <span class='ocrx_word' id='word_1_7' title='bbox 1012 473 1094 551; x_wconf 90' lang='lat' dir='ltr'>et,</span> <span class='ocrx_word' id='word_1_8' title='bbox 1131 466 1195 567; x_wconf 63' lang='lat' dir='ltr'>si</span> <span class='ocrx_word' id='word_1_9' title='bbox 1239 485 1365 532; x_wconf 91' lang='lat' dir='ltr'>non</span> <span class='ocrx_word' id='word_1_10' title='bbox 1411 464 1716 550; x_wconf 81' lang='lat' dir='ltr'>dederint,</span> <span class='ocrx_word' id='word_1_11' title='bbox 1765 466 2058 533; x_wconf 88' lang='lat' dir='ltr'>auferunt</span> <span class='ocrx_word' id='word_1_12' title='bbox 2084 465 2391 533; x_wconf 88' lang='lat' dir='ltr'>violenter</span> <span class='ocrx_word' id='word_1_13' title='bbox 2421 470 2485 532; x_wconf 87' lang='lat' dir='ltr'>et</span> <span class='ocrx_word' id='word_1_14' title='bbox 2528 462 2851 532; x_wconf 89' lang='lat' dir='ltr'>ecclesiam</span> <span class='ocrx_word' id='word_1_15' title='bbox 2884 462 3257 531; x_wconf 77' lang='lat' dir='ltr'>orientalem</span> <span class='ocrx_word' id='word_1_16' title='bbox 3303 468 3370 529; x_wconf 88' lang='lat' dir='ltr'>et</span> <span class='ocrx_word' id='word_1_17' title='bbox 3412 482 3572 549; x_wconf 88' lang='lat' dir='ltr'>pau-</span> 
     </span>
     <span class='ocr_line' id='line_1_3' title="bbox 709 570 3571 669; baseline -0.002 -29"><span class='ocrx_word' id='word_1_18' title='bbox 709 596 892 662; x_wconf 87' lang='lat' dir='ltr'>peres</span> <span class='ocrx_word' id='word_1_19' title='bbox 937 573 1346 669; x_wconf 85' lang='lat' dir='ltr'>¹sepulchrum</span> <span class='ocrx_word' id='word_1_20' title='bbox 1392 573 1627 640; x_wconf 91' lang='lat' dir='ltr'>domini</span> <span class='ocrx_word' id='word_1_21' title='bbox 1695 573 2023 641; x_wconf 79' lang='lat' dir='ltr'>visitantes</span> <span class='ocrx_word' id='word_1_22' title='bbox 2085 572 2361 639; x_wconf 78' lang='lat' dir='ltr'>indebite</span> <span class='ocrx_word' id='word_1_23' title='bbox 2419 592 2532 658; x_wconf 89' lang='lat' dir='ltr'>pro</span> <span class='ocrx_word' id='word_1_24' title='bbox 2590 592 2821 655; x_wconf 89' lang='lat' dir='ltr'>magna</span> <span class='ocrx_word' id='word_1_25' title='bbox 2876 579 3056 658; x_wconf 88' lang='lat' dir='ltr'>parte</span> <span class='ocrx_word' id='word_1_26' title='bbox 3100 570 3571 637; x_wconf 75' lang='lat' dir='ltr'>sustentatione</span> 
     </span>
     <span class='ocr_line' id='line_1_4' title="bbox 711 676 3573 767; baseline -0.002 -21"><span class='ocrx_word' id='word_1_27' title='bbox 711 680 1114 765; x_wconf 77' lang='lat' dir='ltr'>defraudant,</span> <span class='ocrx_word' id='word_1_28' title='bbox 1173 701 1357 766; x_wconf 88' lang='lat' dir='ltr'>quam</span> <span class='ocrx_word' id='word_1_29' title='bbox 1413 681 1642 747; x_wconf 85' lang='lat' dir='ltr'>fratres</span> <span class='ocrx_word' id='word_1_30' title='bbox 1700 680 2028 767; x_wconf 89' lang='lat' dir='ltr'>hospitalis</span> <span class='ocrx_word' id='word_1_31' title='bbox 2082 680 2283 766; x_wconf 90' lang='lat' dir='ltr'>ipsius</span> <span class='ocrx_word' id='word_1_32' title='bbox 2339 678 2537 746; x_wconf 90' lang='lat' dir='ltr'>multo</span> <span class='ocrx_word' id='word_1_33' title='bbox 2594 680 2801 746; x_wconf 88' lang='lat' dir='ltr'>studio</span> <span class='ocrx_word' id='word_1_34' title='bbox 2858 684 2924 745; x_wconf 90' lang='lat' dir='ltr'>et</span> <span class='ocrx_word' id='word_1_35' title='bbox 2965 678 3180 745; x_wconf 87' lang='lat' dir='ltr'>labore</span> <span class='ocrx_word' id='word_1_36' title='bbox 3240 676 3573 763; x_wconf 80' lang='lat' dir='ltr'>acquirere</span> 
     </span>
     <span class='ocr_line' id='line_1_5' title="bbox 710 786 3575 873; baseline -0.002 -19"><span class='ocrx_word' id='word_1_37' title='bbox 710 788 1070 855; x_wconf 89' lang='lat' dir='ltr'>moliuntur.</span> <span class='ocrx_word' id='word_1_38' title='bbox 1136 787 1334 871; x_wconf 85' lang='lat' dir='ltr'>Unde,</span> <span class='ocrx_word' id='word_1_39' title='bbox 1382 788 1528 872; x_wconf 88' lang='lat' dir='ltr'>quia</span> <span class='ocrx_word' id='word_1_40' title='bbox 1573 807 1687 873; x_wconf 90' lang='lat' dir='ltr'>per</span> <span class='ocrx_word' id='word_1_41' title='bbox 1719 808 1829 854; x_wconf 91' lang='lat' dir='ltr'>vos</span> <span class='ocrx_word' id='word_1_42' title='bbox 1873 789 2000 854; x_wconf 85' lang='lat' dir='ltr'>ista</span> <span class='ocrx_word' id='word_1_43' title='bbox 2043 788 2334 854; x_wconf 90' lang='lat' dir='ltr'>convenit</span> <span class='ocrx_word' id='word_1_44' title='bbox 2378 786 2718 871; x_wconf 89' lang='lat' dir='ltr'>emendari,</span> <span class='ocrx_word' id='word_1_45' title='bbox 2765 786 3165 853; x_wconf 84' lang='lat' dir='ltr'>universitati</span> <span class='ocrx_word' id='word_1_46' title='bbox 3194 789 3411 851; x_wconf 79' lang='lat' dir='ltr'>vestre</span> <span class='ocrx_word' id='word_1_47' title='bbox 3454 802 3575 868; x_wconf 87' lang='lat' dir='ltr'>per</span> 
     </span>
     <span class='ocr_line' id='line_1_6' title="bbox 713 893 3573 983; baseline -0.003 -20"><span class='ocrx_word' id='word_1_48' title='bbox 713 897 1056 983; x_wconf 87' lang='lat' dir='ltr'>apostolica</span> <span class='ocrx_word' id='word_1_49' title='bbox 1100 896 1336 982; x_wconf 85' lang='lat' dir='ltr'>scripta</span> <span class='ocrx_word' id='word_1_50' title='bbox 1379 894 1769 978; x_wconf 88' lang='lat' dir='ltr'>mandamus,</span> <span class='ocrx_word' id='word_1_51' title='bbox 1818 895 2133 979; x_wconf 87' lang='lat' dir='ltr'>quatinus,</span> <span class='ocrx_word' id='word_1_52' title='bbox 2178 915 2258 960; x_wconf 93' lang='lat' dir='ltr'>ne</span> <span class='ocrx_word' id='word_1_53' title='bbox 2291 894 2569 980; x_wconf 84' lang='lat' dir='ltr'>predicte</span> <span class='ocrx_word' id='word_1_54' title='bbox 2604 914 2792 980; x_wconf 90' lang='lat' dir='ltr'>super</span> <span class='ocrx_word' id='word_1_55' title='bbox 2822 914 2927 961; x_wconf 87' lang='lat' dir='ltr'>eos</span> <span class='ocrx_word' id='word_1_56' title='bbox 2957 893 3222 960; x_wconf 88' lang='lat' dir='ltr'>ulterius</span> <span class='ocrx_word' id='word_1_57' title='bbox 3254 896 3325 958; x_wconf 87' lang='lat' dir='ltr'>et</span> <span class='ocrx_word' id='word_1_58' title='bbox 3350 910 3573 957; x_wconf 86' lang='lat' dir='ltr'>eornm</span> 
     </span>
     <span class='ocr_line' id='line_1_7' title="bbox 709 993 3577 1087; baseline -0.002 -19"><span class='ocrx_word' id='word_1_59' title='bbox 709 1003 994 1070; x_wconf 89' lang='lat' dir='ltr'>homines</span> <span class='ocrx_word' id='word_1_60' title='bbox 1050 1001 1206 1070; x_wconf 89' lang='lat' dir='ltr'>fiant</span> <span class='ocrx_word' id='word_1_61' title='bbox 1260 1004 1648 1087; x_wconf 83' lang='lat' dir='ltr'>exactioneS,</span> <span class='ocrx_word' id='word_1_62' title='bbox 1710 993 2055 1069; x_wconf 88' lang='lat' dir='ltr'>districtius</span> <span class='ocrx_word' id='word_1_63' title='bbox 2112 1002 2392 1068; x_wconf 90' lang='lat' dir='ltr'>inhibere</span> <span class='ocrx_word' id='word_1_64' title='bbox 2452 1000 2703 1068; x_wconf 76' lang='lat' dir='ltr'>curetis,</span> <span class='ocrx_word' id='word_1_65' title='bbox 2786 1000 2855 1067; x_wconf 88' lang='lat' dir='ltr'>Si</span> <span class='ocrx_word' id='word_1_66' title='bbox 2902 1002 3040 1086; x_wconf 88' lang='lat' dir='ltr'>quis</span> <span class='ocrx_word' id='word_1_67' title='bbox 3087 1004 3303 1067; x_wconf 89' lang='lat' dir='ltr'>autem</span> <span class='ocrx_word' id='word_1_68' title='bbox 3350 1002 3577 1064; x_wconf 71' lang='lat' dir='ltr'>contr-a</span> 
     </span>
     <span class='ocr_line' id='line_1_8' title="bbox 712 1104 3569 1196; baseline -0.002 -21"><span class='ocrx_word' id='word_1_69' title='bbox 712 1110 1151 1178; x_wconf 87' lang='lat' dir='ltr'>inhibitionem</span> <span class='ocrx_word' id='word_1_70' title='bbox 1197 1115 1477 1177; x_wconf 88' lang='lat' dir='ltr'>nostram</span> <span class='ocrx_word' id='word_1_71' title='bbox 1523 1110 1733 1177; x_wconf 88' lang='lat' dir='ltr'>venire</span> <span class='ocrx_word' id='word_1_72' title='bbox 1781 1110 2259 1196; x_wconf 85' lang='lat' dir='ltr'>presumpserit,</span> <span class='ocrx_word' id='word_1_73' title='bbox 2304 1130 2419 1195; x_wconf 89' lang='lat' dir='ltr'>per</span> <span class='ocrx_word' id='word_1_74' title='bbox 2450 1106 3113 1176; x_wconf 75' lang='lat' dir='ltr'>excommunicationis</span> <span class='ocrx_word' id='word_1_75' title='bbox 3144 1112 3209 1173; x_wconf 91' lang='lat' dir='ltr'>et</span> <span class='ocrx_word' id='word_1_76' title='bbox 3238 1104 3569 1173; x_wconf 79' lang='lat' dir='ltr'>interdicti</span> 
     </span>
     <span class='ocr_line' id='line_1_9' title="bbox 711 1215 3573 1285; baseline -0.002 -3"><span class='ocrx_word' id='word_1_77' title='bbox 711 1218 1055 1284; x_wconf 87' lang='lat' dir='ltr'>sententias</span> <span class='ocrx_word' id='word_1_78' title='bbox 1111 1238 1150 1284; x_wconf 90' lang='lat' dir='ltr'>a</span> <span class='ocrx_word' id='word_1_79' title='bbox 1205 1222 1381 1285; x_wconf 88' lang='lat' dir='ltr'>tanto</span> <span class='ocrx_word' id='word_1_80' title='bbox 1427 1238 1570 1285; x_wconf 91' lang='lat' dir='ltr'>eum</span> <span class='ocrx_word' id='word_1_81' title='bbox 1624 1218 1928 1284; x_wconf 86' lang='lat' dir='ltr'>revocetis</span> <span class='ocrx_word' id='word_1_82' title='bbox 1984 1236 2245 1284; x_wconf 84' lang='lat' dir='ltr'>excessu</span> <span class='ocrx_word' id='word_1_83' title='bbox 2290 1222 2353 1284; x_wconf 91' lang='lat' dir='ltr'>et</span> <span class='ocrx_word' id='word_1_84' title='bbox 2409 1216 2621 1283; x_wconf 88' lang='lat' dir='ltr'>taliter</span> <span class='ocrx_word' id='word_1_85' title='bbox 2666 1216 2747 1282; x_wconf 88' lang='lat' dir='ltr'>ad</span> <span class='ocrx_word' id='word_1_86' title='bbox 2791 1215 3291 1282; x_wconf 83' lang='lat' dir='ltr'>emendationem</span> <span class='ocrx_word' id='word_1_87' title='bbox 3352 1230 3573 1279; x_wconf 87' lang='lat' dir='ltr'>eorum</span> 
     </span>
     <span class='ocr_line' id='line_1_10' title="bbox 713 1322 3574 1410; baseline -0.002 -20"><span class='ocrx_word' id='word_1_88' title='bbox 713 1330 998 1410; x_wconf 87' lang='lat' dir='ltr'>suscepte</span> <span class='ocrx_word' id='word_1_89' title='bbox 1043 1324 1626 1391; x_wconf 83' lang='lat' dir='ltr'>amministrationis</span> <span class='ocrx_word' id='word_1_90' title='bbox 1657 1324 2002 1391; x_wconf 86' lang='lat' dir='ltr'>exerceatis</span> <span class='ocrx_word' id='word_1_91' title='bbox 2034 1323 2328 1409; x_wconf 89' lang='lat' dir='ltr'>officium,</span> <span class='ocrx_word' id='word_1_92' title='bbox 2374 1328 2445 1389; x_wconf 91' lang='lat' dir='ltr'>ut</span> <span class='ocrx_word' id='word_1_93' title='bbox 2474 1344 2623 1410; x_wconf 88' lang='lat' dir='ltr'>sepe</span> <span class='ocrx_word' id='word_1_94' title='bbox 2655 1324 2805 1389; x_wconf 89' lang='lat' dir='ltr'>dicti</span> <span class='ocrx_word' id='word_1_95' title='bbox 2834 1324 3061 1389; x_wconf 90' lang='lat' dir='ltr'>fratres</span> <span class='ocrx_word' id='word_1_96' title='bbox 3104 1341 3234 1387; x_wconf 88' lang='lat' dir='ltr'>non</span> <span class='ocrx_word' id='word_1_97' title='bbox 3263 1322 3574 1403; x_wconf 84' lang='lat' dir='ltr'>cogantur</span> 
     </span>
     <span class='ocr_line' id='line_1_11' title="bbox 711 1426 3573 1518; baseline -0.002 -21"><span class='ocrx_word' id='word_1_98' title='bbox 711 1431 958 1515; x_wconf 88' lang='lat' dir='ltr'>longius</span> <span class='ocrx_word' id='word_1_99' title='bbox 1014 1432 1294 1518; x_wconf 85' lang='lat' dir='ltr'>proferre</span> <span class='ocrx_word' id='word_1_100' title='bbox 1353 1432 1666 1518; x_wconf 88' lang='lat' dir='ltr'>querelam</span> <span class='ocrx_word' id='word_1_101' title='bbox 1716 1436 1780 1497; x_wconf 87' lang='lat' dir='ltr'>et</span> <span class='ocrx_word' id='word_1_102' title='bbox 1823 1451 1934 1498; x_wconf 87' lang='lat' dir='ltr'>vos</span> <span class='ocrx_word' id='word_1_103' title='bbox 1980 1432 2058 1499; x_wconf 90' lang='grc'>(10</span> <span class='ocrx_word' id='word_1_104' title='bbox 2102 1432 2369 1498; x_wconf 87' lang='lat' dir='ltr'>tuitione</span> <span class='ocrx_word' id='word_1_105' title='bbox 2414 1451 2760 1517; x_wconf 89' lang='lat' dir='ltr'>pauperum</span> <span class='ocrx_word' id='word_1_106' title='bbox 2806 1429 3043 1497; x_wconf 86' lang='lat' dir='ltr'>Christi</span> <span class='ocrx_word' id='word_1_107' title='bbox 3085 1426 3573 1497; x_wconf 86' lang='lat' dir='ltr'>retributionem</span> 
     </span>
     <span class='ocr_line' id='line_1_12' title="bbox 711 1532 3573 1625; baseline -0.002 -20"><span class='ocrx_word' id='word_1_108' title='bbox 711 1544 993 1605; x_wconf 87' lang='lat' dir='ltr'>eternam</span> <span class='ocrx_word' id='word_1_109' title='bbox 1022 1539 1089 1603; x_wconf 92' lang='lat' dir='ltr'>in</span> <span class='ocrx_word' id='word_1_110' title='bbox 1121 1543 1399 1605; x_wconf 85' lang='lat' dir='ltr'>extremo</span> <span class='ocrx_word' id='word_1_111' title='bbox 1433 1540 1718 1605; x_wconf 83' lang='lat' dir='ltr'>examine</span> <span class='ocrx_word' id='word_1_112' title='bbox 1748 1539 2026 1625; x_wconf 88' lang='lat' dir='ltr'>recipere</span> <span class='ocrx_word' id='word_1_113' title='bbox 2057 1538 2337 1606; x_wconf 87' lang='lat' dir='ltr'>valeatis.</span> <span class='ocrx_word' id='word_1_114' title='bbox 2406 1538 2643 1606; x_wconf 88' lang='lat' dir='ltr'>Datum</span> <span class='ocrx_word' id='word_1_115' title='bbox 2673 1536 2973 1605; x_wconf 84' lang='lat' dir='ltr'>Laterani</span> <span class='ocrx_word' id='word_1_116' title='bbox 3000 1536 3047 1603; x_wconf 88' lang='lat' dir='ltr'>ii</span> <span class='ocrx_word' id='word_1_117' title='bbox 3082 1556 3232 1603; x_wconf 88' lang='lat' dir='ltr'>non.</span> <span class='ocrx_word' id='word_1_118' title='bbox 3263 1532 3573 1602; x_wconf 86' lang='lat' dir='ltr'>februarii</span> 
     </span>
     <span class='ocr_line' id='line_1_13' title="bbox 711 1644 1847 1733; baseline 0 -22"><span class='ocrx_word' id='word_1_119' title='bbox 711 1644 1109 1731; x_wconf 87' lang='lat' dir='ltr'>pontificatus</span> <span class='ocrx_word' id='word_1_120' title='bbox 1155 1647 1354 1712; x_wconf 89' lang='lat' dir='ltr'>nostri</span> <span class='ocrx_word' id='word_1_121' title='bbox 1401 1666 1564 1713; x_wconf 90' lang='lat' dir='ltr'>anno</span> <span class='ocrx_word' id='word_1_122' title='bbox 1612 1646 1847 1733; x_wconf 89' lang='lat' dir='ltr'>quinto.</span> 
     </span>
    </p>

    <p class='ocr_par' dir='ltr' id='par_1_3' title="bbox 715 1780 3571 2032">
     <span class='ocr_line' id='line_1_14' title="bbox 925 1780 3563 1850; baseline -0.003 -12"><span class='ocrx_word' id='word_1_123' title='bbox 925 1787 1046 1838; x_wconf 88' lang='lat' dir='ltr'>Sine</span> <span class='ocrx_word' id='word_1_124' title='bbox 1081 1786 1228 1839; x_wconf 87' lang='lat' dir='ltr'>dato:</span> <span class='ocrx_word' id='word_1_125' title='bbox 1265 1787 1340 1850; x_wconf 91' lang='grc' dir='ltr'>Π,</span> <span class='ocrx_word' id='word_1_126' title='bbox 1365 1787 1436 1838; x_wconf 85' lang='lat'>94</span> <span class='ocrx_word' id='word_1_127' title='bbox 1470 1806 1520 1837; x_wconf 92' lang='lat' dir='ltr'>n.</span> <span class='ocrx_word' id='word_1_128' title='bbox 1543 1786 1608 1837; x_wconf 81' lang='lat'>17</span> <span class='ocrx_word' id='word_1_129' title='bbox 1619 1806 1635 1848; x_wconf 69' lang='grc' dir='ltr'>ς</span> <span class='ocrx_word' id='word_1_130' title='bbox 1671 1786 1734 1837; x_wconf 79' lang='grc' dir='ltr'>Α.</span> <span class='ocrx_word' id='word_1_131' title='bbox 1762 1786 1832 1837; x_wconf 87' lang='grc'>20</span> <span class='ocrx_word' id='word_1_132' title='bbox 1867 1804 1917 1837; x_wconf 91' lang='grc'>11.</span> <span class='ocrx_word' id='word_1_133' title='bbox 1939 1783 2004 1837; x_wconf 84' lang='grc'>17</span> <span class='ocrx_word' id='word_1_134' title='bbox 2040 1786 2221 1838; x_wconf 82' lang='lat' dir='ltr'>Latine</span> <span class='ocrx_word' id='word_1_135' title='bbox 2256 1796 2308 1838; x_wconf 90' lang='lat' dir='ltr'>et</span> <span class='ocrx_word' id='word_1_136' title='bbox 2333 1788 2629 1839; x_wconf 84' lang='lat' dir='ltr'>Germanice</span> <span class='ocrx_word' id='word_1_137' title='bbox 2652 1803 2765 1837; x_wconf 90' lang='lat' dir='ltr'>cum</span> <span class='ocrx_word' id='word_1_138' title='bbox 2788 1794 2935 1838; x_wconf 84' lang='lat' dir='ltr'>nota:</span> <span class='ocrx_word' id='word_1_139' title='bbox 2972 1784 3031 1837; x_wconf 87' lang='lat' dir='ltr'>In</span> <span class='ocrx_word' id='word_1_140' title='bbox 3056 1782 3393 1835; x_wconf 75' lang='lat' dir='ltr'>Confluentis..</span> <span class='ocrx_word' id='word_1_141' title='bbox 3415 1780 3482 1832; x_wconf 89' lang='lat' dir='ltr'>D.</span> <span class='ocrx_word' id='word_1_142' title='bbox 3506 1810 3563 1819; x_wconf 88' lang='lat'><strong>—</strong></span> 
     </span>
     <span class='ocr_line' id='line_1_15' title="bbox 717 1869 3569 1942; baseline -0.002 -15"><span class='ocrx_word' id='word_1_143' title='bbox 717 1876 838 1927; x_wconf 87' lang='lat' dir='ltr'>Cum</span> <span class='ocrx_word' id='word_1_144' title='bbox 875 1876 1018 1927; x_wconf 82' lang='lat' dir='ltr'>dato:</span> <span class='ocrx_word' id='word_1_145' title='bbox 1057 1874 1295 1926; x_wconf 80' lang='lat' dir='ltr'>Laterani</span> <span class='ocrx_word' id='word_1_146' title='bbox 1329 1876 1364 1925; x_wconf 91' lang='lat' dir='ltr'>ii</span> <span class='ocrx_word' id='word_1_147' title='bbox 1399 1892 1515 1927; x_wconf 91' lang='lat' dir='ltr'>non.</span> <span class='ocrx_word' id='word_1_148' title='bbox 1540 1875 1666 1927; x_wconf 82' lang='lat' dir='ltr'>febr.</span> <span class='ocrx_word' id='word_1_149' title='bbox 1704 1893 1754 1942; x_wconf 88' lang='lat' dir='ltr'>p.</span> <span class='ocrx_word' id='word_1_150' title='bbox 1779 1893 1831 1927; x_wconf 92' lang='lat' dir='ltr'>n.</span> <span class='ocrx_word' id='word_1_151' title='bbox 1857 1893 1903 1926; x_wconf 82' lang='lat' dir='ltr'>a.</span> <span class='ocrx_word' id='word_1_152' title='bbox 1927 1877 1979 1926; x_wconf 88' lang='lat'>5.</span> <span class='ocrx_word' id='word_1_153' title='bbox 2033 1876 2109 1925; x_wconf 80' lang='lat' dir='ltr'>Ex</span> <span class='ocrx_word' id='word_1_154' title='bbox 2134 1875 2363 1941; x_wconf 79' lang='lat' dir='ltr'>originali</span> <span class='ocrx_word' id='word_1_155' title='bbox 2392 1876 2580 1927; x_wconf 80' lang='lat' dir='ltr'>archivi</span> <span class='ocrx_word' id='word_1_156' title='bbox 2612 1874 2799 1926; x_wconf 78' lang='lat' dir='ltr'>ordinis</span> <span class='ocrx_word' id='word_1_157' title='bbox 2824 1873 3117 1925; x_wconf 80' lang='lat' dir='ltr'>&#39;l&#39;heutonici</span> <span class='ocrx_word' id='word_1_158' title='bbox 3146 1869 3569 1930; x_wconf 73' lang='lat' dir='ltr'>vindobonensis,</span> 
     </span>
     <span class='ocr_line' id='line_1_16' title="bbox 715 1958 3571 2032; baseline -0.003 -16"><span class='ocrx_word' id='word_1_159' title='bbox 715 1966 849 2031; x_wconf 85' lang='lat' dir='ltr'>quod</span> <span class='ocrx_word' id='word_1_160' title='bbox 885 1965 1136 2031; x_wconf 85' lang='lat' dir='ltr'>quondam</span> <span class='ocrx_word' id='word_1_161' title='bbox 1162 1964 1502 2015; x_wconf 84' lang='lat' dir='ltr'>Confluentiae</span> <span class='ocrx_word' id='word_1_162' title='bbox 1533 1964 1643 2027; x_wconf 82' lang='lat' dir='ltr'>fuit,</span> <span class='ocrx_word' id='word_1_163' title='bbox 1681 1980 1790 2015; x_wconf 87' lang='lat' dir='ltr'>cum</span> <span class='ocrx_word' id='word_1_164' title='bbox 1825 1963 1965 2015; x_wconf 85' lang='lat' dir='ltr'>bulla</span> <span class='ocrx_word' id='word_1_165' title='bbox 1999 1964 2050 2014; x_wconf 92' lang='lat' dir='ltr'>in</span> <span class='ocrx_word' id='word_1_166' title='bbox 2086 1963 2183 2015; x_wconf 83' lang='lat' dir='ltr'>filis</span> <span class='ocrx_word' id='word_1_167' title='bbox 2220 1965 2421 2016; x_wconf 81' lang='lat' dir='ltr'>sericeis</span> <span class='ocrx_word' id='word_1_168' title='bbox 2446 1964 2784 2032; x_wconf 84' lang='lat' dir='ltr'>appendente,</span> <span class='ocrx_word' id='word_1_169' title='bbox 2821 1962 2981 2014; x_wconf 84' lang='lat' dir='ltr'>edidit</span> <span class='ocrx_word' id='word_1_170' title='bbox 3000 1962 3209 2013; x_wconf 80' lang='lat' dir='ltr'>Hennes</span> <span class='ocrx_word' id='word_1_171' title='bbox 3234 1961 3277 2027; x_wconf 92' lang='lat'>1,</span> <span class='ocrx_word' id='word_1_172' title='bbox 3303 1960 3377 2011; x_wconf 80' lang='lat'>56</span> <span class='ocrx_word' id='word_1_173' title='bbox 3412 1977 3464 2010; x_wconf 86' lang='grc' dir='ltr'>ιι.</span> <span class='ocrx_word' id='word_1_174' title='bbox 3486 1958 3571 2009; x_wconf 80' lang='grc'>52.</span> 
     </span>
    </p>
   </div>
   <div class='ocr_carea' id='block_1_3' title="bbox 712 2046 3573 2209">
    <p class='ocr_par' dir='ltr' id='par_1_4' title="bbox 712 2046 3573 2209">
     <span class='ocr_line' id='line_1_17' title="bbox 713 2046 3573 2121; baseline -0.002 -17"><span class='ocrx_word' id='word_1_175' title='bbox 713 2055 776 2105; x_wconf 83' lang='lat' dir='ltr'>A.</span> <span class='ocrx_word' id='word_1_176' title='bbox 800 2054 866 2107; x_wconf 89' lang='grc'>16</span> <span class='ocrx_word' id='word_1_177' title='bbox 901 2072 952 2121; x_wconf 89' lang='lat' dir='ltr'>p.</span> <span class='ocrx_word' id='word_1_178' title='bbox 978 2054 1047 2105; x_wconf 82' lang='lat'>74</span> <span class='ocrx_word' id='word_1_179' title='bbox 1089 2053 1372 2118; x_wconf 61' lang='grc' dir='ltr'>ἦ(30101110“.</span> <span class='ocrx_word' id='word_1_180' title='bbox 1437 2053 1498 2103; x_wconf 83' lang='grc'>111</span> <span class='ocrx_word' id='word_1_181' title='bbox 1535 2052 1734 2104; x_wconf 85' lang='lat' dir='ltr'>archivo</span> <span class='ocrx_word' id='word_1_182' title='bbox 1766 2052 2146 2105; x_wconf 85' lang='lat' dir='ltr'>Vindobonensi</span> <span class='ocrx_word' id='word_1_183' title='bbox 2188 2053 2339 2104; x_wconf 89' lang='lat' dir='ltr'>etiam</span> <span class='ocrx_word' id='word_1_184' title='bbox 2384 2062 2737 2105; x_wconf 86' lang='lat' dir='ltr'>transsumtum</span> <span class='ocrx_word' id='word_1_185' title='bbox 2778 2068 2869 2119; x_wconf 88' lang='lat' dir='ltr'>per</span> <span class='ocrx_word' id='word_1_186' title='bbox 2906 2050 3117 2103; x_wconf 81' lang='lat' dir='ltr'>Baldum</span> <span class='ocrx_word' id='word_1_187' title='bbox 3154 2058 3259 2101; x_wconf 86' lang='lat' dir='ltr'>not.</span> <span class='ocrx_word' id='word_1_188' title='bbox 3294 2049 3419 2115; x_wconf 84' lang='lat' dir='ltr'>imp.</span> <span class='ocrx_word' id='word_1_189' title='bbox 3444 2047 3497 2099; x_wconf 81' lang='lat' dir='ltr'>d.</span> <span class='ocrx_word' id='word_1_190' title='bbox 3523 2046 3573 2097; x_wconf 87' lang='lat' dir='ltr'>d.</span> 
     </span>
     <span class='ocr_line' id='line_1_18' title="bbox 712 2141 2185 2209; baseline 0 -16"><span class='ocrx_word' id='word_1_191' title='bbox 712 2142 940 2194; x_wconf 78' lang='lat' dir='ltr'>Trideuti</span> <span class='ocrx_word' id='word_1_192' title='bbox 975 2143 1028 2193; x_wconf 90' lang='lat' dir='ltr'>in</span> <span class='ocrx_word' id='word_1_193' title='bbox 1064 2142 1252 2208; x_wconf 84' lang='lat' dir='ltr'>palatio</span> <span class='ocrx_word' id='word_1_194' title='bbox 1289 2141 1562 2209; x_wconf 81' lang='lat' dir='ltr'>episcopali</span> <span class='ocrx_word' id='word_1_195' title='bbox 1602 2141 1740 2192; x_wconf 84' lang='lat'>1244</span> <span class='ocrx_word' id='word_1_196' title='bbox 1775 2159 1890 2208; x_wconf 76' lang='lat' dir='ltr'>aug.</span> <span class='ocrx_word' id='word_1_197' title='bbox 1916 2142 1951 2192; x_wconf 88' lang='grc'><strong>2</strong></span> <span class='ocrx_word' id='word_1_198' title='bbox 1986 2142 2185 2193; x_wconf 85' lang='lat' dir='ltr'>factum.</span> 
     </span>
    </p>
   </div>
   <div class='ocr_carea' id='block_1_4' title="bbox 719 2496 3573 2696">
    <p class='ocr_par' dir='ltr' id='par_1_5' title="bbox 719 2496 3573 2696">
     <span class='ocr_line' id='line_1_19' title="bbox 719 2496 3573 2585; baseline -0.003 -15"><span class='ocrx_word' id='word_1_199' title='bbox 719 2498 894 2570; x_wconf 84' lang='lat'>346.</span> <span class='ocrx_word' id='word_1_200' title='bbox 935 2500 1108 2566; x_wconf 84' lang='lat'><em>1221</em></span> <span class='ocrx_word' id='word_1_201' title='bbox 1137 2500 1469 2585; x_wconf 72' lang='lat' dir='ltr'>februarii</span> <span class='ocrx_word' id='word_1_202' title='bbox 1510 2501 1554 2566; x_wconf 90' lang='lat'><em>5</em></span> <span class='ocrx_word' id='word_1_203' title='bbox 1598 2500 1906 2565; x_wconf 77' lang='lat' dir='ltr'>Laterani</span> <span class='ocrx_word' id='word_1_204' title='bbox 1954 2498 2279 2566; x_wconf 56' lang='lat' dir='ltr'>Homnae</span> <span class='ocrx_word' id='word_1_205' title='bbox 2325 2498 2449 2563; x_wconf 92' lang='lat' dir='ltr'>III</span> <span class='ocrx_word' id='word_1_206' title='bbox 2492 2498 2755 2565; x_wconf 79' lang='lat' dir='ltr'>mandat</span> <span class='ocrx_word' id='word_1_207' title='bbox 2795 2496 3139 2585; x_wconf 74' lang='lat' dir='ltr'>praelatis,</span> <span class='ocrx_word' id='word_1_208' title='bbox 3199 2509 3271 2562; x_wconf 76' lang='lat' dir='ltr'>ut</span> <span class='ocrx_word' id='word_1_209' title='bbox 3326 2498 3573 2562; x_wconf 70' lang='lat' dir='ltr'>ordinis</span> 
     </span>
     <span class='ocr_line' id='line_1_20' title="bbox 944 2606 3415 2696; baseline -0.002 -23"><span class='ocrx_word' id='word_1_210' title='bbox 944 2606 1310 2678; x_wconf 73' lang='lat' dir='ltr'>Theutonici</span> <span class='ocrx_word' id='word_1_211' title='bbox 1347 2609 1686 2695; x_wconf 70' lang='lat' dir='ltr'>pm&#39;vileyia</span> <span class='ocrx_word' id='word_1_212' title='bbox 1729 2609 2058 2696; x_wconf 73' lang='lat' dir='ltr'>diliyenter</span> <span class='ocrx_word' id='word_1_213' title='bbox 2096 2608 2371 2695; x_wconf 78' lang='lat' dir='ltr'>perlecta</span> <span class='ocrx_word' id='word_1_214' title='bbox 2416 2618 2703 2671; x_wconf 77' lang='lat' dir='ltr'>accurate</span> <span class='ocrx_word' id='word_1_215' title='bbox 2748 2606 3133 2670; x_wconf 77' lang='lat' dir='ltr'>observanda</span> <span class='ocrx_word' id='word_1_216' title='bbox 3176 2616 3415 2669; x_wconf 75' lang='lat' dir='ltr'>curent.</span> 
     </span>
    </p>
   </div>
   <div class='ocr_carea' id='block_1_5' title="bbox 715 2743 3577 4653">
    <p class='ocr_par' dir='ltr' id='par_1_6' title="bbox 715 2743 3577 4444">
     <span class='ocr_line' id='line_1_21' title="bbox 937 2743 3577 2835; baseline -0.002 -20"><span class='ocrx_word' id='word_1_217' title='bbox 937 2748 1252 2815; x_wconf 91' lang='lat' dir='ltr'>Honorius</span> <span class='ocrx_word' id='word_1_218' title='bbox 1311 2748 1639 2835; x_wconf 87' lang='lat' dir='ltr'>episcopus</span> <span class='ocrx_word' id='word_1_219' title='bbox 1685 2770 1902 2815; x_wconf 89' lang='lat' dir='ltr'>servus</span> <span class='ocrx_word' id='word_1_220' title='bbox 1962 2769 2283 2816; x_wconf 88' lang='lat' dir='ltr'>servorum</span> <span class='ocrx_word' id='word_1_221' title='bbox 2339 2746 2441 2813; x_wconf 91' lang='lat' dir='ltr'>dei</span> <span class='ocrx_word' id='word_1_222' title='bbox 2497 2744 2956 2813; x_wconf 85' lang='lat' dir='ltr'>venerabilibus</span> <span class='ocrx_word' id='word_1_223' title='bbox 3014 2743 3313 2812; x_wconf 78' lang='lat' dir='ltr'>fratribus</span> <span class='ocrx_word' id='word_1_224' title='bbox 3364 2744 3577 2811; x_wconf 85' lang='lat' dir='ltr'>archi-</span> 
     </span>
     <span class='ocr_line' id='line_1_22' title="bbox 725 2852 3573 2942; baseline -0.002 -19"><span class='ocrx_word' id='word_1_225' title='bbox 725 2856 1036 2942; x_wconf 81' lang='lat' dir='ltr'>episcopis</span> <span class='ocrx_word' id='word_1_226' title='bbox 1085 2860 1148 2921; x_wconf 87' lang='lat' dir='ltr'>et</span> <span class='ocrx_word' id='word_1_227' title='bbox 1191 2856 1502 2942; x_wconf 88' lang='lat' dir='ltr'>episcopis</span> <span class='ocrx_word' id='word_1_228' title='bbox 1547 2862 1611 2922; x_wconf 88' lang='lat' dir='ltr'>et</span> <span class='ocrx_word' id='word_1_229' title='bbox 1654 2857 1898 2924; x_wconf 84' lang='lat' dir='ltr'>dilectis</span> <span class='ocrx_word' id='word_1_230' title='bbox 1942 2856 2089 2923; x_wconf 89' lang='lat' dir='ltr'>filiis</span> <span class='ocrx_word' id='word_1_231' title='bbox 2136 2856 2463 2923; x_wconf 86' lang='lat' dir='ltr'>abbatibus</span> <span class='ocrx_word' id='word_1_232' title='bbox 2509 2860 2573 2921; x_wconf 87' lang='lat' dir='ltr'>et</span> <span class='ocrx_word' id='word_1_233' title='bbox 2626 2854 2767 2919; x_wconf 88' lang='lat' dir='ltr'>aliis</span> <span class='ocrx_word' id='word_1_234' title='bbox 2828 2852 3229 2920; x_wconf 88' lang='lat' dir='ltr'>ecclesiarum</span> <span class='ocrx_word' id='word_1_235' title='bbox 3285 2852 3573 2939; x_wconf 87' lang='lat' dir='ltr'>prelatis,</span> 
     </span>
     <span class='ocr_line' id='line_1_23' title="bbox 717 2956 3575 3049; baseline -0.001 -21"><span class='ocrx_word' id='word_1_236' title='bbox 717 2963 796 3028; x_wconf 87' lang='lat' dir='ltr'>ad</span> <span class='ocrx_word' id='word_1_237' title='bbox 842 2982 996 3047; x_wconf 91' lang='lat' dir='ltr'>quos</span> <span class='ocrx_word' id='word_1_238' title='bbox 1041 2962 1250 3029; x_wconf 88' lang='lat' dir='ltr'>littere</span> <span class='ocrx_word' id='word_1_239' title='bbox 1279 2962 1398 3028; x_wconf 88' lang='lat' dir='ltr'>iste</span> <span class='ocrx_word' id='word_1_240' title='bbox 1429 2965 1848 3049; x_wconf 85' lang='lat' dir='ltr'>pervenerint,</span> <span class='ocrx_word' id='word_1_241' title='bbox 1895 2964 2162 3031; x_wconf 88' lang='lat' dir='ltr'>salutem</span> <span class='ocrx_word' id='word_1_242' title='bbox 2194 2968 2257 3029; x_wconf 90' lang='lat' dir='ltr'>et</span> <span class='ocrx_word' id='word_1_243' title='bbox 2290 2962 2697 3049; x_wconf 87' lang='lat' dir='ltr'>apostolicam</span> <span class='ocrx_word' id='word_1_244' title='bbox 2728 2961 3221 3029; x_wconf 88' lang='lat' dir='ltr'>benedictionem</span> <span class='ocrx_word' id='word_1_245' title='bbox 3236 2956 3273 3025; x_wconf 83' lang='lat'>¹.</span> <span class='ocrx_word' id='word_1_246' title='bbox 3451 2961 3575 3025; x_wconf 85' lang='lat' dir='ltr'>At-</span> 
     </span>
     <span class='ocr_line' id='line_1_24' title="bbox 715 3066 3574 3157; baseline -0.001 -22"><span class='ocrx_word' id='word_1_247' title='bbox 715 3068 1074 3153; x_wconf 77' lang='lat' dir='ltr'>tendenteS,</span> <span class='ocrx_word' id='word_1_248' title='bbox 1133 3090 1320 3155; x_wconf 89' lang='lat' dir='ltr'>quam</span> <span class='ocrx_word' id='word_1_249' title='bbox 1378 3069 1598 3137; x_wconf 85' lang='lat' dir='ltr'>devote</span> <span class='ocrx_word' id='word_1_250' title='bbox 1655 3071 1867 3138; x_wconf 90' lang='lat' dir='ltr'>dilecti</span> <span class='ocrx_word' id='word_1_251' title='bbox 1921 3071 2037 3137; x_wconf 88' lang='lat' dir='ltr'>filii</span> <span class='ocrx_word' id='word_1_252' title='bbox 2091 3072 2324 3139; x_wconf 85' lang='lat' dir='ltr'>fratres</span> <span class='ocrx_word' id='word_1_253' title='bbox 2382 3069 2715 3157; x_wconf 87' lang='lat' dir='ltr'>hospitalis</span> <span class='ocrx_word' id='word_1_254' title='bbox 2780 3075 2993 3135; x_wconf 88' lang='lat' dir='ltr'>sancte</span> <span class='ocrx_word' id='word_1_255' title='bbox 3046 3066 3247 3134; x_wconf 80' lang='lat' dir='ltr'>Maris</span> <span class='ocrx_word' id='word_1_256' title='bbox 3301 3067 3574 3135; x_wconf 90' lang='lat' dir='ltr'>Theoto—</span> 
     </span>
     <span class='ocr_line' id='line_1_25' title="bbox 715 3175 3573 3265; baseline -0 -23"><span class='ocrx_word' id='word_1_257' title='bbox 715 3178 998 3243; x_wconf 90' lang='lat' dir='ltr'>nicorum</span> <span class='ocrx_word' id='word_1_258' title='bbox 1041 3175 1522 3243; x_wconf 88' lang='lat' dir='ltr'>Ierosolimitani</span> <span class='ocrx_word' id='word_1_259' title='bbox 1568 3176 1818 3244; x_wconf 89' lang='lat' dir='ltr'>domino</span> <span class='ocrx_word' id='word_1_260' title='bbox 1864 3179 2215 3265; x_wconf 89' lang='lat' dir='ltr'>inspirante</span> <span class='ocrx_word' id='word_1_261' title='bbox 2257 3178 2589 3245; x_wconf 87' lang='lat' dir='ltr'>intendant</span> <span class='ocrx_word' id='word_1_262' title='bbox 2630 3175 2922 3263; x_wconf 89' lang='lat' dir='ltr'>operibus</span> <span class='ocrx_word' id='word_1_263' title='bbox 2972 3176 3227 3262; x_wconf 86' lang='lat' dir='ltr'>pietatis</span> <span class='ocrx_word' id='word_1_264' title='bbox 3272 3180 3339 3242; x_wconf 89' lang='lat' dir='ltr'>et</span> <span class='ocrx_word' id='word_1_265' title='bbox 3380 3196 3573 3260; x_wconf 89' lang='lat' dir='ltr'>quam</span> 
     </span>
     <span class='ocr_line' id='line_1_26' title="bbox 715 3281 3575 3372; baseline -0.001 -22"><span class='ocrx_word' id='word_1_266' title='bbox 715 3284 1032 3351; x_wconf 84' lang='lat' dir='ltr'>ferventer</span> <span class='ocrx_word' id='word_1_267' title='bbox 1089 3304 1156 3350; x_wconf 93' lang='lat' dir='ltr'>se</span> <span class='ocrx_word' id='word_1_268' title='bbox 1213 3289 1277 3349; x_wconf 90' lang='lat' dir='ltr'>et</span> <span class='ocrx_word' id='word_1_269' title='bbox 1333 3304 1448 3350; x_wconf 88' lang='lat' dir='ltr'>sua</span> <span class='ocrx_word' id='word_1_270' title='bbox 1489 3281 1918 3351; x_wconf 72' lang='lat' dir='ltr'>infirmorum⁸</span> <span class='ocrx_word' id='word_1_271' title='bbox 1985 3306 2333 3372; x_wconf 90' lang='lat' dir='ltr'>pauperum</span> <span class='ocrx_word' id='word_1_272' title='bbox 2402 3284 2783 3370; x_wconf 90' lang='lat' dir='ltr'>susceptioni</span> <span class='ocrx_word' id='word_1_273' title='bbox 2840 3288 2903 3349; x_wconf 90' lang='lat' dir='ltr'>et</span> <span class='ocrx_word' id='word_1_274' title='bbox 2958 3282 3397 3349; x_wconf 86' lang='lat' dir='ltr'>sustentationi</span> <span class='ocrx_word' id='word_1_275' title='bbox 3462 3302 3575 3349; x_wconf 83' lang='lat' dir='ltr'>ex-</span> 
     </span>
     <span class='ocr_line' id='line_1_27' title="bbox 715 3370 3575 3479; baseline -0.001 -22"><span class='ocrx_word' id='word_1_276' title='bbox 715 3395 975 3477; x_wconf 90' lang='lat' dir='ltr'>ponant,</span> <span class='ocrx_word' id='word_1_277' title='bbox 1041 3396 1306 3477; x_wconf 87' lang='lat' dir='ltr'>paterna</span> <span class='ocrx_word' id='word_1_278' title='bbox 1351 3410 1456 3456; x_wconf 89' lang='lat' dir='ltr'>eos</span> <span class='ocrx_word' id='word_1_279' title='bbox 1502 3389 1827 3459; x_wconf 86' lang='lat' dir='ltr'>affectione</span> <span class='ocrx_word' id='word_1_280' title='bbox 1873 3392 2191 3477; x_wconf 82' lang='lat' dir='ltr'>diligimus</span> <span class='ocrx_word' id='word_1_281' title='bbox 2238 3398 2302 3459; x_wconf 92' lang='lat' dir='ltr'>et</span> <span class='ocrx_word' id='word_1_282' title='bbox 2345 3392 2706 3479; x_wconf 76' lang='lat' dir='ltr'>peticioneS,</span> <span class='ocrx_word' id='word_1_283' title='bbox 2729 3370 2821 3457; x_wconf 71' lang='lat' dir='ltr'>&#39;in</span> <span class='ocrx_word' id='word_1_284' title='bbox 2865 3391 3089 3476; x_wconf 90' lang='lat' dir='ltr'>quibus</span> <span class='ocrx_word' id='word_1_285' title='bbox 3132 3410 3277 3455; x_wconf 89' lang='lat' dir='ltr'>cum</span> <span class='ocrx_word' id='word_1_286' title='bbox 3318 3389 3575 3455; x_wconf 83' lang='lat' dir='ltr'>iusticia</span> 
     </span>
     <span class='ocr_line' id='line_1_28' title="bbox 715 3498 3571 3586; baseline -0 -22"><span class='ocrx_word' id='word_1_287' title='bbox 715 3518 1069 3585; x_wconf 89' lang='lat' dir='ltr'>possumus,</span> <span class='ocrx_word' id='word_1_288' title='bbox 1116 3498 1456 3566; x_wconf 88' lang='lat' dir='ltr'>clementer</span> <span class='ocrx_word' id='word_1_289' title='bbox 1503 3498 1892 3565; x_wconf 88' lang='lat' dir='ltr'>admittimus</span> <span class='ocrx_word' id='word_1_290' title='bbox 1941 3506 2005 3566; x_wconf 91' lang='lat' dir='ltr'>et</span> <span class='ocrx_word' id='word_1_291' title='bbox 2046 3500 2427 3586; x_wconf 85' lang='lat' dir='ltr'>profectibus</span> <span class='ocrx_word' id='word_1_292' title='bbox 2471 3500 2753 3585; x_wconf 89' lang='lat' dir='ltr'>ipsorum</span> <span class='ocrx_word' id='word_1_293' title='bbox 2798 3504 2863 3566; x_wconf 89' lang='lat' dir='ltr'>et</span> <span class='ocrx_word' id='word_1_294' title='bbox 2906 3498 3249 3565; x_wconf 87' lang='lat' dir='ltr'>commodis</span> <span class='ocrx_word' id='word_1_295' title='bbox 3300 3518 3415 3584; x_wconf 92' lang='lat' dir='ltr'>per</span> <span class='ocrx_word' id='word_1_296' title='bbox 3461 3517 3571 3563; x_wconf 87' lang='lat' dir='ltr'>vos</span> 
     </span>
     <span class='ocr_line' id='line_1_29' title="bbox 720 3604 3571 3692; baseline -0 -21"><span class='ocrx_word' id='word_1_297' title='bbox 720 3612 783 3671; x_wconf 89' lang='lat' dir='ltr'>et</span> <span class='ocrx_word' id='word_1_298' title='bbox 841 3626 955 3691; x_wconf 89' lang='lat' dir='ltr'>per</span> <span class='ocrx_word' id='word_1_299' title='bbox 1015 3604 1171 3671; x_wconf 86' lang='lat' dir='ltr'>alios</span> <span class='ocrx_word' id='word_1_300' title='bbox 1233 3604 1566 3672; x_wconf 88' lang='lat' dir='ltr'>efficaciter</span> <span class='ocrx_word' id='word_1_301' title='bbox 1622 3606 1918 3673; x_wconf 89' lang='lat' dir='ltr'>debemus</span> <span class='ocrx_word' id='word_1_302' title='bbox 1978 3613 2040 3674; x_wconf 88' lang='lat' dir='ltr'>et</span> <span class='ocrx_word' id='word_1_303' title='bbox 2084 3606 2370 3674; x_wconf 89' lang='lat' dir='ltr'>volumus</span> <span class='ocrx_word' id='word_1_304' title='bbox 2424 3606 2771 3673; x_wconf 87' lang='lat' dir='ltr'>imminere.</span> <span class='ocrx_word' id='word_1_305' title='bbox 2859 3604 3217 3692; x_wconf 86' lang='lat' dir='ltr'>Eapropter</span> <span class='ocrx_word' id='word_1_306' title='bbox 3260 3604 3571 3671; x_wconf 85' lang='lat' dir='ltr'>universi-</span> 
     </span>
     <span class='ocr_line' id='line_1_30' title="bbox 717 3711 3571 3800; baseline 0 -23"><span class='ocrx_word' id='word_1_307' title='bbox 717 3713 837 3778; x_wconf 87' lang='lat' dir='ltr'>tati</span> <span class='ocrx_word' id='word_1_308' title='bbox 880 3717 1087 3779; x_wconf 88' lang='lat' dir='ltr'>vestre</span> <span class='ocrx_word' id='word_1_309' title='bbox 1134 3734 1250 3800; x_wconf 90' lang='lat' dir='ltr'>per</span> <span class='ocrx_word' id='word_1_310' title='bbox 1294 3712 1638 3799; x_wconf 87' lang='lat' dir='ltr'>apostolica</span> <span class='ocrx_word' id='word_1_311' title='bbox 1683 3713 1920 3799; x_wconf 88' lang='lat' dir='ltr'>scripta</span> <span class='ocrx_word' id='word_1_312' title='bbox 1962 3713 2333 3781; x_wconf 88' lang='lat' dir='ltr'>mandamus</span> <span class='ocrx_word' id='word_1_313' title='bbox 2380 3719 2567 3800; x_wconf 89' lang='lat' dir='ltr'>atque</span> <span class='ocrx_word' id='word_1_314' title='bbox 2610 3712 3016 3800; x_wconf 88' lang='lat' dir='ltr'>precipimus,</span> <span class='ocrx_word' id='word_1_315' title='bbox 3076 3716 3384 3797; x_wconf 85' lang='lat' dir='ltr'>quatenus</span> <span class='ocrx_word' id='word_1_316' title='bbox 3443 3711 3571 3797; x_wconf 87' lang='lat' dir='ltr'>pri-</span> 
     </span>
     <span class='ocr_line' id='line_1_31' title="bbox 719 3818 3575 3908; baseline -0 -23"><span class='ocrx_word' id='word_1_317' title='bbox 719 3819 978 3903; x_wconf 83' lang='lat' dir='ltr'>vilegia,</span> <span class='ocrx_word' id='word_1_318' title='bbox 1040 3840 1158 3904; x_wconf 90' lang='lat' dir='ltr'>que</span> <span class='ocrx_word' id='word_1_319' title='bbox 1211 3820 1511 3887; x_wconf 79' lang='lat' dir='ltr'>fratribus</span> <span class='ocrx_word' id='word_1_320' title='bbox 1564 3820 1722 3907; x_wconf 91' lang='lat' dir='ltr'>ipsis</span> <span class='ocrx_word' id='word_1_321' title='bbox 1777 3821 2013 3887; x_wconf 89' lang='lat' dir='ltr'>intuitu</span> <span class='ocrx_word' id='word_1_322' title='bbox 2065 3822 2321 3908; x_wconf 88' lang='lat' dir='ltr'>pietatis</span> <span class='ocrx_word' id='word_1_323' title='bbox 2380 3821 2785 3904; x_wconf 88' lang='lat' dir='ltr'>indulsimus,</span> <span class='ocrx_word' id='word_1_324' title='bbox 2846 3839 2987 3886; x_wconf 88' lang='lat' dir='ltr'>cum</span> <span class='ocrx_word' id='word_1_325' title='bbox 3055 3819 3233 3885; x_wconf 85' lang='lat' dir='ltr'>vobis</span> <span class='ocrx_word' id='word_1_326' title='bbox 3291 3818 3575 3885; x_wconf 84' lang='lat' dir='ltr'>exhibita</span> 
     </span>
     <span class='ocr_line' id='line_1_32' title="bbox 717 3926 3571 4015; baseline 0 -24"><span class='ocrx_word' id='word_1_327' title='bbox 717 3926 970 4010; x_wconf 84' lang='lat' dir='ltr'>fuerint,</span> <span class='ocrx_word' id='word_1_328' title='bbox 1019 3926 1350 4011; x_wconf 89' lang='lat' dir='ltr'>diligenter</span> <span class='ocrx_word' id='word_1_329' title='bbox 1391 3927 1648 4011; x_wconf 85' lang='lat' dir='ltr'>legatis,</span> <span class='ocrx_word' id='word_1_330' title='bbox 1693 3928 1961 3995; x_wconf 87' lang='lat' dir='ltr'>fideliter</span> <span class='ocrx_word' id='word_1_331' title='bbox 2007 3930 2337 4015; x_wconf 80' lang='lat' dir='ltr'>exponatis</span> <span class='ocrx_word' id='word_1_332' title='bbox 2399 3935 2463 3995; x_wconf 90' lang='lat' dir='ltr'>et</span> <span class='ocrx_word' id='word_1_333' title='bbox 2503 3926 2949 3994; x_wconf 80' lang='lat' dir='ltr'>inviolabiliter</span> <span class='ocrx_word' id='word_1_334' title='bbox 2998 3930 3237 3992; x_wconf 89' lang='lat' dir='ltr'>remoto</span> <span class='ocrx_word' id='word_1_335' title='bbox 3292 3926 3571 4014; x_wconf 89' lang='lat' dir='ltr'>appella·</span> 
     </span>
     <span class='ocr_line' id='line_1_33' title="bbox 721 4032 3571 4124; baseline 0 -25"><span class='ocrx_word' id='word_1_336' title='bbox 721 4034 908 4101; x_wconf 88' lang='lat' dir='ltr'>tionis</span> <span class='ocrx_word' id='word_1_337' title='bbox 954 4032 1210 4118; x_wconf 82' lang='lat' dir='ltr'>diffugio</span> <span class='ocrx_word' id='word_1_338' title='bbox 1253 4034 1500 4101; x_wconf 85' lang='lat' dir='ltr'>faciatis</span> <span class='ocrx_word' id='word_1_339' title='bbox 1545 4036 1624 4102; x_wconf 91' lang='lat' dir='ltr'>ab</span> <span class='ocrx_word' id='word_1_340' title='bbox 1671 4035 1981 4119; x_wconf 83' lang='grc'>0111111008,</span> <span class='ocrx_word' id='word_1_341' title='bbox 2013 4042 2315 4124; x_wconf 88' lang='lat' dir='ltr'>quantum</span> <span class='ocrx_word' id='word_1_342' title='bbox 2346 4036 2415 4101; x_wconf 91' lang='lat' dir='ltr'>in</span> <span class='ocrx_word' id='word_1_343' title='bbox 2444 4036 2622 4103; x_wconf 87' lang='lat' dir='ltr'>vobis</span> <span class='ocrx_word' id='word_1_344' title='bbox 2650 4033 2859 4118; x_wconf 87' lang='lat' dir='ltr'>fuerit,</span> <span class='ocrx_word' id='word_1_345' title='bbox 2894 4034 3233 4117; x_wconf 86' lang='lat' dir='ltr'>observari,</span> <span class='ocrx_word' id='word_1_346' title='bbox 3280 4033 3373 4100; x_wconf 89' lang='lat' dir='ltr'>ita</span> <span class='ocrx_word' id='word_1_347' title='bbox 3408 4032 3571 4119; x_wconf 87' lang='lat' dir='ltr'>quod</span> 
     </span>
     <span class='ocr_line' id='line_1_34' title="bbox 717 4141 3571 4228; baseline -0.001 -21"><span class='ocrx_word' id='word_1_348' title='bbox 717 4141 908 4223; x_wconf 81' lang='lat' dir='ltr'>iidem</span> <span class='ocrx_word' id='word_1_349' title='bbox 953 4141 1182 4208; x_wconf 87' lang='lat' dir='ltr'>fratres</span> <span class='ocrx_word' id='word_1_350' title='bbox 1228 4142 1304 4207; x_wconf 91' lang='lat' dir='ltr'>de</span> <span class='ocrx_word' id='word_1_351' title='bbox 1351 4142 1620 4227; x_wconf 87' lang='lat' dir='ltr'>acceptis</span> <span class='ocrx_word' id='word_1_352' title='bbox 1653 4142 1997 4228; x_wconf 83' lang='lat' dir='ltr'>privilegiis</span> <span class='ocrx_word' id='word_1_353' title='bbox 2035 4144 2306 4211; x_wconf 86' lang='lat' dir='ltr'>fructum</span> <span class='ocrx_word' id='word_1_354' title='bbox 2340 4141 2662 4210; x_wconf 87' lang='lat' dir='ltr'>obtineant</span> <span class='ocrx_word' id='word_1_355' title='bbox 2690 4146 2754 4209; x_wconf 92' lang='lat' dir='ltr'>et</span> <span class='ocrx_word' id='word_1_356' title='bbox 2781 4161 2893 4207; x_wconf 90' lang='lat' dir='ltr'>vos</span> <span class='ocrx_word' id='word_1_357' title='bbox 2926 4159 3273 4227; x_wconf 87' lang='lat' dir='ltr'>pauperum</span> <span class='ocrx_word' id='word_1_358' title='bbox 3303 4141 3571 4207; x_wconf 88' lang='lat' dir='ltr'>necessi-</span> 
     </span>
     <span class='ocr_line' id='line_1_35' title="bbox 717 4246 3572 4336; baseline -0 -23"><span class='ocrx_word' id='word_1_359' title='bbox 717 4247 952 4314; x_wconf 85' lang='lat' dir='ltr'>tatibus</span> <span class='ocrx_word' id='word_1_360' title='bbox 999 4250 1270 4336; x_wconf 91' lang='lat' dir='ltr'>compati</span> <span class='ocrx_word' id='word_1_361' title='bbox 1324 4248 1663 4316; x_wconf 88' lang='lat' dir='ltr'>videamini</span> <span class='ocrx_word' id='word_1_362' title='bbox 1721 4254 1784 4315; x_wconf 88' lang='lat' dir='ltr'>et</span> <span class='ocrx_word' id='word_1_363' title='bbox 1829 4269 2042 4316; x_wconf 88' lang='lat' dir='ltr'>eorum</span> <span class='ocrx_word' id='word_1_364' title='bbox 2100 4250 2258 4317; x_wconf 89' lang='lat' dir='ltr'>velle</span> <span class='ocrx_word' id='word_1_365' title='bbox 2314 4250 2692 4316; x_wconf 86' lang='lat' dir='ltr'>utilitatibus</span> <span class='ocrx_word' id='word_1_366' title='bbox 2758 4254 3017 4336; x_wconf 88' lang='lat' dir='ltr'>propter</span> <span class='ocrx_word' id='word_1_367' title='bbox 3084 4246 3269 4313; x_wconf 89' lang='lat' dir='ltr'>deum</span> <span class='ocrx_word' id='word_1_368' title='bbox 3332 4246 3572 4313; x_wconf 87' lang='lat' dir='ltr'>utiliter</span> 
     </span>
     <span class='ocr_line' id='line_1_36' title="bbox 721 4354 3254 4444; baseline 0 -24"><span class='ocrx_word' id='word_1_369' title='bbox 721 4354 1070 4422; x_wconf 87' lang='lat' dir='ltr'>subvenire.</span> <span class='ocrx_word' id='word_1_370' title='bbox 1139 4355 1377 4422; x_wconf 87' lang='lat' dir='ltr'>Datum</span> <span class='ocrx_word' id='word_1_371' title='bbox 1419 4354 1716 4423; x_wconf 89' lang='lat' dir='ltr'>Laterani</span> <span class='ocrx_word' id='word_1_372' title='bbox 1761 4376 1904 4422; x_wconf 90' lang='lat' dir='ltr'>non.</span> <span class='ocrx_word' id='word_1_373' title='bbox 1952 4356 2253 4423; x_wconf 87' lang='lat' dir='ltr'>februarii</span> <span class='ocrx_word' id='word_1_374' title='bbox 2294 4356 2695 4444; x_wconf 89' lang='lat' dir='ltr'>pontificatus</span> <span class='ocrx_word' id='word_1_375' title='bbox 2739 4356 2941 4421; x_wconf 90' lang='lat' dir='ltr'>nostri</span> <span class='ocrx_word' id='word_1_376' title='bbox 2986 4374 3149 4421; x_wconf 88' lang='lat' dir='ltr'>anno</span> <span class='ocrx_word' id='word_1_377' title='bbox 3193 4376 3254 4421; x_wconf 91' lang='lat' dir='ltr'>v.</span> 
     </span>
    </p>

    <p class='ocr_par' dir='ltr' id='par_1_7' title="bbox 723 4494 3571 4653">
     <span class='ocr_line' id='line_1_37' title="bbox 841 4494 3571 4561; baseline -0.001 -14"><span class='ocrx_word' id='word_1_378' title='bbox 841 4540 850 4547; x_wconf 93' lang='lat'>.</span> <span class='ocrx_word' id='word_1_379' title='bbox 932 4496 1054 4547; x_wconf 85' lang='lat' dir='ltr'>Sine</span> <span class='ocrx_word' id='word_1_380' title='bbox 1089 4496 1234 4548; x_wconf 82' lang='lat' dir='ltr'>dato:</span> <span class='ocrx_word' id='word_1_381' title='bbox 1278 4496 1345 4559; x_wconf 89' lang='lat'>11,</span> <span class='ocrx_word' id='word_1_382' title='bbox 1369 4496 1470 4548; x_wconf 92' lang='grc'>100</span> <span class='ocrx_word' id='word_1_383' title='bbox 1505 4513 1554 4548; x_wconf 86' lang='lat' dir='ltr'>n.</span> <span class='ocrx_word' id='word_1_384' title='bbox 1574 4498 1669 4557; x_wconf 74' lang='lat'>353</span> <span class='ocrx_word' id='word_1_385' title='bbox 1719 4496 1782 4547; x_wconf 83' lang='lat' dir='ltr'>A.</span> <span class='ocrx_word' id='word_1_386' title='bbox 1801 4496 1870 4547; x_wconf 86' lang='lat'>20</span> <span class='ocrx_word' id='word_1_387' title='bbox 1903 4512 1955 4547; x_wconf 90' lang='lat' dir='ltr'>n.</span> <span class='ocrx_word' id='word_1_388' title='bbox 1974 4496 2045 4547; x_wconf 86' lang='lat'>82</span> <span class='ocrx_word' id='word_1_389' title='bbox 2086 4498 2265 4549; x_wconf 83' lang='lat' dir='ltr'>Latine</span> <span class='ocrx_word' id='word_1_390' title='bbox 2300 4507 2352 4549; x_wconf 89' lang='lat' dir='ltr'>et</span> <span class='ocrx_word' id='word_1_391' title='bbox 2388 4496 2689 4550; x_wconf 74' lang='lat' dir='ltr'>Gemanica</span> <span class='ocrx_word' id='word_1_392' title='bbox 2726 4512 2839 4547; x_wconf 88' lang='lat' dir='ltr'>cum</span> <span class='ocrx_word' id='word_1_393' title='bbox 2872 4504 3018 4547; x_wconf 78' lang='lat' dir='ltr'>notat</span> <span class='ocrx_word' id='word_1_394' title='bbox 3064 4494 3125 4545; x_wconf 88' lang='lat' dir='ltr'>In</span> <span class='ocrx_word' id='word_1_395' title='bbox 3159 4494 3349 4561; x_wconf 76' lang='lat' dir='ltr'>Bysen.</span> <span class='ocrx_word' id='word_1_396' title='bbox 3410 4494 3475 4546; x_wconf 88' lang='lat' dir='ltr'>D.</span> <span class='ocrx_word' id='word_1_397' title='bbox 3500 4494 3571 4545; x_wconf 82' lang='lat'>34</span> 
     </span>
     <span class='ocr_line' id='line_1_38' title="bbox 723 4582 3565 4653; baseline -0.001 -18"><span class='ocrx_word' id='word_1_398' title='bbox 723 4584 1034 4636; x_wconf 82' lang='lat' dir='ltr'>Germanice.</span> <span class='ocrx_word' id='word_1_399' title='bbox 1072 4584 1136 4636; x_wconf 80' lang='lat' dir='ltr'>A.</span> <span class='ocrx_word' id='word_1_400' title='bbox 1161 4585 1226 4635; x_wconf 83' lang='lat'>16</span> <span class='ocrx_word' id='word_1_401' title='bbox 1259 4602 1310 4651; x_wconf 87' lang='lat' dir='ltr'>p.</span> <span class='ocrx_word' id='word_1_402' title='bbox 1329 4585 1399 4636; x_wconf 87' lang='lat'>94</span> <span class='ocrx_word' id='word_1_403' title='bbox 1429 4585 1675 4650; x_wconf 81' lang='lat' dir='ltr'>„Iuncis“.</span> <span class='ocrx_word' id='word_1_404' title='bbox 1699 4614 1760 4623; x_wconf 89' lang='lat'>-</span> <span class='ocrx_word' id='word_1_405' title='bbox 1799 4584 1921 4635; x_wconf 84' lang='lat' dir='ltr'>Cum</span> <span class='ocrx_word' id='word_1_406' title='bbox 1959 4585 2103 4638; x_wconf 84' lang='lat' dir='ltr'>dato:</span> <span class='ocrx_word' id='word_1_407' title='bbox 2152 4587 2436 4653; x_wconf 80' lang='lat' dir='ltr'>originale,</span> <span class='ocrx_word' id='word_1_408' title='bbox 2474 4587 2609 4653; x_wconf 86' lang='lat' dir='ltr'>quod</span> <span class='ocrx_word' id='word_1_409' title='bbox 2645 4586 2895 4651; x_wconf 83' lang='lat' dir='ltr'>quondam</span> <span class='ocrx_word' id='word_1_410' title='bbox 2930 4585 3026 4635; x_wconf 85' lang='lat' dir='ltr'>fuit</span> <span class='ocrx_word' id='word_1_411' title='bbox 3056 4582 3249 4645; x_wconf 85' lang='lat' dir='ltr'>Iuncis,</span> <span class='ocrx_word' id='word_1_412' title='bbox 3284 4599 3419 4633; x_wconf 88' lang='lat' dir='ltr'>nunc</span> <span class='ocrx_word' id='word_1_413' title='bbox 3442 4582 3565 4633; x_wconf 83' lang='lat' dir='ltr'>vin-</span> 
     </span>
    </p>
   </div>
   <div class='ocr_carea' id='block_1_6' title="bbox 721 4670 3564 4831">
    <p class='ocr_par' dir='ltr' id='par_1_8' title="bbox 721 4670 3564 4831">
     <span class='ocr_line' id='line_1_39' title="bbox 721 4670 3564 4741; baseline -0 -18"><span class='ocrx_word' id='word_1_414' title='bbox 721 4670 951 4724; x_wconf 84' lang='lat' dir='ltr'>dobonae</span> <span class='ocrx_word' id='word_1_415' title='bbox 987 4682 1067 4725; x_wconf 85' lang='grc'>081</span> <span class='ocrx_word' id='word_1_416' title='bbox 1105 4672 1158 4723; x_wconf 91' lang='grc'>111</span> <span class='ocrx_word' id='word_1_417' title='bbox 1195 4674 1394 4725; x_wconf 84' lang='lat' dir='ltr'>archivo</span> <span class='ocrx_word' id='word_1_418' title='bbox 1431 4672 1618 4725; x_wconf 86' lang='lat' dir='ltr'>ordinis</span> <span class='ocrx_word' id='word_1_419' title='bbox 1653 4674 1949 4725; x_wconf 77' lang='lat' dir='ltr'>Theutonici</span> <span class='ocrx_word' id='word_1_420' title='bbox 1984 4691 2097 4725; x_wconf 87' lang='lat' dir='ltr'>cum</span> <span class='ocrx_word' id='word_1_421' title='bbox 2131 4676 2269 4727; x_wconf 82' lang='lat' dir='ltr'>bulla</span> <span class='ocrx_word' id='word_1_422' title='bbox 2302 4673 2353 4727; x_wconf 90' lang='lat' dir='ltr'>in</span> <span class='ocrx_word' id='word_1_423' title='bbox 2388 4675 2486 4727; x_wconf 83' lang='lat' dir='ltr'>filis</span> <span class='ocrx_word' id='word_1_424' title='bbox 2523 4674 2727 4727; x_wconf 86' lang='lat' dir='ltr'>sericeis</span> <span class='ocrx_word' id='word_1_425' title='bbox 2762 4674 3100 4741; x_wconf 83' lang='lat' dir='ltr'>appendente.</span> <span class='ocrx_word' id='word_1_426' title='bbox 3319 4672 3365 4723; x_wconf 92' lang='lat'>1.</span> <span class='ocrx_word' id='word_1_427' title='bbox 3400 4681 3453 4723; x_wconf 81' lang='grc'>01</span> <span class='ocrx_word' id='word_1_428' title='bbox 3488 4670 3564 4721; x_wconf 82' lang='lat' dir='ltr'>di-</span> 
     </span>
     <span class='ocr_line' id='line_1_40' title="bbox 721 4761 2451 4831; baseline 0.003 -20"><span class='ocrx_word' id='word_1_429' title='bbox 721 4761 862 4812; x_wconf 80' lang='lat' dir='ltr'>lectis</span> <span class='ocrx_word' id='word_1_430' title='bbox 903 4790 966 4801; x_wconf 91' lang='lat'><em>-</em></span> <span class='ocrx_word' id='word_1_431' title='bbox 1004 4762 1403 4815; x_wconf 82' lang='lat' dir='ltr'>benedictionem</span> <span class='ocrx_word' id='word_1_432' title='bbox 1438 4762 1585 4815; x_wconf 88' lang='lat' dir='ltr'>deest</span> <span class='ocrx_word' id='word_1_433' title='bbox 1619 4764 1683 4815; x_wconf 82' lang='lat' dir='ltr'>A.</span> <span class='ocrx_word' id='word_1_434' title='bbox 1707 4762 1786 4815; x_wconf 86' lang='grc'>16.</span> <span class='ocrx_word' id='word_1_435' title='bbox 1966 4762 2015 4815; x_wconf 88' lang='lat'>2.</span> <span class='ocrx_word' id='word_1_436' title='bbox 2052 4764 2086 4816; x_wconf 87' lang='lat' dir='ltr'>i.</span> <span class='ocrx_word' id='word_1_437' title='bbox 2110 4772 2165 4815; x_wconf 86' lang='lat' dir='ltr'>et</span> <span class='ocrx_word' id='word_1_438' title='bbox 2195 4782 2247 4831; x_wconf 85' lang='lat' dir='ltr'>p.</span> <span class='ocrx_word' id='word_1_439' title='bbox 2280 4764 2347 4815; x_wconf 78' lang='lat' dir='ltr'>A.</span> <span class='ocrx_word' id='word_1_440' title='bbox 2371 4762 2451 4816; x_wconf 89' lang='grc'>16.</span> 
     </span>
    </p>
   </div>
   <div class='ocr_carea' id='block_1_7' title="bbox 3824 3220 3829 3945">
    <p class='ocr_par' dir='ltr' id='par_1_9' title="bbox 3824 3220 3829 3945">
     <span class='ocr_line' id='line_1_41' title="bbox 3824 3220 3829 3945; baseline 0 0"><span class='ocrx_word' id='word_1_441' title='bbox 3824 3220 3829 3945; x_wconf 95' lang='lat' dir='ltr'> </span> 
     </span>
    </p>
   </div>
   <div class='ocr_carea' id='block_1_8' title="bbox 3824 4970 3827 5573">
    <p class='ocr_par' dir='ltr' id='par_1_10' title="bbox 3824 4970 3827 5573">
     <span class='ocr_line' id='line_1_42' title="bbox 3824 4970 3827 5573; baseline 0 0"><span class='ocrx_word' id='word_1_442' title='bbox 3824 4970 3827 5573; x_wconf 95' lang='lat' dir='ltr'> </span> 
     </span>
    </p>
   </div>
  </div>
 </body>
</html>
