3892 5609
1299 406 1687 455 Parvum-cm
1733 406 2119 455 GENERALIA
2976 398 3069 469 37
3085 399 3119 467 1

277 583 428 629 nem
475 564 918 651 omnipotentis
965 564 1064 631 dei
1111 570 1174 632 et
1217 562 1539 632 beatorum
1583 565 1757 633 Petri
1805 571 1867 634 et
1894 566 2076 633 Pauli
2122 566 2545 653 apostolorum
2594 568 2725 632 eius
2773 587 2841 633 se
2885 568 3132 633 noverit

279 670 700 737 incursurum.
770 670 1004 738 Datum
1035 670 1326 756 Lugduni
1371 674 1486 739 xiii
1517 674 1643 740 kal.
1676 673 1976 740 februarii
2020 672 2417 761 pontificatus
2464 675 2664 740 nostri
2696 695 2857 740 anno
2890 680 3126 741 octavo.

497 812 617 863 Sine
654 812 792 864 dato:
847 813 911 863 A.
937 812 1006 863 20
1042 832 1091 863 n.
1117 812 1186 863 88
1221 813 1400 865 Latine
1435 824 1488 865 et
1525 814 1822 866 Germanice
1839 853 1854 878 ,
1893 832 2005 865 cum
2038 824 2181 866 nota:
2232 815 2292 865 In
2329 814 2533 865 Colonia
2568 812 2648 865 vel
2682 814 2858 866 Methi.
2898 846 2959 853 —
3010 815 3131 866 Cum

283 900 430 952 dato:
475 900 709 967 Lugduni
748 901 813 952 13
847 901 949 952 kal.
975 902 1100 952 febr.
1137 919 1188 968 p.
1214 920 1263 953 n.
1290 922 1335 954 a.
1362 902 1395 953 8
1432 904 1512 954 ed.
1539 901 1767 953 Duellius
1802 902 1870 965 11,
1899 904 1965 953 10
2001 922 2050 954 n.
2080 904 2161 955 12.
2204 934 2265 941 —
2307 904 2428 953 Cum
2465 902 2609 954 dato:
2655 902 2889 969 Lugduni
2929 904 2991 953 12
3028 904 3130 955 kal.

282 988 412 1040 febr.
448 1008 498 1056 p.
523 1008 573 1041 n.
600 1008 645 1041 a.
670 990 704 1040 8
750 990 818 1041 ad
861 997 1236 1057 praeceptorem
1280 999 1332 1042 et
1375 992 1554 1043 fratres
1600 990 1864 1058 hospitalis
1913 1000 2085 1043 sancte
2120 991 2313 1043 Mariae
2348 992 2762 1044 Theutonicorum
2801 994 2854 1043 in
2888 992 3132 1054 Morinis,

281 1078 508 1141 Boemit,
543 1078 755 1131 Polonia
788 1079 942 1131 missa
975 1080 1038 1131 R.
1063 1078 1132 1131 97
1169 1079 1300 1131 inter
1337 1080 1562 1133 Alsatica
1596 1100 1646 1133 n.
1671 1082 1750 1133 10.

289 1316 466 1389 523.
505 1281 684 1388 1252
723 1324 943 1389 martii
983 1324 1026 1388 6
1063 1322 1328 1419 feo-mii
1370 1320 1692 1408 (cs1254
1718 1321 1892 1407 febr.
1926 1318 2064 1402 10).
2153 1320 2550 1389 Innocentius
2596 1321 2644 1388 I
2646 1322 2707 1389 V
2757 1326 2971 1389 eximit
3025 1347 3128 1390 ον-

507 1430 712 1493 dinem
764 1428 1208 1495 Theutonicum
1251 1454 1293 1495 a
1339 1433 1768 1496 constitutione
1810 1452 2009 1510 nova,
2069 1431 2239 1517 quod
2291 1431 2389 1495 vel
2430 1433 2563 1517 ipsi
2602 1434 2826 1497 exemti
2866 1432 2942 1497 de
2988 1435 3132 1519 qui-

507 1536 768 1601 busdam
812 1539 987 1623 apud
1032 1539 1388 1603 ordinm-ios
1418 1540 1663 1623 possint
1705 1538 2040 1602 conveniri.

504 1668 899 1737 Innocentius
959 1690 1174 1737 servus
1230 1690 1552 1737 servorum
1610 1670 1710 1737 dei
1767 1669 2011 1737 dilectis
2067 1668 2215 1735 filiis
2261 1719 2278 1736 .
2306 1718 2321 1734 .
2368 1670 2668 1753 magistro
2728 1674 2792 1737 et
2833 1670 3133 1737 fratribus

283 1774 614 1861 hospitalis
673 1782 888 1845 sancte
939 1776 1138 1844 Maris
1182 1777 1708 1845 Theutonicorum
1751 1776 2233 1844 Ierosolimitani
2287 1776 2551 1843 salutem
2610 1782 2673 1844 et
2726 1777 3132 1862 apostolicam

284 1882 800 1951 benedictionem.
1025 1884 1184 1951 Cum
1243 1905 1442 1970 nuper
1493 1884 1856 1951 duxerimus
1901 1884 2300 1950 statuendum
2316 1934 2335 1968 ,
2392 1889 2463 1949 ut
2508 1884 2779 1969 exempti
2794 1934 2811 1967 ,
2870 1890 3134 1969 quanta-

285 2008 550 2076 cumque
595 1991 908 2075 gaudeant
948 1992 1269 2077 libertate,
1327 1992 1766 2059 nichilominus
1811 1997 2025 2057 tamen
2069 1992 2319 2058 racione
2366 1989 2576 2056 delicti
2621 2010 2731 2055 seu
2776 1994 3133 2057 contractus

286 2101 398 2163 aut
437 2098 551 2181 rei,
598 2098 674 2165 de
724 2119 847 2184 qua
891 2104 1108 2165 contra
1151 2100 1322 2185 ipsos
1359 2099 1588 2183 agitur,
1634 2100 1770 2165 iure
1798 2100 2045 2184 possint
2074 2118 2282 2163 coram
2313 2096 2592 2163 locorum
2623 2096 2955 2164 ordinariis
2987 2118 3135 2164 con-

283 2204 486 2271 veniri
532 2210 596 2273 et
637 2205 732 2272 illi
778 2206 982 2291 quoad
1027 2206 1142 2273 hec
1185 2227 1364 2274 suam
1403 2207 1470 2273 in
1498 2208 1672 2293 ipsos
1701 2205 2217 2289 iurisdictionem,
2264 2209 2452 2291 prout
2480 2204 2577 2270 ius
2611 2205 2907 2289 exegerit,
2956 2226 3134 2271 exer-

284 2331 448 2395 cere,
491 2332 604 2379 vos
650 2312 1030 2396 dubitantes,
1075 2334 1156 2381 ne
1200 2335 1315 2399 per
1361 2313 1876 2381 constitucionem
1919 2312 2275 2379 huiusmodi
2318 2311 2712 2378 libertatibus
2749 2318 2813 2378 et
2838 2312 3134 2379 immuni-

283 2417 519 2486 tatibus
565 2418 740 2487 vobis
787 2425 850 2486 et
894 2421 1096 2487 ordini
1144 2425 1351 2487 vestro
1399 2442 1512 2507 per
1557 2420 1889 2507 privilegia
1932 2423 1997 2486 et
2038 2417 2459 2501 indulgentias
2503 2418 2581 2485 ab
2614 2418 2957 2504 apostolica
2986 2419 3133 2487 sede

285 2527 596 2593 concessis
653 2527 1034 2614 preiudicari
1077 2526 1313 2611 valeat,
1371 2527 1551 2595 nobis
1595 2527 1917 2593 humiliter
1962 2525 2394 2613 supplicastiS,
2454 2530 2527 2590 ut
2571 2526 2899 2611 providere
2946 2544 3134 2613 super

286 2632 404 2699 hoc
457 2634 896 2720 indempnitati
954 2639 1160 2701 vestre
1213 2640 1480 2721 paterna
1521 2633 1938 2701 sollicitudine
1984 2653 2364 2699 curaremus.
2456 2631 2616 2709 Quia
2658 2652 2807 2699 vero
2855 2633 3133 2701 eiusdem

287 2740 524 2807 ordinis
569 2760 750 2807 sacra
791 2741 1011 2825 religio
1056 2743 1146 2808 sic
1189 2763 1301 2808 vos
1348 2742 1516 2828 apud
1557 2761 1674 2807 nos
1720 2742 1940 2825 dignos
1986 2742 2201 2806 favore
2246 2740 2587 2824 constituit,
2632 2744 2705 2805 ut
2752 2740 2932 2807 nobis
2972 2740 3134 2806 voti-

287 2868 436 2913 vum
481 2848 714 2915 existat
756 2869 864 2915 vos
912 2848 989 2915 ab
1037 2848 1358 2933 omnibus,
1404 2869 1517 2935 per
1561 2869 1681 2933 que
1726 2847 1901 2915 vobis
1947 2852 2207 2934 possent
2246 2846 2577 2933 provenire
2621 2846 2969 2932 dispendia,
3014 2847 3135 2914 im·-

285 2974 507 3021 munes
551 2954 770 3022 libenti
815 2957 1022 3023 animo
1068 2976 1470 3043 preservare,
1525 2956 1892 3022 auctoritate
1936 2955 2113 3020 vobis
2160 2955 2543 3041 presentium
2590 2953 3017 3039 indulgemus,
3063 2958 3135 3021 ut

288 3062 610 3129 occasione
667 3059 1168 3130 constitutionis¹
1216 3062 1573 3128 huiusmodi
1629 3063 1871 3128 nullum
1933 3060 2169 3128 eisdem
2224 3061 2619 3129 libertatibus
2666 3065 2729 3126 et
2770 3060 3132 3127 immunita-

287 3168 454 3236 tibus
511 3170 901 3256 inposterum
957 3170 1368 3257 preiudicium
1423 3174 1772 3253 generetur.
1856 3168 2029 3233 Nulli
2086 3188 2232 3252 ergo
2280 3169 2531 3233 omnino
2579 3168 2902 3233 hominum
2947 3166 3135 3234 liceat

289 3275 450 3341 hanc
505 3278 798 3363 paginam
853 3282 1066 3344 nostre
1123 3275 1540 3344 concessionis
1582 3276 1922 3359 infringere
1968 3274 2070 3341 vel
2114 3275 2173 3341 ei
2218 3294 2375 3341 ausu
2418 3274 2752 3341 temerario
2799 3274 3129 3341 contraire.

289 3381 360 3448 Si
417 3384 554 3467 quis
614 3388 824 3451 autem
877 3384 996 3451 hoc
1039 3388 1418 3469 attemptare
1461 3384 1942 3469 presumpserit,
1998 3381 2489 3465 indignationem
2538 3382 2987 3468 omnipotentis
3030 3382 3134 3449 dei

288 3494 353 3555 et
408 3489 732 3557 beatorum
777 3490 949 3557 Petri
1005 3496 1071 3556 et
1111 3490 1292 3557 Pauli
1343 3489 1764 3577 apostolorum
1812 3491 1945 3557 eius
1992 3509 2060 3557 se
2102 3488 2348 3556 noverit
2388 3489 2805 3555 incursurum.
2878 3489 3133 3557 ‘Datum

287 3594 530 3663 Perusii
574 3597 620 3664 ii
665 3618 863 3664 nonas
907 3598 1128 3663 marcii
1173 3596 1570 3685 pontificatus
1615 3598 1814 3663 nostri
1861 3616 2025 3663 anno
2071 3615 2255 3662 nono.

497 3738 542 3801 1,
566 3737 652 3791 85.
701 3738 980 3791 coneordat
1013 3756 1064 3791 n.
1090 3738 1196 3791 526
1230 3746 1440 3807 excepto
1474 3738 1632 3791 initio.
1813 3738 1858 3788 1.
1897 3736 2225 3801 consitutiono
2260 3736 2301 3787 Ι.

293 3959 468 4031 524.
511 3963 688 4029 1253
729 3966 1018 4028 ianuaoviz·
1057 3964 1100 4028 5
1143 3964 1404 4029 Perusii
1458 3961 1572 4048 (cf.
1616 3962 1794 4029 1253
1837 3964 2056 4026 martii
2094 3960 2235 4042 17).
2318 3960 2715 4027 Innocentius
2761 3959 2808 4024 I
2812 3958 2872 4025 V
2907 3960 3130 4042 confir-

507 4084 640 4136 mat
697 4072 912 4137 ordini
947 4069 1336 4145 ‚Theutonico
1389 4070 1730 4157 privileqia
1781 4092 1822 4134 a
1869 4068 2449 4156 praedecessoribus
2504 4080 2563 4133 et
2619 4066 2937 4153 quibusvis
2982 4068 3129 4133 aliis

510 4178 755 4244 collata.

506 4309 904 4377 Innocentius
950 4310 1278 4399 episcopus
1325 4330 1540 4376 servus
1587 4328 1910 4376 servorum
1957 4307 2058 4373 dei
2103 4305 2343 4373 dilectis
2388 4304 2534 4372 filiis
2580 4306 2880 4389 magistro
2914 4309 2977 4371 et
3005 4305 3132 4372 fra-

285 4418 486 4486 tribus
529 4416 858 4504 hospitalis
903 4422 1116 4485 sancte
1145 4416 1342 4483 Marie
1371 4414 1894 4483 Theutonicorum
1941 4412 2420 4481 Ierosolimitani
2466 4412 2730 4480 salutem
2776 4418 2840 4479 et
2885 4418 3131 4499 aposto-

284 4524 474 4592 licam
517 4523 1031 4591 benedictionem.
1257 4522 1430 4591 Solet
1475 4544 1746 4590 annuere
1792 4522 1971 4589 sedes
2018 4518 2359 4606 apostolica
2402 4519 2525 4606 piis
2569 4519 2731 4586 votis
2764 4524 2826 4585 et
2854 4519 3133 4586 honestis

287 4632 642 4717 petencium
687 4632 975 4717 precibus
1019 4632 1298 4699 favorem
1335 4630 1690 4697 benivolum
1719 4628 2051 4733 impertiri.
2121 4626 2495 4713 Eapropter,
2542 4626 2755 4693 dilecti
2784 4628 2849 4692 in
2882 4626 3131 4692 domino

285 4737 421 4823 filii,
466 4739 692 4805 vestris
737 4740 918 4807 iustis
964 4738 1494 4825 postulacionibus
1540 4742 1717 4821 grato
1765 4739 2203 4802 concurrentes
2248 4754 2505 4800 assensu
2553 4752 2766 4799 omnes
2810 4730 3133 4799 libertates

289 4851 353 4913 et
394 4847 802 4913 inmunitates
849 4866 887 4912 a
930 4846 1470 4932 predecessoribus
1515 4844 1748 4910 nostris
1791 4842 2088 4909 Romanis
2133 4840 2530 4931 pontificibus
2577 4860 2649 4907 ac
2695 4841 2885 4906 etiam
2933 4840 3133 4905 archi-

289 4954 620 5041 episcopiS,
675 4952 1008 5040 episcopiS,
1057 4952 1382 5020 abbatibus
1429 4958 1492 5019 et
1535 4951 1674 5017 aliis
1722 4949 2122 5017 ecclesiarum
2167 4948 2426 5035 prelatis
2472 4948 2604 5014 sive
2649 4967 2763 5034 per
2805 4946 3135 5033 privilegia

288 5082 400 5129 seu
443 5060 600 5129 alias
645 5058 1075 5145 indulgencias
1118 5058 1296 5128 vobis
1341 5065 1405 5127 et
1446 5057 1742 5145 hospitali
1787 5063 1996 5125 vestro
2042 5077 2388 5141 concessas,
2434 5074 2677 5124 necnon
2719 5053 3041 5121 libertates
3072 5060 3135 5119 et

2592 5168 2711 5224 24*
