3892 5609
2523 150 2559 178 l

1624 308 1941 358 Romanu
2476 260 2490 371 ,³
3071 298 3216 368 135

350 469 641 537 stolicam
686 469 1203 537 benedictionem.
1286 467 1383 534 De
1429 467 1583 534 locis
1630 468 1855 534 divine
1902 467 2100 536 cultui
2155 467 2472 554 deputatis
2530 467 2598 533 in
2645 467 2960 535 desiderio.
3006 473 3221 534 nostro

348 577 613 661 geritur,
656 581 750 661 ut,
798 597 919 661 que
961 577 1248 662 ipsorum
1289 579 1525 641 statum
1570 576 2014 662 prosperitatis
2046 575 2350 658 obtinent,
2399 579 2804 658 augmentum
2849 575 2916 640 in
2959 574 3072 640 illa
3116 596 3222 642 su-

348 684 627 770 scipiant
656 687 720 750 et
748 684 873 748 iam
898 682 1178 769 collapsa
1206 682 1675 767 repparacionis
1700 688 2008 768 oportune
2031 681 2378 750 remedium
2406 687 2840 766 assequantur.
2907 680 3010 746 Ex
3041 685 3224 766 parte

349 791 663 875 siquidem
711 789 924 856 dilecti
956 787 1089 854 ‘filii
1142 788 1370 854 nobilis
1416 789 1538 855 viri
1587 787 1923 871 G(aufridi)
1983 788 2288 874 principis
2335 787 2594 874 Achaye
2648 789 2769 856 fuit
2825 788 3220 874 propositum

347 916 566 967 coram
608 897 811 980 nobiS,
868 896 1034 980 quod
1078 895 1246 962 clare
1292 896 1595 962 memorie
1640 902 1825 981 pater
1868 915 2020 961 suus
2068 895 2148 960 ad
2192 894 2492 960 honorem
2541 894 2709 960 beati
2752 893 2961 960 Iacobi
3008 899 3220 960 aucto-

346 1003 541 1070 ritate
586 1003 747 1068 bone
792 1002 1093 1069 memorie
1140 1052 1155 1068 .
1184 999 1228 1068 .²
1304 1002 1687 1068 Albanensis
1735 1002 2014 1088 episcopi
2059 1007 2210 1068 tunc
2261 1001 2328 1066 in
2373 1001 2659 1086 partibus
2703 999 2831 1066 illis
2880 999 3222 1086 apostolice

348 1109 519 1176 sedis
562 1109 759 1192 legati
801 1108 1113 1195 hospitale
1157 1129 1300 1176 cum
1348 1109 1611 1176 ecclesia
1668 1113 1881 1176 eterne
1936 1107 2368 1174 retributionis
2415 1107 2674 1174 obtentu
2718 1107 3039 1190 fundavit,
3100 1127 3220 1190 que

346 1215 521 1282 idem
574 1216 821 1299 legatus
880 1216 1309 1302 exempcionis
1366 1215 1695 1301 privilegio
1752 1213 2118 1282 confirmato
2174 1235 2289 1301 per
2333 1214 2545 1280 sedem
2593 1214 3003 1300 apostolicam
3050 1233 3220 1280 com-

346 1321 639 1388 munivit.
719 1321 805 1387 Et
849 1342 1231 1406 quamquam
1274 1322 1512 1389 ibidem
1556 1321 1736 1388 iuxta
1779 1321 2133 1388 fundatoris
2181 1327 2396 1388 votum
2441 1319 2662 1404 religio
2709 1325 2773 1386 et
2817 1320 3220 1406 hospitalitas

350 1429 485 1495 vise
526 1427 764 1494 fuerint
810 1427 1197 1513 aliquamdiu
1240 1427 1555 1511 reflorere,
1600 1433 1815 1494 tamen
1854 1429 2091 1494 dictum
2123 1426 2434 1513 hospitale
2468 1427 2912 1510 refi'igescente
2955 1429 3222 1494 caritate

346 1534 778 1602 habitancium
831 1535 900 1600 in
955 1535 1176 1602 eodem
1230 1535 1299 1600 in
1359 1533 1793 1620 spiritualibus
1852 1540 1917 1600 et
1972 1533 2424 1620 temporalibus
2487 1533 2641 1600 adeo
2687 1533 3033 1620 collapsum
3083 1555 3221 1602 esse

348 1641 719 1725 dinoscitur,
766 1646 837 1707 ut
878 1661 995 1727 per
1040 1662 1107 1708 se
1149 1643 1361 1728 ipsum
1407 1660 1593 1726 posse
1638 1641 1971 1707 reforma-ri
2014 1640 2198 1706 facile
2243 1660 2368 1707 non
2399 1640 2712 1708 credatur.
2781 1640 3056 1726 Cupiens
3100 1641 3220 1724 igi-

348 1752 455 1814 tur
496 1752 884 1814 memoratus
928 1748 1255 1834 princeps,
1314 1755 1387 1814 ut
1442 1749 1510 1813 in
1565 1747 1782 1814 eodem
1826 1747 1964 1814 loco
2019 1768 2134 1834 per
2179 1747 2388 1817 divine
2431 1746 2638 1814 laudis
2681 1748 3108 1833 frequenciam
3156 1753 3220 1815 et

348 1874 547 1940 opera
574 1853 783 1920 debite
813 1853 1094 1920 caritatis
1142 1854 1409 1940 predicti
1440 1855 1791 1920 fundatoris
1824 1855 2032 1920 anime
2076 1854 2436 1940 perhennis,
2483 1873 2673 1939 quam
2703 1855 2920 1921 vivens
2952 1855 3216 1941 optavit,

346 1961 617 2028 felicitas
662 1961 1057 2047 impetretur,
1103 1960 1286 2028 nobis
1330 1960 1654 2028 humiliter
1700 1961 2098 2046 supplicavit,
2145 1966 2218 2027 ut
2262 1959 2460 2044 vobis,
2509 1981 2770 2044 quorum
2821 1961 2902 2027 ad
2945 1961 3064 2027 hoc
3109 1981 3219 2027 vo-

344 2067 559 2134 luntas
606 2068 903 2134 accedere
948 2067 1177 2134 dicitur
1222 2073 1287 2134 et
1332 2087 1625 2134 assensus
1640 2117 1659 2150 ,
1715 2066 2042 2133 licenciam
2089 2067 2454 2134 transeundi
2510 2087 2654 2133 cum
2701 2067 2990 2134 omnibus
3035 2067 3217 2134 bonis

347 2175 575 2242 vestris
623 2174 704 2239 ad
748 2173 1029 2240 ordinem
1076 2173 1409 2260 hospitalis
1456 2178 1672 2240 sancte
1716 2172 1917 2240 Marie
1947 2173 2466 2268 Theotonicorum
2513 2174 2592 2239 de
2635 2173 2942 2241 Romania
2986 2175 3064 2240 de
3108 2175 3216 2240 be-

344 2281 657 2364 nignitate
702 2279 891 2356 solita
932 2280 1339 2365 largiremur,
1386 2280 1721 2366 presertim
1766 2300 1943 2364 cum,
1990 2281 2152 2346 sicut
2197 2281 2452 2365 asserit,
2499 2300 2615 2367 per
2659 2281 2953 2347 unionem
2998 2281 3216 2348 huius-

344 2387 519 2454 modi
562 2383 899 2455 Romanie⁸
958 2388 1225 2473 imperio
1285 2407 1359 2454 ac
1409 2391 1577 2453 terre
1634 2391 1849 2453 sancte
1910 2387 2290 2473 profectibus
2345 2387 2638 2454 utilitatis
2694 2387 2890 2454 multe
2949 2389 3218 2454 materia

343 2497 735 2579 procuretur.
828 2494 959 2560 Nos
1026 2495 1221 2578 igitur
1276 2493 1555 2560 eiusdem
1622 2493 1929 2579 principis
1997 2494 2558 2580 supplicationibus
2625 2495 2912 2562 inclinati
2967 2495 3214 2562 dilectis

341 2599 494 2666 filiis
540 2649 557 2665 .
584 2649 600 2665 .
650 2600 845 2667 electo
892 2600 1259 2684 Coronensi,
1306 2648 1322 2664 .
1351 2649 1366 2665 .
1416 2599 1631 2666 abbati
1676 2605 1740 2666 et
1786 2650 1801 2664 .
1830 2649 1845 2665 .
1895 2600 2095 2686 priori
2138 2601 2216 2666 de
2259 2600 2530 2667 Saracaz
2575 2600 3030 2668 Corinthiensis
3077 2603 3212 2668 dio-

343 2703 542 2774 cesis⁴
570 2706 857 2774 dedimus
902 2709 1137 2775 nostris
1179 2705 1409 2772 litteris
1452 2707 1521 2772 in
1554 2705 1891 2790 mandatis,
1939 2712 2011 2772 ut
2045 2706 2244 2792 vobis,
2289 2708 2365 2792 si,
2412 2708 2579 2792 quod
2623 2709 2702 2774 de
2743 2708 3074 2794 hospitalis
3105 2730 3212 2775 ve-

342 2814 462 2880 stri
508 2815 907 2900 exemptione
951 2814 1344 2900 proponitur,
1391 2814 1659 2880 veritate
1688 2813 1944 2914 fulcitur
1975 2818 2040 2880 et
2068 2813 2226 2880 nulli
2257 2813 2440 2880 alteri
2471 2814 2678 2880 ordini
2711 2820 2808 2882 est
2837 2815 3208 2899 subiectum,

342 2921 719 2987 auctoritate
772 2925 994 2988 nostra
1046 2920 1392 2988 concedant
1449 2919 1777 2987 licenciam
1833 2920 2238 3006 postulatam.
2315 2920 2554 2988 Datum
2586 2921 2851 2988 Viterbii
2902 2924 3036 2989 xvi⁰
3080 2922 3206 2988 kal.

340 3027 619 3094 octobris
662 3025 1062 3113 pontificatus
1106 3029 1310 3096 nostri
1356 3047 1519 3094 anno
1564 3027 1677 3093 xi0.

554 3167 597 3228 1,
634 3167 703 3219 53
738 3185 789 3218 n.
818 3167 915 3218 101
956 3176 1009 3217 et
1043 3166 1111 3218 55
1126 3185 1173 3219 v.
1210 3185 1261 3220 n.
1292 3167 1409 3218 107.
1474 3167 1733 3218 Abraham
1768 3165 1984 3218 Bzovius
2019 3168 2154 3218 Ann.
2189 3167 2368 3218 eccles.
2393 3167 2546 3228 XIII,
2593 3167 2830 3220 Coloniae
2871 3167 3034 3230 1621,
3083 3187 3206 3221 con-

338 3256 507 3308 tendit
531 3255 668 3308 1239
706 3253 1005 3322 Gregorium
1029 3255 1105 3306 IX
1140 3255 1365 3308 Achaiae
1400 3257 1615 3322 principi
1650 3255 1988 3323 praecepisse,
2024 3263 2081 3306 ut
2104 3255 2423 3307 'theutonicis
2457 3255 2696 3308 militibus
2731 3273 2794 3308 ex
2829 3257 3066 3324 hospitali
3093 3259 3206 3308 An-

339 3343 583 3398 drevillae
620 3343 833 3396 exclusis
868 3343 993 3396 illud
1028 3344 1263 3396 fratribus
1289 3345 1341 3398 S.
1362 3345 1601 3396 Iohannis
1624 3343 2070 3410 Hierosolymitani
2103 3344 2350 3396 restituat.
2499 3344 2544 3395 1.
2582 3343 2712 3396 Oleii
2739 3344 2800 3396 B.
2821 3345 2907 3396 53.
3049 3345 3098 3396 2.
3137 3364 3206 3398 sc.

338 3433 555 3499 Pelagii,
592 3449 638 3486 v.
674 3449 726 3500 p.
755 3431 872 3484 129.
1051 3433 1101 3484 3.
1156 3432 1385 3484 Romano
1421 3431 1481 3482 B.
1508 3432 1635 3483 53v.
1814 3433 1865 3484 4.
1903 3430 2118 3484 diachofi
2153 3430 2212 3483 B.

346 3625 523 3697 135.
564 3629 749 3694 1237
796 3641 948 3714 sept.
984 3629 1071 3694 16
1113 3627 1391 3693 Viterbii.
1469 3625 1813 3714 Greyorius
1856 3651 2036 3716 papa
2073 3627 2178 3693 IX
2221 3629 2386 3692 idem
2421 3633 2828 3715 praeceptori
2869 3643 2926 3694 et
2961 3631 3203 3716 fram‘-

565 3735 677 3800 bus
724 3735 1054 3822 hospitalis
1100 3757 1148 3799 s.
1184 3735 1437 3800 Mariae
1491 3734 2014 3800 Theutonicorum
2056 3738 2127 3798 in
2174 3735 2493 3800 Romania
2537 3747 2753 3800 notum
2790 3737 2984 3820 facit.

564 3873 905 3958 Gregorius
952 3875 1283 3961 episcopus
1330 3894 1547 3942 servus
1584 3895 1907 3942 servorum
1940 3876 2041 3942 dei
2087 3875 2333 3944 dilectis
2377 3875 2524 3942 filiis
2568 3877 2925 3963 preceptori
2971 3883 3035 3944 et
3077 3878 3205 3944 fra-

338 3981 543 4050 tribus
588 3980 921 4067 hospitalis
980 3987 1193 4050 sancte
1237 3981 1437 4049 Maris
1483 3981 2008 4048 Theotonicorum
2052 3983 2122 4046 in
2165 3981 2475 4048 Romania
2517 3983 2786 4050 salutem
2842 3989 2907 4050 et
2953 3991 3204 4070 aposto-

336 4088 527 4154 licam
572 4087 1089 4155 benedictionem.
1160 4087 1258 4154 De
1300 4088 1457 4155 locis
1502 4089 1716 4156 divino
1761 4089 1959 4155 cultui
2004 4088 2320 4175 deputatis
2367 4088 2434 4155 in
2480 4089 2790 4156 desiderio
2835 4096 3050 4157 nostro
3097 4112 3203 4174 ge-

336 4195 521 4277 ritur,
567 4199 659 4278 ut,
706 4214 827 4278 que
854 4194 1139 4280 ipsorum
1174 4199 1411 4262 statum
1454 4195 1895 4282 prosperitatis
1936 4195 2240 4280 obtinent,
2289 4201 2696 4279 augmentum
2739 4197 2808 4262 in
2850 4197 2964 4264 illa
3007 4199 3204 4265 susci-

338 4301 519 4386 piant
565 4306 629 4367 et
671 4301 801 4367 iam
846 4301 1126 4386 collapsa
1157 4302 1622 4388 repparationis
1653 4307 1962 4388 oportune
1993 4301 2342 4368 remedium
2373 4308 2805 4386 assequantur.
2873 4303 2976 4368 Ex
3020 4312 3204 4391 parte

336 4406 651 4492 siquidem
706 4406 919 4475 dilecti
971 4407 1087 4474 filii
1140 4407 1369 4475 nobilis
1415 4409 1537 4476 viri
1584 4407 1921 4490 G(aufridi)
1982 4409 2288 4494 principis
2330 4408 2588 4494 Achaye
2643 4408 2766 4475 fuit
2807 4412 3202 4496 propositum

336 4533 549 4581 coram
596 4515 776 4582 nobis
822 4539 1063 4582 consonat
1110 4531 1438 4596 praecedenti
1472 4531 1641 4584 bullae
1687 4549 1847 4598 usquo
1892 4515 2305 4601 supplicavit,
2352 4521 2424 4581 ut
2468 4515 2712 4582 dilectis
2755 4515 2901 4584 filiis
2949 4565 2967 4582 .
2995 4567 3010 4584 .
3058 4538 3202 4603 pre—

337 4620 580 4706 ceptori
624 4625 690 4686 et
730 4621 1031 4687 fratribus
1076 4621 1407 4707 hospitalis
1456 4622 1768 4706 eiusdem,
1832 4641 2098 4706 quorum
2145 4622 2225 4688 ad
2270 4622 2387 4690 hoc
2431 4623 2721 4690 voluntas
2768 4624 3062 4691 accedere
3106 4625 3201 4692 di-

336 4727 501 4792 citur
543 4731 609 4793 et
653 4747 963 4811 assensus,
1008 4727 1337 4794 licenciam
1369 4728 1737 4794 transeundi
1779 4728 1860 4793 ad
1900 4728 2184 4795 ordinem
2216 4735 2494 4796 vestrum
2525 4749 2668 4796 cum
2699 4729 2880 4796 bonis
2912 4730 3200 4798 omnibus

336 4832 678 4900 eorundem
708 4833 785 4900 de
814 4833 1201 4918 benignitate
1223 4834 1419 4901 solita
1445 4834 1840 4919 largiremur,
1887 4835 2222 4919 presertim
2271 4861 2440 4902 cotem
2474 4861 2530 4902 ut
2563 4851 2596 4902 1.
2623 4869 2666 4904 e.
2704 4869 2862 4918 usque
2895 4837 3200 4904 Romanie

333 4939 602 5026 imperio
646 4972 807 5022 usquo
850 4944 925 5006 ut
955 4940 1192 5008 eisdem
1236 4941 1595 5028 preceptori
1625 4946 1690 5010 et
1716 4941 2016 5010 fratribus
2049 4942 2251 5010 sancti
2279 4941 2508 5028 Iacobi,
2553 4943 2630 5026 si,
2679 4943 2844 5028 quod
2877 4944 2954 5012 de
2998 4945 3200 5031 ipsius
