3892 5609
1300 360 1569 408 APUmA.
1638 359 1854 410 Rom.
1925 361 2226 410 rumoni
3045 352 3188 422 151

330 516 507 587 155.
550 519 737 586 1278
778 522 1001 586 martii
1028 519 1117 586 23
1164 521 1423 586 Romae.
1494 521 1803 586 Nicolaus
1846 545 2026 610 papa
2056 521 2182 587 III
2214 525 2438 608 repetit
2465 521 2747 589 Honor-ii
2774 523 2898 590 HI
2931 524 3192 611 privile-

544 629 743 712 9ium,
792 629 870 692 de
914 649 1037 712 quo
1084 627 1166 712 qs.
1213 651 1412 714 supra
1454 641 1669 694 notam
1712 629 1801 693 ad
1842 629 1986 695 148
2031 631 2107 694 de
2151 629 2330 696 1220
2371 630 2522 696 iulii
2562 631 2667 697 16.

551 762 875 833 Nicolaus¹
921 767 1165 834 dilectis
1210 767 1356 834 filiis
1402 769 1704 852 magistro
1768 776 1832 836 et
1874 768 2176 837 fratribus
2222 769 2554 856 hospitalis
2602 791 2650 837 s.
2683 770 2883 838 Marie
2921 771 3194 838 Theuto-

186 921 193 928 .
322 873 612 939 nieorum
658 871 1186 940 lherosolimitani
1232 875 1499 942 salutem
1557 881 1621 942 et
1666 875 2078 962 apostolicam
2123 877 2639 944 benedictionem.
2723 877 2882 945 Cum
2929 898 2968 944 a
3009 877 3194 944 nobis

326 1016 412 1026 —
459 999 762 1066 personas
798 984 1040 1047 vestras
1086 986 1150 1047 et
1192 981 1419 1065 locum,
1468 982 1535 1047 in
1581 1002 1703 1067 quo
1751 982 1964 1048 divino
2011 983 2164 1050 estis
2211 983 2508 1066 obsequio
2554 984 2900 1069 mancipati
2931 1021 3013 1030 -
3049 1005 3192 1071 spe·

322 1085 573 1153 cialiter
619 1091 829 1153 autem
876 1087 1171 1171 decimas,
1220 1087 1459 1173 d0m08,
1506 1092 1729 1173 terras,
1776 1094 1982 1174 prata,
2031 1109 2286 1176 pascua,
2331 1109 2612 1174 nemora,
2659 1089 2897 1174 vineas,
2944 1111 3192 1177 posses-

323 1194 535 1259 siones
583 1199 647 1259 et
692 1194 817 1260 alia
862 1195 1027 1260 bona
1069 1199 1312 1278 vestra,
1368 1195 1530 1260 sicut
1574 1215 1648 1261 ea
1692 1195 1856 1262 iuste
1902 1216 1977 1263 ac
2023 1194 2280 1282 pacifice
2326 1195 2695 1282 possidetis,
2743 1197 2922 1264 vobis
2969 1203 3032 1264 et
3078 1217 3195 1284 per

320 1320 440 1366 vos
486 1300 689 1366 eidem
735 1301 1034 1387 hospitali
1080 1302 1419 1368 autoritate
1454 1301 1800 1388 apostolica
1829 1302 2272 1373 confirmamus
2305 1309 2368 1370 et
2399 1341 2474 1351 —
2515 1305 2994 1371 communimus,
3063 1303 3194 1370 Da-

322 1411 463 1474 tum
508 1405 705 1474 Rome
751 1409 918 1496 apud
964 1429 1014 1474 s.
1048 1407 1307 1476 Petrum
1350 1417 1421 1475 x⁰
1466 1409 1591 1478 kal.
1636 1409 1855 1498 aprilis
1898 1409 2301 1498 pontificatus
2345 1411 2550 1478 nostri
2594 1431 2758 1478 anno
2803 1411 2870 1476 i⁰.

542 1548 666 1600 Cum
701 1549 821 1601 dato
862 1549 1091 1615 „Bm-um
1134 1551 1199 1602 A.
1231 1549 1294 1601 16
1330 1567 1382 1617 p.
1408 1551 1493 1602 50.
1712 1553 1758 1603 1.
1796 1552 1847 1602 in
1883 1552 2111 1618 margine
2147 1551 2240 1604 iii0.

1443 1729 1617 1738 —-—-—-

332 1868 512 1940 156.
554 1871 732 1937 1524
776 1873 907 1937 dec.
940 1874 985 1937 3
1036 1871 1440 1958 Onoltzpach.
1510 1871 1806 1938 Albertus
1855 1875 2100 1938 ordinis
2139 1871 2512 1940 Theutonici
2551 1875 2851 1958 ‘maqister
2881 1871 3196 1959 ,qma-alis

554 1980 871 2044 constituit
910 1993 1352 2064 procuratores
1400 1981 1486 2044 ad
1528 1980 2018 2066 supplicandum
2070 1981 2358 2066 pontefici
2399 1983 2706 2061 maoeimo,
2766 1992 2838 2045 ut
2882 1979 3198 2062 confiwnet

554 2086 977 2150 donationem-
998 2087 1073 2150 de
1114 2089 1360 2151 ordinis
1408 2089 1587 2152 curia
1634 2087 1875 2152 Romae
1918 2089 2043 2152 sita
2079 2087 2405 2172 fratribus
2451 2090 2582 2152 suis
2621 2087 2894 2170 factam.

554 2223 627 2291 In
670 2227 925 2292 nomine
970 2227 1209 2292 domini
1252 2247 1456 2294 amen.
1526 2227 1714 2294 Anno
1746 2247 1786 2293 a
1811 2229 2146 2295 nativitate
2192 2228 2472 2295 eiusdem
2517 2226 2855 2294 millesimo
2889 2227 3198 2313 quinqua-

324 2333 569 2416 gesimo
600 2332 897 2399 vicesimo
944 2339 1167 2417 quarto
1213 2331 1553 2400 indictione
1583 2333 1955 2400 duodecima
1998 2334 2100 2402 die
2146 2335 2336 2401 tertia
2378 2334 2614 2402 mensis
2645 2333 2995 2402 decembris
3040 2334 3199 2401 hora

326 2459 741 2526 vesperarum
784 2439 884 2506 vel
928 2441 1110 2525 quasi
1153 2438 1555 2525 pontificatus
1600 2441 1983 2508 sanctissimi
2027 2442 2094 2507 in
2141 2440 2390 2508 Christo
2443 2440 2646 2527 patris
2691 2445 2757 2508 et
2800 2441 3040 2507 domini
3083 2461 3198 2507 no-

328 2547 447 2614 stri
490 2547 731 2614 domini
761 2546 1123 2631 Clementis,
1169 2546 1386 2613 divina
1431 2547 1835 2633 providencia
1879 2567 2046 2633 pape
2091 2549 2366 2635 septimi,
2412 2569 2577 2615 anno
2624 2547 2896 2615 secundo
2940 2549 3008 2614 in
3054 2567 3200 2614 arce

328 2653 553 2740 oppidi
598 2653 987 2740 Onoltzpach
1033 2655 1101 2720 in
1146 2654 1273 2721 mei
1314 2655 1547 2720 notarii
1590 2655 1827 2741 publici
1872 2657 2254 2741 testiumque
2309 2656 2478 2722 infra
2523 2656 2903 2742 scriptorum
2956 2655 3037 2720 ad
3080 2653 3199 2722 hoc

330 2760 691 2847 specialiter
721 2766 1081 2828 vocatorum
1129 2767 1194 2828 et
1236 2768 1600 2844 rogatorum
1646 2763 1973 2848 presencia
2016 2763 2434 2850 personaliter
2480 2765 2856 2830 constitutus
2902 2760 3198 2828 illustris-

330 2869 531 2934 simus
574 2868 871 2954 princeps
918 2871 982 2933 et
1016 2867 1328 2952 dominus,
1376 2867 1667 2934 domiuus
1696 2868 2019 2952 Albertus,
2066 2869 2304 2936 ordinis
2336 2869 2705 2936 Theutonici
2749 2887 3017 2952 magnus
3061 2887 3198 2934 ma-

330 2976 549 3059 gister,
595 2973 877 3040 marchio
906 2973 1551 3060 Brandenburgensis,
1596 2974 1996 3058 Stetinensis,
2040 2973 2432 3058 Pomeranie,
2475 2974 2900 3042 Cassuborum
2931 2981 2995 3041 et
3025 2973 3198 3042 Scla-

330 3101 557 3148 vorum
598 3103 733 3165 reX,
787 3081 1201 3164 burggravius
1246 3081 1770 3166 Nurmbergensis
1818 3102 1892 3148 ac
1934 3082 2136 3166 Rugie
2182 3084 2495 3169 princeps,
2541 3081 3017 3170 Herbipolensis
3061 3081 3198 3148 dio-

331 3190 514 3273 cesis,
562 3189 775 3254 dicens
822 3191 886 3254 et
928 3207 1307 3274 proponens,
1354 3209 1495 3256 cum
1542 3189 1701 3256 alias
1748 3189 2179 3256 illustrissima
2219 3189 2563 3256 dominatio
2609 3210 2725 3256 sua
2769 3189 3198 3276 superioribus

330 3296 552 3364 diebus
598 3281 1139 3362 reverendissimis
1184 3299 1249 3360 et
1292 3294 1737 3362 illustrissimis
1782 3296 2174 3382 principibus
2224 3300 2288 3361 et
2331 3295 2603 3362 dominis
2647 3295 2869 3362 Ioanni
2911 3295 3196 3379 Alberto,

330 3401 817 3488 metropolitane
844 3400 1401 3485 Magdeburgensis
1448 3407 1513 3469 et
1556 3402 1933 3469 cathedralis
1968 3401 2516 3470 Halberstadensis
2565 3403 2967 3469 ecclesiarum
3011 3403 3198 3470 coad-

330 3510 543 3592 iutori,
592 3513 655 3576 et
686 3506 1052 3595 Gumperto,
1088 3509 1345 3574 maioris
1378 3509 1638 3576 ecclesie
1664 3509 2148 3592 Bambergensis
2179 3511 2499 3593 canonico,
2545 3510 2863 3593 germanis
2893 3509 3196 3577 fratribus
3283 3505 3286 3510 ’

332 3617 463 3683 suis
496 3615 906 3699 charissimis,
953 3616 1331 3681 coniunctim
1380 3621 1445 3683 et
1472 3616 1720 3682 divisim
1766 3621 1829 3682 et
1860 3616 2184 3700 quibusvis
2231 3637 2445 3683 eorum
2490 3615 2818 3700 legittimis
2863 3616 3198 3682 heredibus

332 3721 665 3791 masculini
710 3738 919 3804 sexus,
974 3723 1271 3808 precipue
1318 3727 1529 3788 autem
1574 3722 1653 3790 ab
1697 3722 2126 3790 illustrissimo
2173 3724 2461 3811 principe
2506 3722 2760 3788 domino
2805 3727 2870 3788 et
2913 3722 3198 3804 genitore

333 3831 709 3913 eorundem,
752 3821 1047 3896 videlicet
1088 3827 1341 3894 domino
1386 3827 1707 3896 Friderico
1753 3829 2116 3898 marchione
2159 3829 2753 3913 Brandenburgensi
2796 3827 2964 3894 natis
3011 3831 3074 3894 et
3117 3848 3196 3894 ex

332 3939 556 4006 iisdem
603 3937 770 4004 natis
816 3935 1018 4002 adhuc
1061 3935 1369 4020 legittime
1412 3937 1750 4002 nascituris
1796 3937 1982 4004 titulo
2011 3957 2184 4004 mere
2215 3936 2614 4004 liberalitatis
2661 3941 2725 4002 et
2767 3934 3197 4002 irrevocabilis

335 4043 692 4111 donationis
745 4043 910 4110 inter
956 4044 1133 4109 vivos
1188 4063 1305 4128 pro
1352 4063 1419 4109 se
1465 4049 1530 4109 et
1574 4043 2049 4128 quibuscunque
2095 4043 2334 4110 ordinis
2379 4048 2444 4109 et
2487 4045 2688 4109 status
2735 4042 2835 4109 sui
2882 4061 3198 4108 successo-

332 4147 507 4220 ribus
554 4151 795 4218 curiam
840 4149 1119 4216 eiusdem
1167 4150 1404 4216 ordinis
1448 4151 1549 4216 sui
1592 4151 1661 4216 in
1690 4150 1844 4217 urbe
1871 4149 2158 4217 Romana
2202 4149 2388 4215 sitam
2435 4168 2579 4215 cum
2623 4148 2914 4215 omnibus
2959 4152 3024 4214 et
3068 4147 3198 4214 sin-

334 4259 498 4345 gulis
530 4259 811 4325 eiusdem
840 4256 1080 4339 edibuS,
1112 4255 1395 4341 edificiis,
1442 4256 1812 4342 privilegiis,
1856 4255 2276 4338 libertatibus,
2313 4255 2783 4339 emunitatibus,
2826 4257 3196 4339 redditibus,

334 4365 657 4448 censibus,
704 4363 1085 4447 accessibus,
1131 4363 1519 4446 ingressibus
1564 4369 1628 4431 et
1657 4364 2043 4450 egressibus,
2089 4363 2519 4450 pertinentiis,
2567 4363 2966 4446 adiacentiiS,
3017 4363 3199 4430 cohe-

334 4474 555 4543 tentiis
603 4477 667 4539 et
710 4471 1117 4538 servitutibus
1164 4471 1294 4536 suis
1338 4490 1538 4555 usque
1580 4472 1649 4536 in
1695 4470 1829 4537 vias
1875 4471 2161 4557 publicas
2206 4475 2270 4538 et
2313 4491 2455 4538 cum
2503 4470 2814 4555 omnibus,
2870 4490 2990 4554 que
3034 4469 3201 4536 infra

334 4581 651 4669 predictos
686 4579 1084 4645 continentur
1111 4575 1289 4661 fineS,
1334 4583 1637 4668 perpetuo
1682 4579 1821 4644 iure
1864 4577 2278 4664 possidendas
2309 4578 2554 4644 dederit
2599 4582 2662 4644 et
2705 4579 3083 4644 concesserit
3127 4596 3202 4644 ac
3255 4597 3268 4616 ·

336 4709 521 4756 omne
566 4688 665 4753 ius
712 4691 775 4752 et
820 4686 1095 4752 actiones
1151 4705 1265 4770 pro
1312 4685 1547 4752 eisdem
1594 4685 2096 4773 competentibus
2151 4685 2220 4750 in
2267 4705 2374 4750 eos
2419 4683 2844 4766 transtulerit,
2901 4683 3200 4770 quemad—

334 4795 593 4863 modum
636 4794 705 4860 in
748 4791 979 4860 litteris
1024 4796 1090 4857 et
1130 4791 1645 4878 inscriptionibus
1678 4792 1947 4878 desuper
1979 4791 2276 4858 confectis
2325 4795 2390 4857 et
2425 4791 2730 4860 emanatis
2777 4791 3022 4876 plenius
3053 4809 3201 4856 con-

336 4903 605 4985 tinetur,
662 4899 851 4985 idque
894 4895 1303 4965 beneficentio
1348 4904 1413 4964 et
1454 4897 1855 4966 liberalitatis
1910 4918 2023 4964 sue
2066 4917 2296 4964 munus
2343 4898 2510 4964 idem
2555 4898 2695 4984 ipse
2737 4895 3202 4964 illustrissimus

340 5008 632 5076 dominus
678 5027 943 5091 magnus
974 5005 1277 5090 magister
1306 5005 1561 5072 Prussie
1592 5011 1707 5074 etc.
1741 5025 1857 5092 pro
1885 5006 2108 5072 innata
2151 5024 2266 5072 sua
2309 5006 2378 5070 in
2421 5004 2736 5090 predictos
2783 5022 2930 5070 suos
2973 5004 3204 5071 fratres

3389 387 3427 398 .-
