3892 5609
1400 335 1792 385 vanfflGIA
1838 336 2231 385 GENERALIA
3096 328 3246 399 253

368 490 609 578 literis,
665 514 820 579 quas
868 497 1133 579 utreque
1177 500 1390 582 partes
1438 496 1552 563 sub
1601 518 1818 563 earum
1864 492 2122 581 sigillis⁸
2164 495 2583 583 pendentibus
2630 492 2991 563 serenitati⁴
3034 502 3251 564 nostre

369 598 643 687 desuper
674 600 921 667 dedisse
949 607 1316 687 noscuntur,
1347 602 1596 689 plenius
1627 605 1999 671 continetur.
2070 603 2201 670 Nos
2230 604 2447 689 itaque
2478 603 2630 669 visis
2662 609 2727 670 et
2754 605 2985 671 auditis
3016 606 3251 671 utrius-

371 726 498 791 que
547 709 750 794 partis
792 708 1334 795 impeticionibus,
1395 712 1695 796 quereIiS,
1761 711 2278 795 allegacionibuS,
2338 710 2883 796 responsionibus,
2939 709 3139 777 literis
3188 716 3251 776 et

369 814 784 881 munimentis
825 817 1196 899 agnovimus
1229 838 1307 883 ex
1340 817 1620 903 eisdem,¹
1645 818 1878 885 multas
1909 838 2130 885 causas
2163 821 2228 884 et
2266 816 2631 903 particulaS,
2682 836 2837 901 quas
2866 818 3005 903 ipse
3035 824 3249 903 partes

368 919 440 985 in
487 921 769 1007 ipsarum
825 922 1314 1006 allegacionibus
1367 927 1432 991 et
1485 925 2001 1011 responsionibus
2058 930 2401 1011 posuerunt
2459 923 2537 989 de
2591 925 2902 1009 presenti,
2961 946 3000 989 a
3045 925 3249 1009 longis

371 1028 712 1095 transactis
757 1030 1148 1116 temporibus
1201 1031 1643 1116 concordatas,
1703 1033 2083 1118 compositas
2142 1037 2205 1097 et
2262 1036 2407 1097 ante
2467 1037 2823 1116 presentem
2880 1030 3057 1097 litem
3116 1032 3251 1097 sive

370 1155 668 1219 guerram
712 1137 848 1203 fore
893 1137 1135 1204 decisas
1181 1142 1245 1203 et
1289 1139 1678 1223 integraliter
1723 1140 2156 1225 complanatas
2203 1145 2267 1205 et
2320 1138 2537 1205 literas
2583 1138 2705 1204 sibi
2748 1138 3021 1204 invicem
3068 1139 3250 1205 datas

373 1242 648 1329 desuper
693 1248 756 1309 et
799 1244 1158 1325 roboratas3
1205 1244 1348 1311 ideo
1395 1247 1604 1312 animo
1651 1245 1997 1314 deliberato
2044 1246 2214 1313 etde
2248 1251 2419 1312 certa
2463 1252 2683 1312 nostra
2726 1245 2998 1311 sciencia
3042 1246 3249 1332 primo

371 1368 492 1435 pro
524 1370 671 1416 vero
701 1351 840 1417 iure
883 1352 1370 1437 pronunciamus
1403 1358 1467 1419 et
1496 1353 1783 1437 dicimus,
1831 1352 2000 1438 quod
2032 1372 2247 1419 omnes
2279 1371 2467 1420 cause
2498 1357 2564 1418 et
2595 1348 2877 1436 querele⁶
2910 1354 3076 1419 inter
3106 1373 3253 1439 pre-

373 1447 578 1523 dictas
631 1462 846 1544 partes
899 1459 1218 1544 utrimque
1264 1460 1439 1544 prius
1483 1460 1666 1527 iuxta
1722 1459 2057 1527 cuiuslibet
2112 1460 2313 1546 partis
2370 1459 2700 1527 literarum
2758 1464 3042 1527 tenorem
3102 1479 3252 1527 con-

372 1564 661 1649 cordate,
709 1564 947 1649 decise,
993 1566 1338 1651 composite
1383 1571 1448 1633 et
1492 1567 1888 1654 complanate
1933 1588 1975 1633 a
2016 1566 2193 1633 nulla
2236 1573 2416 1653 parte
2462 1573 2867 1651 moveantur,
2926 1568 3034 1633 sed
3083 1567 3251 1653 quod

373 1672 728 1756 concordia,
753 1672 1132 1757 composicio
1165 1677 1230 1739 et
1251 1674 1680 1760 complanacio
1713 1679 2008 1760 pretextu
2038 1674 2464 1761 predictarum
2496 1694 2827 1741 causarum
2854 1674 3023 1740 facta
3044 1673 3250 1759 firma,

371 1778 625 1861 integra
668 1784 750 1863 et,
796 1784 986 1865 prout
1027 1779 1228 1846 literis
1273 1780 1638 1847 roboratum
1671 1787 1784 1865 est,
1833 1779 2214 1847 inviolabilis
2244 1776 2569 1847 teneatur⁶
2601 1784 2667 1846 et
2699 1781 3085 1865 observetur,
3134 1800 3251 1849 nec

375 1883 456 1951 ab
503 1884 716 1969 aliqua
757 1890 940 1973 parte
983 1892 1204 1953 contra
1249 1886 1509 1955 eandem
1559 1888 1864 1974 quidquid
1909 1888 1986 1954 dc
2030 1892 2239 1953 cetero
2284 1891 2678 1974 amputetur,
2728 1888 2949 1954 fraude
2996 1893 3061 1955 et
3104 1887 3249 1955 dolo

375 1991 763 2077 quibuslibet
809 1994 1058 2079 penitus
1104 1994 1332 2080 procul,
1369 1995 1576 2061 motis.

599 2099 759 2167 Item
804 2102 1294 2186 pronunciamus
1341 2122 1456 2189 pro
1500 2122 1650 2170 vero
1695 2102 1832 2168 iure
1879 2106 1943 2168 et
1986 2100 2285 2184 dicimus,
2334 2101 2499 2185 quod
2546 2102 2825 2186 quelibet
2876 2121 3025 2188 pars
3084 2103 3253 2169 circa

373 2212 580 2274 terras
628 2212 694 2274 et
735 2206 1021 2274 homines
1067 2228 1208 2275 cum
1238 2209 1523 2297 ipsorum
1553 2209 1961 2296 pertinenciis
1991 2207 2251 2295 pacifice
2294 2227 2667 2293 permanere
2697 2213 2760 2275 et
2789 2209 3041 2275 easdem
3073 2210 3253 2275 iuxta

370 2314 704 2381 literarum
749 2319 1054 2400 tenorem,
1103 2336 1258 2401 quas
1305 2336 1344 2381 a
1373 2316 1520 2383 sede
1561 2316 1910 2403 apostolica
1950 2333 2192 2381 necnon
2224 2335 2265 2379 a
2292 2314 2435 2381 dive
2468 2310 2801 2381 memorie⁷
2834 2317 3251 2383 serenissimis

374 2422 694 2508 quondam
724 2422 1271 2508 predecessoribus
1300 2424 1536 2491 nostris
1566 2423 1993 2490 Romanorum
2024 2422 2509 2508 imperatoribus
2542 2425 2605 2489 et
2633 2422 2905 2507 regibuS,
2944 2443 3017 2489 ac
3048 2425 3249 2490 eciam

375 2528 648 2595 aliarum
691 2528 1049 2614 literarum,
1105 2550 1261 2615 quas
1305 2530 1444 2618 ipse
1487 2537 1702 2617 partes
1747 2532 1914 2598 inter
1960 2550 2028 2597 se
2074 2550 2265 2616 super
2307 2530 2425 2596 hoc
2468 2530 2700 2596 habere
2742 2536 3117 2615 noscuntur,
3177 2551 3250 2598 eo

373 2636 566 2702 modo
611 2640 678 2702 et
715 2637 950 2720 forma,
1005 2637 1534 2722 quemadmodum
1592 2638 1844 2706 easdem
1901 2636 2182 2723 quelibet
2224 2656 2403 2723 pars,
2475 2641 2813 2720 antequam
2871 2657 3129 2724 presens
3189 2642 3255 2705 et

373 2743 726 2810 novissima
765 2742 846 2810 lis
895 2748 959 2811 et
1001 2765 1230 2828 guerra
1270 2745 1566 2812 inchoata
1611 2751 1675 2812 et
1717 2746 1973 2831 incepta
2015 2743 2167 2827 fuit,
2227 2743 2478 2827 habuit,
2540 2744 2746 2811 tenuit
2790 2750 2853 2810 et
2912 2740 3249 2830 possedit⁸,

375 2850 702 2937 possidere
756 2849 983 2918 debeat
1041 2856 1108 2918 et
1160 2871 1288 2919 una
1343 2872 1492 2939 pars
1549 2851 1816 2919 alteram
1871 2851 1938 2916 in
1998 2850 2235 2917 eisdem
2304 2846 2805 2935 quomodolibet⁹
2862 2852 3251 2939 temporibus

375 2958 704 3046 perpetuis
748 2958 1107 3024 nullatenus
1149 2959 1477 3046 impedire.

603 3064 764 3133 Item
793 3066 1058 3132 dicimus
1091 3071 1153 3133 et
1184 3066 1671 3153 pronunciamus
1705 3084 1821 3151 pro
1852 3084 2003 3131 vero
2032 3064 2190 3149 iure,
2232 3064 2511 3150 predicto
2540 3064 2722 3132 fratri
2751 3070 2966 3131 nostro
2998 3064 3252 3133 domino

376 3171 724 3241 wladislao
769 3173 904 3255 regi
949 3172 1208 3240 Polonie
1259 3178 1495 3240 terram
1540 3171 2034 3255 Dobrinensem,
2094 3178 2403 3258 quatenus
2447 3174 2517 3237 in
2562 3177 2627 3237 et
2673 3172 2749 3238 de
2803 3172 3023 3238 eadem
3083 3180 3255 3239 terra

377 3280 684 3364 magister
729 3284 793 3347 et
835 3280 934 3345 sui
989 3301 1118 3346 una
1160 3299 1304 3346 cum
1362 3280 1654 3346 omnibus
1712 3280 1852 3346 aliis
1911 3279 2167 3360 castriS,
2226 3278 2618 3362 civitatibus,
2678 3279 2917 3364 opidis,
2976 3279 3143 3345 villis
3190 3286 3257 3347 et

376 3386 562 3454 bonis
621 3386 791 3470 aliis,
862 3376 1357 3471 quibuscumque
1411 3386 1770 3453 nominibus
1835 3390 2238 3469 censeantur,
2307 3406 2449 3452 cum
2508 3386 2791 3471 ipsorum
2848 3387 3253 3472 pertinenciis

379 3494 587 3561 eidem
629 3493 815 3559 fratri
859 3498 1074 3561 nostro
1119 3494 1256 3577 regi
1299 3492 1560 3559 Polonie
1612 3499 1676 3559 et
1720 3492 1852 3559 suis
1897 3493 1965 3557 in
2021 3497 2313 3578 presente
2368 3512 2596 3576 guerra
2640 3496 2772 3559 tam
2820 3492 3254 3578 spiritualibus

380 3620 574 3687 quam
618 3600 1006 3667 secularibus
1063 3603 1584 3688 expugnaverunt
1629 3604 1694 3666 et
1747 3602 2243 3685 occupaverunt,
2299 3598 2693 3683 integraliter
2746 3599 2999 3666 restitui
3052 3604 3117 3667 et
3174 3600 3255 3667 ad

377 3707 659 3795 plenum,
707 3708 800 3775 sic
846 3708 1012 3792 quod
1058 3708 1338 3795 prefatus
1384 3708 1685 3791 magister
1715 3726 1828 3773 sno
1875 3711 1940 3787 et
1984 3707 2225 3773 ordinis
2272 3707 2369 3772 sui
2415 3708 2667 3773 nomine
2699 3706 2777 3773 de
2811 3707 3096 3794 predicta
3125 3708 3256 3774 Do-

380 3810 718 3882 brinensi¹⁰
761 3821 936 3882 terra
979 3834 1122 3881 cum
1168 3814 1458 3881 omnibus
1505 3814 1648 3881 aliis
1694 3812 2086 3898 civitatibus,
2144 3813 2349 3900 opidis
2396 3819 2461 3880 et
2504 3814 2701 3897 villis,
2763 3813 2941 3879 sicud
2986 3817 3255 3900 prescri—

379 3921 572 4004 bitur,
622 3943 697 3989 ac
740 3923 938 3989 eciam
985 3921 1342 3988 hominibus
1385 3922 1456 3987 in
1499 3920 1656 4007 ipsis
1703 3920 2073 4004 degentibus
2106 3925 2169 3987 et
2196 3921 2589 3987 morantibus
2620 3921 2734 4006 illi,
2782 3942 2968 4005 quem
3001 3921 3078 3987 ad
3113 3942 3257 3989 eum

382 4029 611 4097 abinde
657 4049 800 4095 cum
843 4029 1045 4095 literis
1090 4031 1322 4096 nostris
1369 4028 1684 4113 regalibus
1717 4027 2081 4094 duxerimus
2112 4029 2689 4113 transmittendum,
2726 4028 3077 4111 confestim,
3112 4048 3257 4095 cum

381 4135 654 4223 desuper
695 4136 888 4203 fuerit
930 4138 1293 4223 requisitus,
1339 4137 1475 4203 loco
1525 4140 1589 4203 et
1631 4136 1884 4202 nomine
1928 4134 2161 4201 nostris
2208 4136 2289 4201 ad
2334 4156 2559 4202 manus
2604 4142 2853 4202 nostras
2902 4136 3039 4201 sine
3084 4135 3267 4201 omni·

381 4242 885 4310 contradiccione
930 4248 994 4311 et
1037 4243 1343 4310 dilacione
1372 4238 1872 4310 condescendatu
1919 4241 2137 4309 eadem
2186 4242 2437 4309 deinum
2481 4244 2767 4329 predicto
2810 4243 2995 4309 fratri
3039 4246 3255 4309 nostro

381 4350 520 4434 regi
563 4348 824 4417 Polonie
869 4354 1084 4416 nostro
1129 4350 1385 4416 nomine
1428 4349 1748 4416 reddenda
1792 4350 2033 4435 pariter
2079 4352 2143 4415 et
2186 4350 2511 4415 tradenda.

607 4457 766 4524 Item
811 4478 928 4545 pro
977 4464 1160 4544 parte
1207 4456 1702 4541 Samagittarum
1761 4456 2029 4523 dicimus
2076 4461 2139 4521 et
2183 4476 2299 4543 pro
2344 4477 2493 4522 vero
2548 4456 2687 4521 iure
2741 4418 3255 4542 pronunciamuS,

383 4562 554 4649 quod
597 4564 829 4650 prefati
881 4564 1185 4647 magister
1231 4570 1294 4630 et
1340 4564 1492 4630 ordo
1539 4564 1708 4630 circa
1757 4568 1996 4629 terram
2042 4561 2401 4646 Samagitar
2402 4583 2510 4629 um
2562 4562 2743 4630 iuxta
2798 4562 3259 4628 continenciam

379 4670 734 4754 literarum,
780 4690 936 4755 quas
981 4690 1020 4737 a
1048 4670 1345 4737 Romanis
1391 4666 1790 4758 pontificibus
1837 4676 1902 4737 et
1946 4689 2125 4736 sacro
2162 4666 2643 4736 Romanorumn
2688 4669 2953 4754 imperio
3001 4668 3257 4734 ceteris-

384 4797 506 4862 que
551 4776 806 4861 regibus
863 4782 926 4843 et
978 4778 1370 4863 principibus
1431 4784 1496 4844 et
1551 4778 1884 4863 presertim
1927 4778 2127 4843 fratre
2173 4782 2387 4843 nostro
2433 4776 2689 4843 domino
2718 4774 3064 4843 Wladislao
3110 4794 3257 4857 rege

381 4882 644 4951 Polonie
703 4891 767 4952 et
779 4879 818 4914 ¹⁸
871 4884 1104 4951 illustri
1159 4885 1445 4971 principe
1489 4884 1844 4953 Withowdo
1902 4882 2147 4970 prefato
2206 4884 2364 4950 duce
2408 4882 2763 4950 Lithwanie
2821 4882 3088 4969 desuper
3150 4882 3259 4948 ob-

381 4991 587 5059 tinere
631 4996 1006 5078 noscuntur,
1063 5010 1392 5059 remanere
1435 4991 1694 5077 debent,
1759 4992 1852 5060 sic
1896 4991 2065 5078 quod
2108 4990 2234 5078 ipsi
2278 5013 2347 5059 se
2392 4991 2471 5059 de
2533 4991 2753 5058 eadem
2808 4995 2980 5058 terra
3037 4988 3258 5056 Sama-
