3892 5609
1358 1487 2219 1601 ROMANIA.

359 1920 397 1989 1
412 1918 536 1990 29.
580 1921 757 1988 1214
782 1921 955 2007 febr.
988 1922 1033 1986 4
1078 1918 1639 2008 Constantinopoli.
1706 1919 2012 2008 Pelaqius
2043 1921 2425 1987 Albanemis
2473 1889 2821 1988 cardinalis
2868 1927 3224 2010 epiecopus,

580 2053 689 2115 ap.
732 2030 858 2092 sed.
904 2028 1173 2114 laquem,
1234 2027 1539 2113 hospitali
1580 2050 1630 2091 ε.
1664 2028 1889 2093 Iacobi
1930 2029 2007 2093 de
2051 2029 2430 2095 Andrevilla
2486 2032 2557 2094 in
2601 2031 3017 2116 apostolicam
3069 2052 3224 2116 pro-

580 2137 899 2201 tectionem
942 2146 1224 2220 suscepto
1272 2147 1631 2200 enumerata
1675 2133 1839 2198 bona
1885 2147 1942 2199 et
1983 2135 2325 2221 privileqio
2371 2137 2696 2219 confirmat
2738 2149 3060 2223 auqetque.

576 2275 891 2360 Pelagine,
922 2275 1327 2342 miseratione
1358 2275 1575 2342 divina
1596 2274 1978 2342 Albanensis
2009 2276 2364 2362 episcopus,
2390 2276 2732 2362 apostolice
2763 2276 2929 2344 sedis
2960 2274 3224 2360 legatus,
3299 2257 3306 2264 ⁸

354 2383 601 2450 dilectis
644 2381 793 2448 filiis
822 2381 1146 2448 Bernardo
1190 2383 1495 2466 magistro
1542 2387 1605 2448 et
1646 2382 1947 2450 fratribus
1991 2381 2323 2470 hospitalis
2369 2385 2572 2451 sancti
2616 2384 2826 2451 Iacobi
2871 2383 2949 2450 de
2980 2383 3228 2451 Andre-

352 2489 508 2556 villa
550 2495 683 2556 tam
728 2489 1123 2574 presentibus
1170 2510 1361 2576 quam
1400 2490 1628 2556 futuris
1674 2491 1742 2555 in
1788 2494 2192 2577 perpetuum,
2253 2490 2413 2556 Cum
2443 2491 2755 2559 universis
2789 2488 3049 2558 ecclesie
3076 2487 3224 2554 filiis

353 2593 697 2664 debitores¹
744 2616 824 2662 ex
867 2596 1147 2664 iniuncto
1193 2597 1375 2664 nobis
1420 2595 1623 2663 officio
1662 2597 2028 2681 existamuS,
2074 2596 2200 2662 illis
2243 2602 2458 2664 tamen
2501 2598 2658 2664 locis
2705 2603 2893 2683 atque
2936 2597 3224 2683 personis

352 2704 753 2790 propensiori
808 2702 989 2770 nobis
1036 2705 1328 2771 convenit
1372 2704 1666 2770 karitatis
1714 2705 1921 2771 studio
1970 2704 2302 2770 imminere
2315 2754 2334 2789 ,
2394 2705 2502 2790 qui
2546 2703 2932 2770 secularibus
2982 2703 3224 2768 vanita-

350 2810 525 2877 tibus
580 2809 896 2877 derelictis
953 2817 1101 2897 post
1148 2810 1335 2878 Ihesu
1380 2810 1617 2878 Christi
1674 2816 2138 2894 unguentorum
2196 2811 2451 2877 odorem
2509 2809 2813 2877 laudabili
2868 2809 3226 2876 intencione

350 2918 659 2984 festinant
708 2901 967 3004 pietatis
1025 2937 1219 3004 opera
1274 2917 1639 2984 exercendo.
1727 2917 2117 3004 Eapropter,
2173 2916 2386 2984 dilecti
2446 2918 2515 2982 in
2543 2916 2822 2983 domino
2875 2915 2990 2982 filii
3004 2965 3023 3001 ,
3081 2936 3222 2982 cum

354 3024 670 3109 elegeritis
714 3024 917 3107 magis
963 3024 1191 3090 abiecti
1235 3044 1373 3092 esse
1428 3025 1494 3090 in
1541 3024 1727 3090 domo
1774 3023 2046 3108 domini,
2103 3043 2289 3109 quam
2349 3023 2634 3090 habitare
2688 3024 2757 3090 in
2802 3021 3222 3089 tabernaculis

350 3137 755 3218 peccatorum
766 3126 811 3214 ²,
858 3151 938 3198 ne
966 3132 1148 3214 forte,
1198 3131 1363 3215 quod
1404 3130 1590 3215 absit,
1637 3130 1973 3197 cuiuslibet
2000 3130 2378 3197 temeritatis
2409 3132 2696 3198 incursus
2730 3135 2840 3196 aut
2868 3150 2979 3196 vos
3010 3151 3049 3195 a
3076 3148 3222 3216 pro·-

351 3238 561 3324 posito
606 3242 857 3304 revocet
902 3241 1013 3302 aut
1050 3237 1244 3304 robur
1274 3241 1482 3304 vestre
1528 3256 1703 3303 sacre
1748 3236 2072 3320 religionis
2101 3236 2426 3320 infringat,
2473 3237 2792 3322 prefatum
2835 3235 3064 3318 locum,
3109 3235 3222 3303 ho-

353 3344 583 3431 spitale
628 3345 829 3410 sancti
873 3342 1083 3409 Iacobi
1125 3338 1680 3426 Andrevillensis⁸,
1737 3341 1805 3410 in
1862 3363 1986 3429 quo
2043 3343 2258 3409 divino
2313 3343 2464 3409 estis
2511 3342 2810 3428 obsequio
2853 3342 3221 3428 mancipati,

352 3471 497 3518 cum
552 3450 841 3516 omnibus
896 3449 1312 3536 hospitalibus
1369 3447 1836 3516 subiacentibus
1892 3449 2096 3516 eidem
2151 3451 2218 3516 in
2275 3449 2542 3535 imperio
2593 3449 2900 3515 Romanie
2960 3453 3025 3516 et
3080 3447 3222 3516 aliis

348 3557 758 3644 pertinenciis
804 3557 935 3622 suis
968 3577 1007 3622 a
1034 3556 1465 3623 iurisdictione
1510 3555 1843 3622 cuiuslibet
1888 3555 2308 3623 ecclesiastice
2353 3555 2729 3622 secularisve
2773 3575 3043 3642 persone
3089 3556 3221 3622 exi-

350 3664 583 3730 mimus
628 3669 693 3729 et
734 3664 948 3749 ipsum
992 3663 1070 3729 ad
1116 3663 1216 3728 ius
1264 3667 1327 3730 et
1370 3663 1822 3750 proprietatem
1870 3663 2040 3729 beati
2085 3662 2260 3730 Petri
2311 3669 2375 3730 et
2417 3662 2584 3729 sedis
2633 3662 2976 3748 apostolice
3017 3683 3221 3730 reser-

350 3774 570 3836 vantes
614 3789 918 3856 personas
964 3775 1207 3836 vestras
1250 3775 1315 3836 et
1357 3769 1567 3835 locum
1608 3769 1927 3856 prefatum
1973 3769 2089 3835 sub
2135 3769 2302 3836 beati
2337 3769 2510 3836 Petri
2557 3775 2622 3836 et
2663 3768 2832 3835 sedis
2879 3768 3220 3855 apostolice

348 3877 740 3963 protectione
784 3877 1163 3962 suscipimus
1210 3882 1275 3943 et
1317 3877 1629 3962 presentis
1674 3877 1896 3961 scripti
1951 3875 2284 3963 privilegio
2337 3875 2826 3959 communimus,
2883 3875 2954 3940 in
2997 3875 3220 3961 primis

350 3984 660 4068 siquidem
708 3987 1074 4066 statuentes,
1122 3987 1195 4048 ut
1240 3982 1391 4048 ordo
1437 3983 1614 4048 vobis
1661 4002 1992 4049 concessus
2035 4002 2074 4048 a
2103 3982 2279 4049 vobis
2325 3983 2648 4069 perpetuis
2695 3980 2931 4047 ibidem
2975 3987 3219 4068 tempo-

346 4091 525 4157 ribus
568 4089 1016 4157 inviolabiliter
1061 4089 1455 4170 observetur3
1514 4094 1835 4174 preterea,
1892 4109 2294 4174 quascunque
2337 4089 2796 4175 possessiones,
2855 4106 3220 4172 quecunque

229 4260 246 4272 ,
347 4198 517 4264 bona
570 4195 737 4262 idem
794 4195 1107 4281 hospitale
1162 4195 1325 4262 iuste
1371 4194 1471 4261 vel
1527 4195 1825 4262 canonice
1880 4195 2166 4281 possidet
2218 4201 2328 4262 aut
2381 4195 2448 4260 in
2493 4194 2774 4260 futurum
2822 4194 3220 4261 concessione

346 4301 739 4390 pontificum,
782 4301 1123 4385 largicione
1166 4321 1387 4384 regum
1434 4300 1535 4368 vel
1577 4301 1958 4388 principum,
2007 4300 2320 4368 oblatione
2365 4300 2646 4368 fidelium
2690 4320 2803 4367 seu
2849 4299 2990 4366 aliis
3033 4299 3220 4366 iustis

346 4410 553 4476 modis
599 4413 922 4496 prestante
968 4408 1221 4474 domino
1268 4409 1505 4493 poterit
1549 4408 1847 4494 adipisci,
1904 4406 2091 4474 firma
2135 4407 2312 4474 vobis
2358 4410 2710 4493 vestrisque
2755 4406 3219 4474 successoribus

348 4522 413 4586 et
456 4515 705 4583 illibata
746 4518 1177 4600 permaneant.
1246 4513 1319 4579 In
1356 4514 1583 4600 quibus
1628 4515 1745 4581 hec
1788 4515 2064 4601 propriis
2097 4514 2392 4582 duximus
2423 4515 2834 4603 exprimenda
2865 4512 3216 4580 vocabulis:

344 4621 552 4690 locum
598 4623 830 4708 ipsum,
885 4623 949 4686 in
998 4641 1119 4706 quo
1165 4622 1484 4708 prefatum
1528 4621 1839 4707 hospitale
1886 4621 2077 4686 situm
2124 4627 2238 4706 est,
2286 4641 2428 4687 cum
2475 4622 2766 4688 omnibus
2809 4621 3218 4708 pertinenciis

346 4731 509 4812 suis3
564 4727 877 4816 hospitale
932 4729 1135 4794 sancti
1191 4727 1401 4796 Iacobi
1456 4728 1534 4795 de
1586 4726 1801 4794 Macra
1844 4724 2238 4794 Atteniensis
2294 4728 2590 4810 diocesis;
2645 4727 2958 4813 hospitale
3017 4727 3220 4794 sancti

346 4836 556 4903 Iacobi
588 4834 1061 4922 Spicacenensis
1109 4839 1173 4901 et
1216 4834 1341 4903 alie
1382 4834 1625 4919 domus,
1673 4835 2102 4920 possessiones
2149 4854 2290 4900 cum
2336 4836 2558 4920 pratis,
2607 4834 2828 4918 vineis,
2875 4833 3062 4917 erbiS,
3107 4852 3218 4900 ne-

346 4941 651 5029 moribus,
698 4941 999 5026 usuagiis,
1044 4943 1317 5027 pascuis,
1362 4942 1433 5008 in
1477 4941 1665 5009 bosco
1711 4946 1776 5008 et
1820 4940 2032 5028 plano,
2080 4942 2146 5006 in
2193 4940 2374 5026 aquis
2421 4948 2486 5008 et
2528 4939 2928 5024 molendinis,
2986 4939 3052 5005 in
3100 4939 3217 5005 viis

2758 5053 2793 5106 9
