<?xml version="1.0" encoding="UTF-8"?>
<!DOCTYPE html PUBLIC "-//W3C//DTD XHTML 1.0 Transitional//EN"
    "http://www.w3.org/TR/xhtml1/DTD/xhtml1-transitional.dtd">
<html xmlns="http://www.w3.org/1999/xhtml" xml:lang="en" lang="en">
 <head>
  <title>
</title>
<meta http-equiv="Content-Type" content="text/html;charset=utf-8" />
  <meta name='ocr-system' content='tesseract 3.04.00' />
  <meta name='ocr-capabilities' content='ocr_page ocr_carea ocr_par ocr_line ocrx_word'/>
</head>
<body>
  <div class='ocr_page' id='page_1' title='image "./tabulaeordinist00stregoog_0411.png"; bbox 0 0 3892 5609; ppageno 0'>
   <div class='ocr_carea' id='block_1_1' title="bbox 1327 370 3159 444">
    <p class='ocr_par' dir='ltr' id='par_1_1' title="bbox 1327 370 3159 444">
     <span class='ocr_line' id='line_1_1' title="bbox 1327 370 3159 444; baseline 0 -13"><span class='ocrx_word' id='word_1_1' title='bbox 1327 382 1716 431; x_wconf 71' lang='lat' dir='ltr'><strong>Pnrvmrera</strong></span> <span class='ocrx_word' id='word_1_2' title='bbox 1764 382 2152 432; x_wconf 63' lang='lat' dir='ltr'><strong>sunnam</strong></span> <span class='ocrx_word' id='word_1_3' title='bbox 3010 370 3159 444; x_wconf 84' lang='lat'><strong>395</strong></span> 
     </span>
    </p>
   </div>
   <div class='ocr_carea' id='block_1_2' title="bbox 302 536 3165 871">
    <p class='ocr_par' dir='ltr' id='par_1_2' title="bbox 302 536 3165 871">
     <span class='ocr_line' id='line_1_2' title="bbox 302 536 3161 609; baseline 0.001 -18"><span class='ocrx_word' id='word_1_4' title='bbox 302 539 490 607; x_wconf 80' lang='lat' dir='ltr'><strong>jegren</strong></span> <span class='ocrx_word' id='word_1_5' title='bbox 525 538 662 607; x_wconf 86' lang='lat' dir='ltr'><strong>Dipl.</strong></span> <span class='ocrx_word' id='word_1_6' title='bbox 695 538 842 592; x_wconf 79' lang='lat' dir='ltr'><strong>Sues.</strong></span> <span class='ocrx_word' id='word_1_7' title='bbox 875 539 928 601; x_wconf 83' lang='lat'><strong>1,</strong></span> <span class='ocrx_word' id='word_1_8' title='bbox 949 536 1056 593; x_wconf 82' lang='grc'><strong>387</strong></span> <span class='ocrx_word' id='word_1_9' title='bbox 1091 556 1142 593; x_wconf 87' lang='grc'><strong>11.</strong></span> <span class='ocrx_word' id='word_1_10' title='bbox 1167 538 1299 602; x_wconf 77' lang='lat'><strong>446;</strong></span> <span class='ocrx_word' id='word_1_11' title='bbox 1344 541 1408 593; x_wconf 82' lang='lat' dir='ltr'><strong>R.</strong></span> <span class='ocrx_word' id='word_1_12' title='bbox 1433 540 1532 593; x_wconf 87' lang='grc'><strong>169</strong></span> <span class='ocrx_word' id='word_1_13' title='bbox 1567 541 1698 593; x_wconf 86' lang='lat' dir='ltr'><strong>inter</strong></span> <span class='ocrx_word' id='word_1_14' title='bbox 1731 540 2062 609; x_wconf 76' lang='lat' dir='ltr'><strong>Thuringica3</strong></span> <span class='ocrx_word' id='word_1_15' title='bbox 2108 541 2171 593; x_wconf 78' lang='lat' dir='ltr'><strong>A.</strong></span> <span class='ocrx_word' id='word_1_16' title='bbox 2198 540 2263 593; x_wconf 86' lang='lat'><strong>16</strong></span> <span class='ocrx_word' id='word_1_17' title='bbox 2298 558 2349 609; x_wconf 86' lang='lat' dir='ltr'><strong>p.</strong></span> <span class='ocrx_word' id='word_1_18' title='bbox 2368 540 2434 595; x_wconf 91' lang='grc'><strong>71</strong></span> <span class='ocrx_word' id='word_1_19' title='bbox 2480 540 2763 609; x_wconf 79' lang='lat' dir='ltr'><strong>„Colonie“.</strong></span> <span class='ocrx_word' id='word_1_20' title='bbox 2828 542 2947 594; x_wconf 75' lang='lat' dir='ltr'><strong>&#39;Pria</strong></span> <span class='ocrx_word' id='word_1_21' title='bbox 2992 550 3161 595; x_wconf 82' lang='lat' dir='ltr'><strong>trans-</strong></span> 
     </span>
     <span class='ocr_line' id='line_1_3' title="bbox 309 628 3162 699; baseline 0 -18"><span class='ocrx_word' id='word_1_22' title='bbox 309 638 475 681; x_wconf 85' lang='lat' dir='ltr'><strong>sumta</strong></span> <span class='ocrx_word' id='word_1_23' title='bbox 509 629 563 681; x_wconf 89' lang='lat' dir='ltr'><strong>in</strong></span> <span class='ocrx_word' id='word_1_24' title='bbox 599 628 796 681; x_wconf 79' lang='lat' dir='ltr'><strong>archivo</strong></span> <span class='ocrx_word' id='word_1_25' title='bbox 833 628 1200 695; x_wconf 82' lang='lat' dir='ltr'><strong>Regimontano</strong></span> <span class='ocrx_word' id='word_1_26' title='bbox 1241 631 1288 681; x_wconf 89' lang='lat'><strong>1.</strong></span> <span class='ocrx_word' id='word_1_27' title='bbox 1325 630 1376 681; x_wconf 90' lang='lat' dir='ltr'><strong>d.</strong></span> <span class='ocrx_word' id='word_1_28' title='bbox 1401 630 1452 682; x_wconf 81' lang='lat' dir='ltr'><strong>d.</strong></span> <span class='ocrx_word' id='word_1_29' title='bbox 1487 630 1657 683; x_wconf 81' lang='lat' dir='ltr'><strong>Baroli</strong></span> <span class='ocrx_word' id='word_1_30' title='bbox 1685 630 1822 683; x_wconf 82' lang='lat'><strong>1336</strong></span> <span class='ocrx_word' id='word_1_31' title='bbox 1855 630 1975 681; x_wconf 84' lang='lat' dir='ltr'><strong>maii</strong></span> <span class='ocrx_word' id='word_1_32' title='bbox 1998 630 2061 682; x_wconf 86' lang='lat'><strong>31</strong></span> <span class='ocrx_word' id='word_1_33' title='bbox 2102 647 2195 699; x_wconf 84' lang='lat' dir='ltr'><strong>per</strong></span> <span class='ocrx_word' id='word_1_34' title='bbox 2220 630 2493 699; x_wconf 84' lang='lat' dir='ltr'><strong>Rogerium</strong></span> <span class='ocrx_word' id='word_1_35' title='bbox 2530 630 2931 683; x_wconf 72' lang='lat' dir='ltr'><strong>archidiaconum</strong></span> <span class='ocrx_word' id='word_1_36' title='bbox 2963 629 3162 683; x_wconf 74' lang='lat' dir='ltr'><strong>Bar-oli-</strong></span> 
     </span>
     <span class='ocr_line' id='line_1_4' title="bbox 309 717 3165 786; baseline 0.001 -17"><span class='ocrx_word' id='word_1_37' title='bbox 309 726 501 781; x_wconf 79' lang='lat' dir='ltr'><strong>tanum,</strong></span> <span class='ocrx_word' id='word_1_38' title='bbox 536 717 923 779; x_wconf 82' lang='lat' dir='ltr'><strong>Bartholomaei‚</strong></span> <span class='ocrx_word' id='word_1_39' title='bbox 959 718 1229 770; x_wconf 82' lang='lat' dir='ltr'><strong>Tranensis</strong></span> <span class='ocrx_word' id='word_1_40' title='bbox 1263 719 1640 786; x_wconf 86' lang='lat' dir='ltr'><strong>archiepiscopi,</strong></span> <span class='ocrx_word' id='word_1_41' title='bbox 1683 720 1826 785; x_wconf 85' lang='lat' dir='ltr'><strong>regni</strong></span> <span class='ocrx_word' id='word_1_42' title='bbox 1861 719 2061 771; x_wconf 78' lang='lat' dir='ltr'><strong>Siciliae</strong></span> <span class='ocrx_word' id='word_1_43' title='bbox 2095 719 2512 782; x_wconf 79' lang='lat' dir='ltr'><strong>vicecancellarii,</strong></span> <span class='ocrx_word' id='word_1_44' title='bbox 2548 719 2782 771; x_wconf 82' lang='lat' dir='ltr'><strong>vicarium</strong></span> <span class='ocrx_word' id='word_1_45' title='bbox 2816 728 2871 771; x_wconf 88' lang='lat' dir='ltr'><strong>et</strong></span> <span class='ocrx_word' id='word_1_46' title='bbox 2903 718 3165 771; x_wconf 74' lang='lat' dir='ltr'><strong>Nicolaum</strong></span> 
     </span>
     <span class='ocr_line' id='line_1_5' title="bbox 310 806 3165 871; baseline 0.001 -14"><span class='ocrx_word' id='word_1_47' title='bbox 310 806 586 858; x_wconf 87' lang='lat' dir='ltr'><strong>Bertonum</strong></span> <span class='ocrx_word' id='word_1_48' title='bbox 620 807 834 858; x_wconf 87' lang='lat' dir='ltr'><strong>iudicem</strong></span> <span class='ocrx_word' id='word_1_49' title='bbox 867 806 1235 869; x_wconf 80' lang='lat' dir='ltr'><strong>Barolitanum3</strong></span> <span class='ocrx_word' id='word_1_50' title='bbox 1280 806 1330 858; x_wconf 86' lang='lat'><strong>2.</strong></span> <span class='ocrx_word' id='word_1_51' title='bbox 1369 806 1434 858; x_wconf 89' lang='lat' dir='ltr'><strong>de</strong></span> <span class='ocrx_word' id='word_1_52' title='bbox 1474 807 1609 859; x_wconf 82' lang='lat'><strong>1393</strong></span> <span class='ocrx_word' id='word_1_53' title='bbox 1644 807 1762 859; x_wconf 85' lang='lat' dir='ltr'><strong>maii</strong></span> <span class='ocrx_word' id='word_1_54' title='bbox 1797 808 1864 859; x_wconf 84' lang='lat'><strong>29</strong></span> <span class='ocrx_word' id='word_1_55' title='bbox 1901 808 1953 859; x_wconf 89' lang='lat' dir='ltr'><strong>in</strong></span> <span class='ocrx_word' id='word_1_56' title='bbox 1991 816 2153 861; x_wconf 86' lang='lat' dir='ltr'><strong>castro</strong></span> <span class='ocrx_word' id='word_1_57' title='bbox 2190 808 2242 861; x_wconf 84' lang='lat' dir='ltr'><strong>S.</strong></span> <span class='ocrx_word' id='word_1_58' title='bbox 2266 806 2489 871; x_wconf 79' lang='lat' dir='ltr'><strong>Maria03</strong></span> <span class='ocrx_word' id='word_1_59' title='bbox 2537 810 2588 861; x_wconf 88' lang='lat'><strong>3.</strong></span> <span class='ocrx_word' id='word_1_60' title='bbox 2626 810 2689 860; x_wconf 89' lang='lat' dir='ltr'><strong>de</strong></span> <span class='ocrx_word' id='word_1_61' title='bbox 2730 808 2865 860; x_wconf 84' lang='lat'>1412</span> <span class='ocrx_word' id='word_1_62' title='bbox 2902 808 3071 860; x_wconf 84' lang='lat' dir='ltr'><strong>decbr.</strong></span> <span class='ocrx_word' id='word_1_63' title='bbox 3094 806 3165 858; x_wconf 85' lang='lat'><strong>22</strong></span> 
     </span>
    </p>
   </div>
   <div class='ocr_carea' id='block_1_3' title="bbox 311 894 3164 1054">
    <p class='ocr_par' dir='ltr' id='par_1_3' title="bbox 311 894 3164 1054">
     <span class='ocr_line' id='line_1_6' title="bbox 311 894 3164 965; baseline 0 -18"><span class='ocrx_word' id='word_1_64' title='bbox 311 894 656 963; x_wconf 78' lang='lat' dir='ltr'><strong>Marienbnrgi</strong></span> <span class='ocrx_word' id='word_1_65' title='bbox 689 912 783 963; x_wconf 88' lang='lat' dir='ltr'><strong>per</strong></span> <span class='ocrx_word' id='word_1_66' title='bbox 802 895 1078 948; x_wconf 83' lang='lat' dir='ltr'><strong>Iohannem</strong></span> <span class='ocrx_word' id='word_1_67' title='bbox 1113 896 1541 963; x_wconf 81' lang='lat' dir='ltr'><strong>archiepiscopum</strong></span> <span class='ocrx_word' id='word_1_68' title='bbox 1561 896 1852 963; x_wconf 85' lang='lat' dir='ltr'><strong>Rigensem.</strong></span> <span class='ocrx_word' id='word_1_69' title='bbox 1904 898 1982 947; x_wconf 84' lang='lat' dir='ltr'><strong>Ex</strong></span> <span class='ocrx_word' id='word_1_70' title='bbox 2018 898 2247 965; x_wconf 81' lang='lat' dir='ltr'><strong>originali</strong></span> <span class='ocrx_word' id='word_1_71' title='bbox 2273 898 2649 951; x_wconf 74' lang='lat' dir='ltr'><strong>vindobonensi</strong></span> <span class='ocrx_word' id='word_1_72' title='bbox 2684 914 2795 950; x_wconf 88' lang='lat' dir='ltr'><strong>cum</strong></span> <span class='ocrx_word' id='word_1_73' title='bbox 2830 898 2969 949; x_wconf 87' lang='lat' dir='ltr'><strong>bulla</strong></span> <span class='ocrx_word' id='word_1_74' title='bbox 2990 898 3043 949; x_wconf 90' lang='lat' dir='ltr'><strong>in</strong></span> <span class='ocrx_word' id='word_1_75' title='bbox 3066 895 3164 949; x_wconf 81' lang='lat' dir='ltr'><strong>filis</strong></span> 
     </span>
     <span class='ocr_line' id='line_1_7' title="bbox 312 984 1568 1054; baseline 0 -17"><span class='ocrx_word' id='word_1_76' title='bbox 312 986 516 1038; x_wconf 85' lang='lat' dir='ltr'><strong>sericeis</strong></span> <span class='ocrx_word' id='word_1_77' title='bbox 553 1002 782 1054; x_wconf 81' lang='lat' dir='ltr'><strong>appensa</strong></span> <span class='ocrx_word' id='word_1_78' title='bbox 815 986 898 1037; x_wconf 89' lang='lat' dir='ltr'><strong>ed.</strong></span> <span class='ocrx_word' id='word_1_79' title='bbox 921 985 1131 1037; x_wconf 85' lang='lat' dir='ltr'><strong>Hennes</strong></span> <span class='ocrx_word' id='word_1_80' title='bbox 1166 985 1208 1048; x_wconf 87' lang='grc' dir='ltr'><strong>Ι,</strong></span> <span class='ocrx_word' id='word_1_81' title='bbox 1239 984 1339 1037; x_wconf 89' lang='grc'><strong>160</strong></span> <span class='ocrx_word' id='word_1_82' title='bbox 1371 1002 1422 1036; x_wconf 87' lang='grc'><strong>11.</strong></span> <span class='ocrx_word' id='word_1_83' title='bbox 1451 984 1568 1037; x_wconf 82' lang='grc'><em>173.</em></span> 
     </span>
    </p>
   </div>
   <div class='ocr_carea' id='block_1_4' title="bbox 320 1190 3171 1281">
    <p class='ocr_par' dir='ltr' id='par_1_4' title="bbox 320 1190 3171 1281">
     <span class='ocr_line' id='line_1_8' title="bbox 320 1190 3171 1281; baseline -0.001 -20"><span class='ocrx_word' id='word_1_84' title='bbox 320 1190 496 1263; x_wconf 85' lang='grc'><em>578.</em></span> <span class='ocrx_word' id='word_1_85' title='bbox 538 1192 715 1259; x_wconf 88' lang='grc'><em>1258</em></span> <span class='ocrx_word' id='word_1_86' title='bbox 755 1196 917 1259; x_wconf 80' lang='lat' dir='ltr'><strong>maii</strong></span> <span class='ocrx_word' id='word_1_87' title='bbox 954 1194 1043 1259; x_wconf 83' lang='lat'><strong>18</strong></span> <span class='ocrx_word' id='word_1_88' title='bbox 1092 1192 1357 1261; x_wconf 74' lang='lat' dir='ltr'><strong>Viterbii</strong></span> <span class='ocrx_word' id='word_1_89' title='bbox 1409 1191 1535 1277; x_wconf 73' lang='lat' dir='ltr'><strong>(qs.</strong></span> <span class='ocrx_word' id='word_1_90' title='bbox 1579 1193 1756 1260; x_wconf 85' lang='grc'><em>1259</em></span> <span class='ocrx_word' id='word_1_91' title='bbox 1809 1194 2039 1281; x_wconf 78' lang='lat' dir='ltr'><strong>aprilis</strong></span> <span class='ocrx_word' id='word_1_92' title='bbox 2076 1193 2230 1275; x_wconf 87' lang='grc'><em>24).</em></span> <span class='ocrx_word' id='word_1_93' title='bbox 2324 1194 2688 1260; x_wconf 70' lang='lat' dir='ltr'><strong>Alexander</strong></span> <span class='ocrx_word' id='word_1_94' title='bbox 2731 1192 2845 1261; x_wconf 83' lang='lat' dir='ltr'><strong>IV</strong></span> <span class='ocrx_word' id='word_1_95' title='bbox 2892 1194 3171 1260; x_wconf 80' lang='lat' dir='ltr'><strong>concedit</strong></span> 
     </span>
    </p>
   </div>
   <div class='ocr_carea' id='block_1_5' title="bbox 536 1298 3169 1497">
    <p class='ocr_par' dir='ltr' id='par_1_5' title="bbox 536 1298 3169 1497">
     <span class='ocr_line' id='line_1_9' title="bbox 538 1298 3169 1387; baseline 0.001 -23"><span class='ocrx_word' id='word_1_96' title='bbox 538 1302 753 1365; x_wconf 73' lang='lat' dir='ltr'><strong>ordini</strong></span> <span class='ocrx_word' id='word_1_97' title='bbox 801 1298 1178 1367; x_wconf 72' lang='lat' dir='ltr'><strong>Theutom&#39;co</strong></span> <span class='ocrx_word' id='word_1_98' title='bbox 1191 1348 1211 1381; x_wconf 86' lang='lat'>,</span> <span class='ocrx_word' id='word_1_99' title='bbox 1273 1301 1445 1387; x_wconf 80' lang='lat' dir='ltr'><strong>qaod</strong></span> <span class='ocrx_word' id='word_1_100' title='bbox 1487 1301 1845 1387; x_wconf 73' lang='lat' dir='ltr'><strong>presbyteri</strong></span> <span class='ocrx_word' id='word_1_101' title='bbox 1884 1303 2015 1366; x_wconf 71' lang='lat' dir='ltr'><strong>eius</strong></span> <span class='ocrx_word' id='word_1_102' title='bbox 2052 1301 2378 1387; x_wconf 76' lang='lat' dir='ltr'><strong>fratribus</strong></span> <span class='ocrx_word' id='word_1_103' title='bbox 2424 1302 2497 1367; x_wconf 81' lang='lat' dir='ltr'><strong>ob</strong></span> <span class='ocrx_word' id='word_1_104' title='bbox 2545 1315 2713 1370; x_wconf 76' lang='lat' dir='ltr'><strong>certa</strong></span> <span class='ocrx_word' id='word_1_105' title='bbox 2755 1301 2981 1367; x_wconf 74' lang='lat' dir='ltr'><strong>delicta</strong></span> <span class='ocrx_word' id='word_1_106' title='bbox 3025 1312 3169 1367; x_wconf 77' lang='lat' dir='ltr'><strong>ante</strong></span> 
     </span>
     <span class='ocr_line' id='line_1_10' title="bbox 536 1408 2573 1497; baseline 0 -24"><span class='ocrx_word' id='word_1_107' title='bbox 536 1420 886 1493; x_wconf 76' lang='lat' dir='ltr'><strong>susceptum</strong></span> <span class='ocrx_word' id='word_1_108' title='bbox 927 1408 1206 1473; x_wconf 74' lang='lat' dir='ltr'><strong>habitam</strong></span> <span class='ocrx_word' id='word_1_109' title='bbox 1252 1410 1582 1474; x_wconf 76' lang='lat' dir='ltr'><strong>commissa</strong></span> <span class='ocrx_word' id='word_1_110' title='bbox 1623 1408 2073 1475; x_wconf 74' lang='lat' dir='ltr'><strong>absolutionem</strong></span> <span class='ocrx_word' id='word_1_111' title='bbox 2116 1410 2271 1475; x_wconf 79' lang='lat' dir='ltr'><strong>dare</strong></span> <span class='ocrx_word' id='word_1_112' title='bbox 2310 1413 2573 1497; x_wconf 72' lang='lat' dir='ltr'><strong>possint.</strong></span> 
     </span>
    </p>
   </div>
   <div class='ocr_carea' id='block_1_6' title="bbox 315 1547 3177 3139">
    <p class='ocr_par' dir='ltr' id='par_1_6' title="bbox 315 1547 3177 3139">
     <span class='ocr_line' id='line_1_11' title="bbox 536 1547 3168 1635; baseline 0.001 -20"><span class='ocrx_word' id='word_1_113' title='bbox 536 1547 896 1615; x_wconf 80' lang='lat' dir='ltr'><strong>Alexander</strong></span> <span class='ocrx_word' id='word_1_114' title='bbox 927 1548 1255 1635; x_wconf 88' lang='lat' dir='ltr'><strong>episcopus</strong></span> <span class='ocrx_word' id='word_1_115' title='bbox 1285 1568 1501 1615; x_wconf 86' lang='lat' dir='ltr'><strong>servus</strong></span> <span class='ocrx_word' id='word_1_116' title='bbox 1531 1568 1854 1615; x_wconf 88' lang='lat' dir='ltr'><strong>servorum</strong></span> <span class='ocrx_word' id='word_1_117' title='bbox 1901 1548 2003 1616; x_wconf 89' lang='lat' dir='ltr'><strong>dei</strong></span> <span class='ocrx_word' id='word_1_118' title='bbox 2046 1549 2291 1618; x_wconf 88' lang='lat' dir='ltr'><strong>dilectis</strong></span> <span class='ocrx_word' id='word_1_119' title='bbox 2320 1548 2469 1617; x_wconf 88' lang='lat' dir='ltr'><strong>filiis</strong></span> <span class='ocrx_word' id='word_1_120' title='bbox 2516 1599 2531 1615; x_wconf 92' lang='lat'><strong>.</strong></span> <span class='ocrx_word' id='word_1_121' title='bbox 2554 1599 2571 1615; x_wconf 91' lang='lat'><strong>.</strong></span> <span class='ocrx_word' id='word_1_122' title='bbox 2618 1549 2920 1635; x_wconf 80' lang='lat' dir='ltr'><strong>magistro</strong></span> <span class='ocrx_word' id='word_1_123' title='bbox 2951 1557 3015 1619; x_wconf 90' lang='lat' dir='ltr'><strong>et</strong></span> <span class='ocrx_word' id='word_1_124' title='bbox 3040 1549 3168 1617; x_wconf 88' lang='lat' dir='ltr'><strong>fra-</strong></span> 
     </span>
     <span class='ocr_line' id='line_1_12' title="bbox 315 1654 3169 1745; baseline 0.001 -22"><span class='ocrx_word' id='word_1_125' title='bbox 315 1655 519 1723; x_wconf 88' lang='lat' dir='ltr'><strong>tribus</strong></span> <span class='ocrx_word' id='word_1_126' title='bbox 577 1654 906 1743; x_wconf 88' lang='lat' dir='ltr'><strong>hospitalis</strong></span> <span class='ocrx_word' id='word_1_127' title='bbox 963 1660 1176 1723; x_wconf 86' lang='lat' dir='ltr'><strong>sancte</strong></span> <span class='ocrx_word' id='word_1_128' title='bbox 1232 1655 1431 1722; x_wconf 85' lang='lat' dir='ltr'><strong>Marie</strong></span> <span class='ocrx_word' id='word_1_129' title='bbox 1489 1656 2014 1724; x_wconf 86' lang='lat' dir='ltr'><strong>Theutonicorum</strong></span> <span class='ocrx_word' id='word_1_130' title='bbox 2072 1655 2339 1723; x_wconf 88' lang='lat' dir='ltr'><strong>salutem</strong></span> <span class='ocrx_word' id='word_1_131' title='bbox 2395 1662 2460 1724; x_wconf 91' lang='lat' dir='ltr'><strong>et</strong></span> <span class='ocrx_word' id='word_1_132' title='bbox 2515 1657 2922 1745; x_wconf 86' lang='lat' dir='ltr'><strong>apostolicam</strong></span> <span class='ocrx_word' id='word_1_133' title='bbox 2979 1658 3169 1725; x_wconf 89' lang='lat' dir='ltr'><strong>bene-</strong></span> 
     </span>
     <span class='ocr_line' id='line_1_13' title="bbox 317 1762 3171 1851; baseline 0.001 -22"><span class='ocrx_word' id='word_1_134' title='bbox 317 1762 673 1829; x_wconf 85' lang='lat' dir='ltr'><strong>dictionem.</strong></span> <span class='ocrx_word' id='word_1_135' title='bbox 895 1762 997 1829; x_wconf 83' lang='lat' dir='ltr'><strong>Ex</strong></span> <span class='ocrx_word' id='word_1_136' title='bbox 1051 1768 1232 1848; x_wconf 88' lang='lat' dir='ltr'><strong>parte</strong></span> <span class='ocrx_word' id='word_1_137' title='bbox 1278 1767 1490 1830; x_wconf 87' lang='lat' dir='ltr'><strong>vestra</strong></span> <span class='ocrx_word' id='word_1_138' title='bbox 1542 1763 1665 1829; x_wconf 87' lang='lat' dir='ltr'><strong>fuit</strong></span> <span class='ocrx_word' id='word_1_139' title='bbox 1713 1766 2109 1851; x_wconf 90' lang='lat' dir='ltr'><strong>propositum</strong></span> <span class='ocrx_word' id='word_1_140' title='bbox 2153 1783 2364 1831; x_wconf 85' lang='lat' dir='ltr'><strong>coram</strong></span> <span class='ocrx_word' id='word_1_141' title='bbox 2406 1764 2618 1849; x_wconf 89' lang='lat' dir='ltr'><strong>nobis,</strong></span> <span class='ocrx_word' id='word_1_142' title='bbox 2675 1765 2841 1851; x_wconf 87' lang='lat' dir='ltr'><strong>quod</strong></span> <span class='ocrx_word' id='word_1_143' title='bbox 2884 1764 3171 1833; x_wconf 84' lang='lat' dir='ltr'><strong>nonnulli</strong></span> 
     </span>
     <span class='ocr_line' id='line_1_14' title="bbox 318 1870 3171 1959; baseline 0 -21"><span class='ocrx_word' id='word_1_144' title='bbox 318 1890 400 1938; x_wconf 87' lang='lat' dir='ltr'><strong>ex</strong></span> <span class='ocrx_word' id='word_1_145' title='bbox 441 1870 740 1937; x_wconf 71' lang='lat' dir='ltr'><strong>fieti-ibus</strong></span> <span class='ocrx_word' id='word_1_146' title='bbox 785 1870 1022 1936; x_wconf 79' lang='lat' dir='ltr'><strong>ordinis</strong></span> <span class='ocrx_word' id='word_1_147' title='bbox 1065 1871 1260 1937; x_wconf 81' lang='lat' dir='ltr'><strong>vestri</strong></span> <span class='ocrx_word' id='word_1_148' title='bbox 1275 1920 1294 1951; x_wconf 87' lang='lat'>,</span> <span class='ocrx_word' id='word_1_149' title='bbox 1341 1871 1490 1937; x_wconf 91' lang='lat' dir='ltr'><strong>dum</strong></span> <span class='ocrx_word' id='word_1_150' title='bbox 1543 1870 1748 1937; x_wconf 85' lang='lat' dir='ltr'><strong>adhuc</strong></span> <span class='ocrx_word' id='word_1_151' title='bbox 1787 1876 2116 1938; x_wconf 86' lang='lat' dir='ltr'><strong>manerent</strong></span> <span class='ocrx_word' id='word_1_152' title='bbox 2158 1872 2227 1938; x_wconf 91' lang='lat' dir='ltr'><strong>in</strong></span> <span class='ocrx_word' id='word_1_153' title='bbox 2270 1872 2511 1957; x_wconf 89' lang='lat' dir='ltr'><strong>seculo,</strong></span> <span class='ocrx_word' id='word_1_154' title='bbox 2557 1874 2834 1959; x_wconf 78' lang='lat' dir='ltr'><strong>rapinas,</strong></span> <span class='ocrx_word' id='word_1_155' title='bbox 2880 1872 3171 1939; x_wconf 89' lang='lat' dir='ltr'><strong>incendia</strong></span> 
     </span>
     <span class='ocr_line' id='line_1_15' title="bbox 319 1974 3171 2066; baseline 0.001 -21"><span class='ocrx_word' id='word_1_156' title='bbox 319 1982 384 2045; x_wconf 85' lang='lat' dir='ltr'><strong>et</strong></span> <span class='ocrx_word' id='word_1_157' title='bbox 425 1974 974 2064; x_wconf 82' lang='lat' dir='ltr'><strong>depopulaciones²</strong></span> <span class='ocrx_word' id='word_1_158' title='bbox 1015 1996 1225 2043; x_wconf 89' lang='lat' dir='ltr'><strong>rerum</strong></span> <span class='ocrx_word' id='word_1_159' title='bbox 1273 1978 1738 2065; x_wconf 85' lang='lat' dir='ltr'><strong>quamplurium</strong></span> <span class='ocrx_word' id='word_1_160' title='bbox 1793 1979 2273 2063; x_wconf 87' lang='lat' dir='ltr'><strong>commiserunt,</strong></span> <span class='ocrx_word' id='word_1_161' title='bbox 2330 1983 2591 2066; x_wconf 85' lang='lat' dir='ltr'><strong>propter</strong></span> <span class='ocrx_word' id='word_1_162' title='bbox 2629 1980 2795 2066; x_wconf 90' lang='lat' dir='ltr'><strong>quod</strong></span> <span class='ocrx_word' id='word_1_163' title='bbox 2848 1980 3171 2047; x_wconf 86' lang='lat' dir='ltr'><strong>humiliter</strong></span> 
     </span>
     <span class='ocr_line' id='line_1_16' title="bbox 317 2083 3166 2172; baseline 0.001 -21"><span class='ocrx_word' id='word_1_164' title='bbox 317 2084 662 2170; x_wconf 83' lang='lat' dir='ltr'><strong>petivistis,</strong></span> <span class='ocrx_word' id='word_1_165' title='bbox 717 2089 790 2151; x_wconf 90' lang='lat' dir='ltr'><strong>ut</strong></span> <span class='ocrx_word' id='word_1_166' title='bbox 847 2104 1063 2151; x_wconf 92' lang='lat' dir='ltr'><strong>eorum</strong></span> <span class='ocrx_word' id='word_1_167' title='bbox 1120 2086 1187 2151; x_wconf 91' lang='lat' dir='ltr'><strong>in</strong></span> <span class='ocrx_word' id='word_1_168' title='bbox 1239 2083 1358 2151; x_wconf 90' lang='lat' dir='ltr'><strong>hac</strong></span> <span class='ocrx_word' id='word_1_169' title='bbox 1411 2090 1590 2170; x_wconf 82' lang='lat' dir='ltr'><strong>parte</strong></span> <span class='ocrx_word' id='word_1_170' title='bbox 1645 2084 1976 2172; x_wconf 86' lang='lat' dir='ltr'><strong>providere</strong></span> <span class='ocrx_word' id='word_1_171' title='bbox 2022 2085 2210 2152; x_wconf 84' lang='lat' dir='ltr'><strong>saluti</strong></span> <span class='ocrx_word' id='word_1_172' title='bbox 2254 2085 2740 2153; x_wconf 83' lang='lat' dir='ltr'><strong>misericorditer</strong></span> <span class='ocrx_word' id='word_1_173' title='bbox 2784 2106 3166 2154; x_wconf 79' lang='lat' dir='ltr'><strong>curaremus.</strong></span> 
     </span>
     <span class='ocr_line' id='line_1_17' title="bbox 317 2190 3171 2278; baseline 0.001 -20"><span class='ocrx_word' id='word_1_174' title='bbox 317 2190 448 2258; x_wconf 89' lang='lat' dir='ltr'><strong>Nos</strong></span> <span class='ocrx_word' id='word_1_175' title='bbox 491 2191 704 2277; x_wconf 88' lang='lat' dir='ltr'><strong>itaque</strong></span> <span class='ocrx_word' id='word_1_176' title='bbox 734 2194 960 2259; x_wconf 85' lang='lat' dir='ltr'><strong>vestris</strong></span> <span class='ocrx_word' id='word_1_177' title='bbox 1005 2192 1246 2259; x_wconf 84' lang='lat' dir='ltr'><strong>devotis</strong></span> <span class='ocrx_word' id='word_1_178' title='bbox 1289 2191 1580 2278; x_wconf 85' lang='lat' dir='ltr'><strong>precibus</strong></span> <span class='ocrx_word' id='word_1_179' title='bbox 1623 2190 1908 2257; x_wconf 85' lang='lat' dir='ltr'><strong>inclinati</strong></span> <span class='ocrx_word' id='word_1_180' title='bbox 1952 2193 2349 2278; x_wconf 88' lang='lat' dir='ltr'><strong>presencium</strong></span> <span class='ocrx_word' id='word_1_181' title='bbox 2387 2193 2564 2260; x_wconf 82' lang='lat' dir='ltr'><strong>vobis</strong></span> <span class='ocrx_word' id='word_1_182' title='bbox 2608 2194 2978 2261; x_wconf 84' lang='lat' dir='ltr'><strong>auctoritate</strong></span> <span class='ocrx_word' id='word_1_183' title='bbox 3022 2213 3171 2261; x_wconf 88' lang='lat' dir='ltr'><strong>con-</strong></span> 
     </span>
     <span class='ocr_line' id='line_1_18' title="bbox 319 2298 3169 2389; baseline 0.001 -24"><span class='ocrx_word' id='word_1_184' title='bbox 319 2298 628 2382; x_wconf 81' lang='lat' dir='ltr'><strong>cedimus,</strong></span> <span class='ocrx_word' id='word_1_185' title='bbox 685 2300 851 2385; x_wconf 88' lang='lat' dir='ltr'><strong>quod</strong></span> <span class='ocrx_word' id='word_1_186' title='bbox 901 2300 1130 2367; x_wconf 86' lang='lat' dir='ltr'><strong>fratres</strong></span> <span class='ocrx_word' id='word_1_187' title='bbox 1173 2300 1368 2366; x_wconf 85' lang='lat' dir='ltr'><strong>vestri</strong></span> <span class='ocrx_word' id='word_1_188' title='bbox 1423 2298 1756 2385; x_wconf 82' lang='lat' dir='ltr'><strong>presbiteri</strong></span> <span class='ocrx_word' id='word_1_189' title='bbox 1811 2300 2059 2385; x_wconf 84' lang='lat' dir='ltr'><strong>providi</strong></span> <span class='ocrx_word' id='word_1_190' title='bbox 2116 2305 2180 2366; x_wconf 87' lang='lat' dir='ltr'><strong>et</strong></span> <span class='ocrx_word' id='word_1_191' title='bbox 2231 2300 2487 2367; x_wconf 88' lang='lat' dir='ltr'><strong>discreti</strong></span> <span class='ocrx_word' id='word_1_192' title='bbox 2531 2300 2983 2369; x_wconf 84' lang='lat' dir='ltr'><strong>confessionem</strong></span> <span class='ocrx_word' id='word_1_193' title='bbox 3025 2320 3169 2389; x_wconf 89' lang='lat' dir='ltr'><strong>pre-</strong></span> 
     </span>
     <span class='ocr_line' id='line_1_19' title="bbox 319 2405 3171 2495; baseline 0.001 -23"><span class='ocrx_word' id='word_1_194' title='bbox 319 2405 628 2473; x_wconf 89' lang='lat' dir='ltr'><strong>dictorum</strong></span> <span class='ocrx_word' id='word_1_195' title='bbox 671 2406 960 2492; x_wconf 84' lang='lat' dir='ltr'><strong>fratrum,</strong></span> <span class='ocrx_word' id='word_1_196' title='bbox 1008 2409 1115 2493; x_wconf 89' lang='lat' dir='ltr'><strong>qui</strong></span> <span class='ocrx_word' id='word_1_197' title='bbox 1159 2408 1316 2474; x_wconf 88' lang='lat' dir='ltr'><strong>talia</strong></span> <span class='ocrx_word' id='word_1_198' title='bbox 1357 2406 1826 2489; x_wconf 86' lang='lat' dir='ltr'><strong>commiserunt,</strong></span> <span class='ocrx_word' id='word_1_199' title='bbox 1871 2426 2015 2473; x_wconf 82' lang='lat' dir='ltr'><strong>cum</strong></span> <span class='ocrx_word' id='word_1_200' title='bbox 2062 2427 2251 2495; x_wconf 89' lang='lat' dir='ltr'><strong>super</strong></span> <span class='ocrx_word' id='word_1_201' title='bbox 2278 2407 2397 2475; x_wconf 91' lang='lat' dir='ltr'><strong>hoc</strong></span> <span class='ocrx_word' id='word_1_202' title='bbox 2440 2408 2519 2474; x_wconf 86' lang='lat' dir='ltr'><strong>ab</strong></span> <span class='ocrx_word' id='word_1_203' title='bbox 2565 2408 2656 2475; x_wconf 90' lang='lat' dir='ltr'><strong>eis</strong></span> <span class='ocrx_word' id='word_1_204' title='bbox 2700 2408 2935 2476; x_wconf 89' lang='lat' dir='ltr'><strong>fuerint</strong></span> <span class='ocrx_word' id='word_1_205' title='bbox 2960 2407 3171 2495; x_wconf 88' lang='lat' dir='ltr'><strong>requi-</strong></span> 
     </span>
     <span class='ocr_line' id='line_1_20' title="bbox 319 2512 3173 2602; baseline 0.002 -23"><span class='ocrx_word' id='word_1_206' title='bbox 319 2513 448 2598; x_wconf 86' lang='lat' dir='ltr'><strong>siti,</strong></span> <span class='ocrx_word' id='word_1_207' title='bbox 502 2512 764 2580; x_wconf 86' lang='lat' dir='ltr'><strong>audiant</strong></span> <span class='ocrx_word' id='word_1_208' title='bbox 807 2518 870 2581; x_wconf 90' lang='lat' dir='ltr'><strong>et</strong></span> <span class='ocrx_word' id='word_1_209' title='bbox 913 2516 1069 2601; x_wconf 88' lang='lat' dir='ltr'><strong>ipsis</strong></span> <span class='ocrx_word' id='word_1_210' title='bbox 1113 2516 1292 2582; x_wconf 86' lang='lat' dir='ltr'><strong>iuxta</strong></span> <span class='ocrx_word' id='word_1_211' title='bbox 1333 2515 1600 2581; x_wconf 81' lang='lat' dir='ltr'><strong>formam</strong></span> <span class='ocrx_word' id='word_1_212' title='bbox 1646 2512 1905 2580; x_wconf 84' lang='lat' dir='ltr'><strong>ecclesie</strong></span> <span class='ocrx_word' id='word_1_213' title='bbox 1950 2513 2365 2582; x_wconf 82' lang='lat' dir='ltr'><strong>absolucionis</strong></span> <span class='ocrx_word' id='word_1_214' title='bbox 2411 2514 2780 2583; x_wconf 86' lang='lat' dir='ltr'><strong>beneficium</strong></span> <span class='ocrx_word' id='word_1_215' title='bbox 2821 2516 3173 2602; x_wconf 85' lang='lat' dir='ltr'><strong>largiantur</strong></span> 
     </span>
     <span class='ocr_line' id='line_1_21' title="bbox 323 2620 3173 2710; baseline 0.002 -23"><span class='ocrx_word' id='word_1_216' title='bbox 323 2640 396 2687; x_wconf 86' lang='lat' dir='ltr'><strong>ac</strong></span> <span class='ocrx_word' id='word_1_217' title='bbox 445 2620 780 2705; x_wconf 84' lang='lat' dir='ltr'><strong>iniungant</strong></span> <span class='ocrx_word' id='word_1_218' title='bbox 831 2623 1028 2689; x_wconf 87' lang='lat' dir='ltr'><strong>eciam</strong></span> <span class='ocrx_word' id='word_1_219' title='bbox 1073 2622 1492 2710; x_wconf 83' lang='lat' dir='ltr'><strong>penitenciam</strong></span> <span class='ocrx_word' id='word_1_220' title='bbox 1539 2621 1878 2688; x_wconf 82' lang='lat' dir='ltr'><strong>salutarem</strong></span> <span class='ocrx_word' id='word_1_221' title='bbox 1893 2670 1912 2705; x_wconf 87' lang='lat'>,</span> <span class='ocrx_word' id='word_1_222' title='bbox 1968 2622 2061 2688; x_wconf 86' lang='lat' dir='ltr'><strong>ita</strong></span> <span class='ocrx_word' id='word_1_223' title='bbox 2101 2627 2345 2709; x_wconf 87' lang='lat' dir='ltr'><strong>tamen,</strong></span> <span class='ocrx_word' id='word_1_224' title='bbox 2405 2624 2571 2709; x_wconf 87' lang='lat' dir='ltr'><strong>quod</strong></span> <span class='ocrx_word' id='word_1_225' title='bbox 2612 2623 2879 2710; x_wconf 86' lang='lat' dir='ltr'><strong>predicti</strong></span> <span class='ocrx_word' id='word_1_226' title='bbox 2920 2626 3173 2710; x_wconf 83' lang='lat' dir='ltr'><strong>fratres,</strong></span> 
     </span>
     <span class='ocr_line' id='line_1_22' title="bbox 323 2728 3173 2817; baseline 0.001 -24"><span class='ocrx_word' id='word_1_227' title='bbox 323 2728 432 2814; x_wconf 89' lang='lat' dir='ltr'><strong>qui</strong></span> <span class='ocrx_word' id='word_1_228' title='bbox 477 2747 546 2794; x_wconf 89' lang='lat' dir='ltr'><strong>se</strong></span> <span class='ocrx_word' id='word_1_229' title='bbox 590 2734 889 2815; x_wconf 88' lang='lat' dir='ltr'><strong>reputant</strong></span> <span class='ocrx_word' id='word_1_230' title='bbox 928 2730 1124 2797; x_wconf 86' lang='lat' dir='ltr'><strong>fuisse</strong></span> <span class='ocrx_word' id='word_1_231' title='bbox 1167 2728 1508 2817; x_wconf 85' lang='lat' dir='ltr'><strong>culpabiles</strong></span> <span class='ocrx_word' id='word_1_232' title='bbox 1555 2730 1622 2795; x_wconf 92' lang='lat' dir='ltr'><strong>in</strong></span> <span class='ocrx_word' id='word_1_233' title='bbox 1650 2728 1998 2815; x_wconf 85' lang='lat' dir='ltr'><strong>premissis,</strong></span> <span class='ocrx_word' id='word_1_234' title='bbox 2044 2730 2181 2797; x_wconf 87' lang='lat' dir='ltr'><strong>sine</strong></span> <span class='ocrx_word' id='word_1_235' title='bbox 2210 2730 2491 2817; x_wconf 88' lang='lat' dir='ltr'><strong>ipsorum</strong></span> <span class='ocrx_word' id='word_1_236' title='bbox 2524 2730 2811 2797; x_wconf 87' lang='lat' dir='ltr'><strong>discursu</strong></span> <span class='ocrx_word' id='word_1_237' title='bbox 2843 2752 2953 2799; x_wconf 87' lang='lat' dir='ltr'><strong>seu</strong></span> <span class='ocrx_word' id='word_1_238' title='bbox 2982 2752 3173 2816; x_wconf 81' lang='lat' dir='ltr'><strong>vaga-</strong></span> 
     </span>
     <span class='ocr_line' id='line_1_23' title="bbox 321 2834 3175 2924; baseline 0.002 -23"><span class='ocrx_word' id='word_1_239' title='bbox 321 2836 522 2920; x_wconf 89' lang='lat' dir='ltr'><strong>cione‚</strong></span> <span class='ocrx_word' id='word_1_240' title='bbox 569 2854 758 2919; x_wconf 86' lang='lat' dir='ltr'><strong>quam</strong></span> <span class='ocrx_word' id='word_1_241' title='bbox 801 2834 938 2903; x_wconf 87' lang='lat' dir='ltr'><strong>fieri</strong></span> <span class='ocrx_word' id='word_1_242' title='bbox 981 2838 1234 2924; x_wconf 88' lang='lat' dir='ltr'><strong>penitus</strong></span> <span class='ocrx_word' id='word_1_243' title='bbox 1277 2836 1653 2920; x_wconf 87' lang='lat' dir='ltr'><strong>inhibemus,</strong></span> <span class='ocrx_word' id='word_1_244' title='bbox 1699 2834 1940 2903; x_wconf 85' lang='lat' dir='ltr'><strong>devotis</strong></span> <span class='ocrx_word' id='word_1_245' title='bbox 1986 2837 2301 2904; x_wconf 88' lang='lat' dir='ltr'><strong>mentibus</strong></span> <span class='ocrx_word' id='word_1_246' title='bbox 2328 2838 2509 2903; x_wconf 86' lang='lat' dir='ltr'><strong>iuxta</strong></span> <span class='ocrx_word' id='word_1_247' title='bbox 2536 2838 2865 2905; x_wconf 88' lang='lat' dir='ltr'><strong>consilium</strong></span> <span class='ocrx_word' id='word_1_248' title='bbox 2895 2844 3175 2907; x_wconf 87' lang='lat' dir='ltr'><strong>vestrum</strong></span> 
     </span>
     <span class='ocr_line' id='line_1_24' title="bbox 321 2934 3174 3031; baseline 0.001 -21"><span class='ocrx_word' id='word_1_249' title='bbox 321 2941 614 3010; x_wconf 84' lang='lat' dir='ltr'><strong>ordinent</strong></span> <span class='ocrx_word' id='word_1_250' title='bbox 660 2948 724 3010; x_wconf 89' lang='lat' dir='ltr'><strong>ct</strong></span> <span class='ocrx_word' id='word_1_251' title='bbox 763 2950 1124 3031; x_wconf 87' lang='lat' dir='ltr'><strong>procurent,</strong></span> <span class='ocrx_word' id='word_1_252' title='bbox 1169 2949 1242 3010; x_wconf 90' lang='lat' dir='ltr'><strong>ut</strong></span> <span class='ocrx_word' id='word_1_253' title='bbox 1285 2943 1364 3011; x_wconf 88' lang='lat' dir='ltr'><strong>de</strong></span> <span class='ocrx_word' id='word_1_254' title='bbox 1408 2944 1589 3011; x_wconf 89' lang='lat' dir='ltr'><strong>bonis</strong></span> <span class='ocrx_word' id='word_1_255' title='bbox 1633 2943 1785 3027; x_wconf 84' lang='lat' dir='ltr'><strong>suis,</strong></span> <span class='ocrx_word' id='word_1_256' title='bbox 1832 2962 1955 3029; x_wconf 89' lang='lat' dir='ltr'><strong>que</strong></span> <span class='ocrx_word' id='word_1_257' title='bbox 1982 2944 2051 3009; x_wconf 91' lang='lat' dir='ltr'><strong>in</strong></span> <span class='ocrx_word' id='word_1_258' title='bbox 2078 2934 2289 3011; x_wconf 83' lang='lat' dir='ltr'><strong>seculo</strong></span> <span class='ocrx_word' id='word_1_259' title='bbox 2320 2943 2713 3030; x_wconf 86' lang='lat' dir='ltr'><strong>dimiserunt,</strong></span> <span class='ocrx_word' id='word_1_260' title='bbox 2757 2945 2859 3015; x_wconf 82' lang='lat' dir='ltr'><strong>vel</strong></span> <span class='ocrx_word' id='word_1_261' title='bbox 2888 2946 2965 3014; x_wconf 89' lang='lat' dir='ltr'><strong>de</strong></span> <span class='ocrx_word' id='word_1_262' title='bbox 2994 2946 3174 3013; x_wconf 87' lang='lat' dir='ltr'><strong>bonis</strong></span> 
     </span>
     <span class='ocr_line' id='line_1_25' title="bbox 321 3045 3177 3139; baseline 0 -21"><span class='ocrx_word' id='word_1_263' title='bbox 321 3050 925 3133; x_wconf 83' lang='lat' dir='ltr'><strong>consanguineorum</strong></span> <span class='ocrx_word' id='word_1_264' title='bbox 985 3056 1049 3119; x_wconf 88' lang='lat' dir='ltr'><strong>et</strong></span> <span class='ocrx_word' id='word_1_265' title='bbox 1104 3051 1446 3119; x_wconf 86' lang='lat' dir='ltr'><strong>amicorum</strong></span> <span class='ocrx_word' id='word_1_266' title='bbox 1491 3070 1748 3117; x_wconf 89' lang='lat' dir='ltr'><strong>suorum</strong></span> <span class='ocrx_word' id='word_1_267' title='bbox 1802 3050 1860 3116; x_wconf 91' lang='lat' dir='ltr'><strong>si</strong></span> <span class='ocrx_word' id='word_1_268' title='bbox 1911 3045 2192 3137; x_wconf 80' lang='lat' dir='ltr'><strong>possint&#39;</strong></span> <span class='ocrx_word' id='word_1_269' title='bbox 2236 3052 2441 3138; x_wconf 87' lang='lat' dir='ltr'><strong>passis</strong></span> <span class='ocrx_word' id='word_1_270' title='bbox 2486 3051 2777 3139; x_wconf 87' lang='lat' dir='ltr'><strong>dampnis</strong></span> <span class='ocrx_word' id='word_1_271' title='bbox 2820 3052 3177 3121; x_wconf 89' lang='lat' dir='ltr'><strong>huiusmodi</strong></span> 
     </span>
    </p>
   </div>
   <div class='ocr_carea' id='block_1_7' title="bbox 321 3156 3175 3351">
    <p class='ocr_par' dir='ltr' id='par_1_7' title="bbox 321 3156 3175 3351">
     <span class='ocr_line' id='line_1_26' title="bbox 321 3156 3175 3247; baseline 0.001 -22"><span class='ocrx_word' id='word_1_272' title='bbox 321 3176 600 3242; x_wconf 84' lang='lat' dir='ltr'><strong>congrua</strong></span> <span class='ocrx_word' id='word_1_273' title='bbox 641 3158 992 3224; x_wconf 86' lang='lat' dir='ltr'><strong>satisfaccio</strong></span> <span class='ocrx_word' id='word_1_274' title='bbox 1036 3158 1455 3245; x_wconf 85' lang='lat' dir='ltr'><strong>impendatur.</strong></span> <span class='ocrx_word' id='word_1_275' title='bbox 1523 3157 1758 3225; x_wconf 88' lang='lat' dir='ltr'><strong>Datum</strong></span> <span class='ocrx_word' id='word_1_276' title='bbox 1791 3156 2058 3225; x_wconf 87' lang='lat' dir='ltr'><strong>Viterbii</strong></span> <span class='ocrx_word' id='word_1_277' title='bbox 2100 3178 2185 3225; x_wconf 88' lang='lat' dir='ltr'><strong>xv</strong></span> <span class='ocrx_word' id='word_1_278' title='bbox 2228 3157 2531 3227; x_wconf 80' lang='lat' dir='ltr'><strong>kalendas</strong></span> <span class='ocrx_word' id='word_1_279' title='bbox 2574 3159 2734 3227; x_wconf 90' lang='lat' dir='ltr'><strong>iunii</strong></span> <span class='ocrx_word' id='word_1_280' title='bbox 2776 3158 3175 3247; x_wconf 87' lang='lat' dir='ltr'><strong>pontificatus</strong></span> 
     </span>
     <span class='ocr_line' id='line_1_27' title="bbox 321 3265 1021 3351; baseline -0.003 -18"><span class='ocrx_word' id='word_1_281' title='bbox 321 3265 526 3333; x_wconf 85' lang='lat' dir='ltr'><strong>nostri</strong></span> <span class='ocrx_word' id='word_1_282' title='bbox 569 3286 732 3333; x_wconf 87' lang='lat' dir='ltr'><strong>anno</strong></span> <span class='ocrx_word' id='word_1_283' title='bbox 778 3270 1021 3351; x_wconf 86' lang='lat' dir='ltr'><strong>quarto.</strong></span> 
     </span>
    </p>
   </div>
   <div class='ocr_carea' id='block_1_8' title="bbox 323 3394 3178 4089">
    <p class='ocr_par' dir='ltr' id='par_1_8' title="bbox 323 3394 3178 4089">
     <span class='ocr_line' id='line_1_28' title="bbox 535 3394 3173 3464; baseline 0.001 -15"><span class='ocrx_word' id='word_1_284' title='bbox 535 3396 658 3450; x_wconf 82' lang='lat' dir='ltr'><strong>Sine</strong></span> <span class='ocrx_word' id='word_1_285' title='bbox 693 3397 839 3450; x_wconf 86' lang='lat' dir='ltr'><strong>dato:</strong></span> <span class='ocrx_word' id='word_1_286' title='bbox 892 3398 969 3460; x_wconf 91' lang='lat'><strong>11,</strong></span> <span class='ocrx_word' id='word_1_287' title='bbox 1009 3398 1102 3450; x_wconf 95' lang='grc'><strong>121</strong></span> <span class='ocrx_word' id='word_1_288' title='bbox 1119 3416 1164 3450; x_wconf 71' lang='lat' dir='ltr'><strong>r.</strong></span> <span class='ocrx_word' id='word_1_289' title='bbox 1199 3416 1251 3451; x_wconf 92' lang='grc'><strong>11.</strong></span> <span class='ocrx_word' id='word_1_290' title='bbox 1271 3397 1356 3450; x_wconf 89' lang='grc'><em>85.</em></span> <span class='ocrx_word' id='word_1_291' title='bbox 1395 3428 1456 3437; x_wconf 89' lang='lat'><strong>--</strong></span> <span class='ocrx_word' id='word_1_292' title='bbox 1499 3398 1620 3450; x_wconf 83' lang='lat' dir='ltr'><strong>Oum</strong></span> <span class='ocrx_word' id='word_1_293' title='bbox 1655 3398 1803 3451; x_wconf 83' lang='lat' dir='ltr'><strong>dato:</strong></span> <span class='ocrx_word' id='word_1_294' title='bbox 1844 3414 2007 3463; x_wconf 84' lang='lat' dir='ltr'><strong>„anno</strong></span> <span class='ocrx_word' id='word_1_295' title='bbox 2042 3396 2149 3449; x_wconf 79' lang='lat'><strong>4⁰.“</strong></span> <span class='ocrx_word' id='word_1_296' title='bbox 2207 3396 2271 3449; x_wconf 80' lang='lat' dir='ltr'><strong>A.</strong></span> <span class='ocrx_word' id='word_1_297' title='bbox 2295 3394 2360 3447; x_wconf 87' lang='grc'><strong>16</strong></span> <span class='ocrx_word' id='word_1_298' title='bbox 2394 3412 2445 3464; x_wconf 81' lang='lat' dir='ltr'><strong>p.</strong></span> <span class='ocrx_word' id='word_1_299' title='bbox 2469 3396 2571 3449; x_wconf 83' lang='lat'><strong>116</strong></span> <span class='ocrx_word' id='word_1_300' title='bbox 2610 3398 2907 3464; x_wconf 71' lang='lat' dir='ltr'><strong>„Treviris“.</strong></span> <span class='ocrx_word' id='word_1_301' title='bbox 2974 3397 3035 3451; x_wconf 84' lang='lat' dir='ltr'><strong>In</strong></span> <span class='ocrx_word' id='word_1_302' title='bbox 3078 3398 3173 3451; x_wconf 85' lang='lat' dir='ltr'><strong>de-</strong></span> 
     </span>
     <span class='ocr_line' id='line_1_29' title="bbox 323 3485 3178 3555; baseline 0 -17"><span class='ocrx_word' id='word_1_303' title='bbox 323 3485 606 3555; x_wconf 75' lang='lat' dir='ltr'><strong>signatione</strong></span> <span class='ocrx_word' id='word_1_304' title='bbox 627 3486 954 3538; x_wconf 78' lang='lat' dir='ltr'><strong>Mitowiensis</strong></span> <span class='ocrx_word' id='word_1_305' title='bbox 991 3487 1178 3539; x_wconf 78' lang='lat' dir='ltr'><strong>archivi</strong></span> <span class='ocrx_word' id='word_1_306' title='bbox 1212 3504 1294 3553; x_wconf 89' lang='lat' dir='ltr'><strong>ap.</strong></span> <span class='ocrx_word' id='word_1_307' title='bbox 1319 3486 1554 3539; x_wconf 79' lang='lat' dir='ltr'><strong>schin-en</strong></span> <span class='ocrx_word' id='word_1_308' title='bbox 1589 3505 1641 3554; x_wconf 88' lang='lat' dir='ltr'><strong>p.</strong></span> <span class='ocrx_word' id='word_1_309' title='bbox 1663 3486 1758 3538; x_wconf 85' lang='lat'><strong>131</strong></span> <span class='ocrx_word' id='word_1_310' title='bbox 1800 3504 1852 3538; x_wconf 89' lang='lat' dir='ltr'><strong>n.</strong></span> <span class='ocrx_word' id='word_1_311' title='bbox 1875 3486 1977 3537; x_wconf 89' lang='grc'><strong>122</strong></span> <span class='ocrx_word' id='word_1_312' title='bbox 2011 3486 2195 3553; x_wconf 82' lang='lat' dir='ltr'><strong>legitur</strong></span> <span class='ocrx_word' id='word_1_313' title='bbox 2231 3485 2433 3553; x_wconf 80' lang='lat'>(1258)</span> <span class='ocrx_word' id='word_1_314' title='bbox 2474 3485 2791 3553; x_wconf 81' lang='lat' dir='ltr'><strong>„Alexander</strong></span> <span class='ocrx_word' id='word_1_315' title='bbox 2823 3486 3080 3554; x_wconf 82' lang='lat' dir='ltr'><strong>indulget,</strong></span> <span class='ocrx_word' id='word_1_316' title='bbox 3120 3495 3178 3539; x_wconf 83' lang='lat' dir='ltr'><strong>ut</strong></span> 
     </span>
     <span class='ocr_line' id='line_1_30' title="bbox 323 3574 3177 3643; baseline 0 -15"><span class='ocrx_word' id='word_1_317' title='bbox 323 3576 504 3628; x_wconf 76' lang='lat' dir='ltr'><strong>fiatres</strong></span> <span class='ocrx_word' id='word_1_318' title='bbox 539 3575 823 3642; x_wconf 82' lang='lat' dir='ltr'><strong>presbyteri</strong></span> <span class='ocrx_word' id='word_1_319' title='bbox 858 3576 1052 3643; x_wconf 85' lang='lat' dir='ltr'><strong>possint</strong></span> <span class='ocrx_word' id='word_1_320' title='bbox 1086 3576 1345 3627; x_wconf 77' lang='lat' dir='ltr'><strong>absolvere</strong></span> <span class='ocrx_word' id='word_1_321' title='bbox 1381 3592 1552 3629; x_wconf 88' lang='lat' dir='ltr'><strong>omnes</strong></span> <span class='ocrx_word' id='word_1_322' title='bbox 1585 3576 1698 3628; x_wconf 88' lang='lat' dir='ltr'><strong>illos</strong></span> <span class='ocrx_word' id='word_1_323' title='bbox 1735 3575 2201 3637; x_wconf 83' lang='lat' dir='ltr'><strong>excommunicatos,</strong></span> <span class='ocrx_word' id='word_1_324' title='bbox 2243 3574 2327 3641; x_wconf 89' lang='lat' dir='ltr'><strong>qui</strong></span> <span class='ocrx_word' id='word_1_325' title='bbox 2361 3574 2535 3627; x_wconf 78' lang='lat' dir='ltr'><strong>volunt</strong></span> <span class='ocrx_word' id='word_1_326' title='bbox 2568 3574 2679 3627; x_wconf 82' lang='lat' dir='ltr'><strong>fieri</strong></span> <span class='ocrx_word' id='word_1_327' title='bbox 2712 3576 2922 3627; x_wconf 83' lang='lat' dir='ltr'><strong>fratres“</strong></span> <span class='ocrx_word' id='word_1_328' title='bbox 2964 3576 3177 3628; x_wconf 87' lang='lat' dir='ltr'><strong>Viterbii</strong></span> 
     </span>
     <span class='ocr_line' id='line_1_31' title="bbox 325 3663 3175 3731; baseline 0 -14"><span class='ocrx_word' id='word_1_329' title='bbox 325 3684 373 3717; x_wconf 87' lang='lat' dir='ltr'><strong>a.</strong></span> <span class='ocrx_word' id='word_1_330' title='bbox 397 3664 503 3716; x_wconf 82' lang='lat'><strong>4⁰.“</strong></span> <span class='ocrx_word' id='word_1_331' title='bbox 540 3694 602 3703; x_wconf 88' lang='lat'><strong>-—</strong></span> <span class='ocrx_word' id='word_1_332' title='bbox 642 3664 765 3716; x_wconf 81' lang='lat' dir='ltr'><strong>Cum</strong></span> <span class='ocrx_word' id='word_1_333' title='bbox 810 3664 957 3716; x_wconf 86' lang='lat' dir='ltr'><strong>dato:</strong></span> <span class='ocrx_word' id='word_1_334' title='bbox 1007 3664 1220 3717; x_wconf 87' lang='lat' dir='ltr'><strong>Viterbii</strong></span> <span class='ocrx_word' id='word_1_335' title='bbox 1259 3665 1322 3716; x_wconf 86' lang='lat'><strong>15</strong></span> <span class='ocrx_word' id='word_1_336' title='bbox 1358 3664 1460 3716; x_wconf 83' lang='lat' dir='ltr'><strong>kal.</strong></span> <span class='ocrx_word' id='word_1_337' title='bbox 1496 3664 1618 3715; x_wconf 89' lang='lat' dir='ltr'><strong>iunii</strong></span> <span class='ocrx_word' id='word_1_338' title='bbox 1661 3683 1712 3731; x_wconf 89' lang='lat' dir='ltr'><strong>p.</strong></span> <span class='ocrx_word' id='word_1_339' title='bbox 1736 3682 1788 3715; x_wconf 86' lang='lat' dir='ltr'><strong>n.</strong></span> <span class='ocrx_word' id='word_1_340' title='bbox 1813 3682 1859 3715; x_wconf 83' lang='lat' dir='ltr'><strong>a.</strong></span> <span class='ocrx_word' id='word_1_341' title='bbox 1885 3663 1936 3715; x_wconf 88' lang='lat'><strong>4.</strong></span> <span class='ocrx_word' id='word_1_342' title='bbox 1991 3664 2054 3715; x_wconf 84' lang='lat' dir='ltr'><strong>R..</strong></span> <span class='ocrx_word' id='word_1_343' title='bbox 2078 3664 2177 3715; x_wconf 85' lang='lat'><strong>139</strong></span> <span class='ocrx_word' id='word_1_344' title='bbox 2222 3664 2354 3715; x_wconf 84' lang='lat' dir='ltr'><strong>inter</strong></span> <span class='ocrx_word' id='word_1_345' title='bbox 2388 3664 2742 3726; x_wconf 74' lang='lat' dir='ltr'><strong>Treverensia3</strong></span> <span class='ocrx_word' id='word_1_346' title='bbox 2788 3665 2853 3717; x_wconf 80' lang='lat' dir='ltr'><strong>A.</strong></span> <span class='ocrx_word' id='word_1_347' title='bbox 2878 3665 2948 3716; x_wconf 89' lang='grc'><em>20</em></span> <span class='ocrx_word' id='word_1_348' title='bbox 2992 3683 3043 3716; x_wconf 88' lang='grc'><strong>11.</strong></span> <span class='ocrx_word' id='word_1_349' title='bbox 3077 3664 3175 3717; x_wconf 88' lang='grc'><strong>109</strong></span> 
     </span>
     <span class='ocr_line' id='line_1_32' title="bbox 325 3750 3176 3821; baseline -0 -14"><span class='ocrx_word' id='word_1_350' title='bbox 325 3754 504 3807; x_wconf 83' lang='lat' dir='ltr'><strong>Latine</strong></span> <span class='ocrx_word' id='word_1_351' title='bbox 540 3762 593 3805; x_wconf 87' lang='lat' dir='ltr'><strong>et</strong></span> <span class='ocrx_word' id='word_1_352' title='bbox 617 3754 914 3805; x_wconf 81' lang='lat' dir='ltr'><strong>Germanice</strong></span> <span class='ocrx_word' id='word_1_353' title='bbox 938 3770 1048 3805; x_wconf 90' lang='lat' dir='ltr'><strong>cum</strong></span> <span class='ocrx_word' id='word_1_354' title='bbox 1071 3762 1216 3805; x_wconf 79' lang='lat' dir='ltr'><strong>nota:</strong></span> <span class='ocrx_word' id='word_1_355' title='bbox 1252 3753 1312 3804; x_wconf 90' lang='lat' dir='ltr'><strong>In</strong></span> <span class='ocrx_word' id='word_1_356' title='bbox 1338 3753 1544 3805; x_wconf 80' lang='lat' dir='ltr'><strong>Colonia</strong></span> <span class='ocrx_word' id='word_1_357' title='bbox 1564 3752 1779 3804; x_wconf 83' lang='lat' dir='ltr'><strong>habetur</strong></span> <span class='ocrx_word' id='word_1_358' title='bbox 1801 3752 1921 3813; x_wconf 85' lang='lat' dir='ltr'><strong>hoc;</strong></span> <span class='ocrx_word' id='word_1_359' title='bbox 1959 3769 2049 3803; x_wconf 77' lang='lat' dir='ltr'><strong>scu</strong></span> <span class='ocrx_word' id='word_1_360' title='bbox 2072 3752 2246 3804; x_wconf 81' lang='lat' dir='ltr'><strong>&#39;l&#39;ervis</strong></span> <span class='ocrx_word' id='word_1_361' title='bbox 2281 3752 2345 3804; x_wconf 81' lang='lat' dir='ltr'><strong>A.</strong></span> <span class='ocrx_word' id='word_1_362' title='bbox 2371 3752 2435 3804; x_wconf 90' lang='grc'><strong>16</strong></span> <span class='ocrx_word' id='word_1_363' title='bbox 2470 3771 2521 3820; x_wconf 90' lang='lat' dir='ltr'><strong>p.</strong></span> <span class='ocrx_word' id='word_1_364' title='bbox 2542 3750 2605 3805; x_wconf 90' lang='grc'><strong>71</strong></span> <span class='ocrx_word' id='word_1_365' title='bbox 2648 3762 2701 3805; x_wconf 88' lang='lat' dir='ltr'><strong>et</strong></span> <span class='ocrx_word' id='word_1_366' title='bbox 2722 3771 2773 3821; x_wconf 88' lang='lat' dir='ltr'><strong>p.</strong></span> <span class='ocrx_word' id='word_1_367' title='bbox 2793 3752 2861 3805; x_wconf 87' lang='grc'><strong>73</strong></span> <span class='ocrx_word' id='word_1_368' title='bbox 2890 3753 3176 3820; x_wconf 83' lang='lat' dir='ltr'><strong>„Colonie“.</strong></span> 
     </span>
     <span class='ocr_line' id='line_1_33' title="bbox 325 3840 3176 3910; baseline -0 -14"><span class='ocrx_word' id='word_1_369' title='bbox 325 3843 584 3910; x_wconf 78' lang='lat' dir='ltr'><strong>originale</strong></span> <span class='ocrx_word' id='word_1_370' title='bbox 619 3860 732 3894; x_wconf 88' lang='lat' dir='ltr'><strong>cum</strong></span> <span class='ocrx_word' id='word_1_371' title='bbox 765 3842 903 3895; x_wconf 86' lang='lat' dir='ltr'><strong>bulla</strong></span> <span class='ocrx_word' id='word_1_372' title='bbox 937 3842 990 3893; x_wconf 89' lang='lat' dir='ltr'><strong>in</strong></span> <span class='ocrx_word' id='word_1_373' title='bbox 1029 3842 1127 3894; x_wconf 83' lang='lat' dir='ltr'><strong>filis</strong></span> <span class='ocrx_word' id='word_1_374' title='bbox 1161 3842 1454 3895; x_wconf 83' lang='lat' dir='ltr'><strong>cannabinis</strong></span> <span class='ocrx_word' id='word_1_375' title='bbox 1490 3858 1718 3909; x_wconf 82' lang='lat' dir='ltr'><strong>appensa</strong></span> <span class='ocrx_word' id='word_1_376' title='bbox 1761 3842 1814 3892; x_wconf 89' lang='lat' dir='ltr'><strong>in</strong></span> <span class='ocrx_word' id='word_1_377' title='bbox 1851 3840 2051 3893; x_wconf 78' lang='lat' dir='ltr'><strong>archivo</strong></span> <span class='ocrx_word' id='word_1_378' title='bbox 2088 3841 2275 3893; x_wconf 86' lang='lat' dir='ltr'><strong>ordinis</strong></span> <span class='ocrx_word' id='word_1_379' title='bbox 2311 3841 2607 3894; x_wconf 77' lang='lat' dir='ltr'><strong>&#39;Phentonici</strong></span> <span class='ocrx_word' id='word_1_380' title='bbox 2640 3842 3046 3903; x_wconf 76' lang='lat' dir='ltr'><strong>Vindobonensi3</strong></span> <span class='ocrx_word' id='word_1_381' title='bbox 3094 3842 3176 3895; x_wconf 84' lang='lat' dir='ltr'><strong>ed.</strong></span> 
     </span>
     <span class='ocr_line' id='line_1_34' title="bbox 324 3928 3175 3999; baseline -0 -13"><span class='ocrx_word' id='word_1_382' title='bbox 324 3934 534 3987; x_wconf 81' lang='lat' dir='ltr'><strong>Hennes</strong></span> <span class='ocrx_word' id='word_1_383' title='bbox 569 3932 622 3994; x_wconf 90' lang='grc' dir='ltr'><strong>Ι,</strong></span> <span class='ocrx_word' id='word_1_384' title='bbox 650 3931 751 3984; x_wconf 87' lang='grc'><strong>162</strong></span> <span class='ocrx_word' id='word_1_385' title='bbox 784 3949 836 3984; x_wconf 89' lang='lat' dir='ltr'><strong>n.</strong></span> <span class='ocrx_word' id='word_1_386' title='bbox 859 3931 976 3985; x_wconf 87' lang='grc'><em>177.</em></span> <span class='ocrx_word' id='word_1_387' title='bbox 1007 3960 1070 3971; x_wconf 87' lang='lat'><strong>-—-</strong></span> <span class='ocrx_word' id='word_1_388' title='bbox 1118 3932 1240 3983; x_wconf 82' lang='lat' dir='ltr'><strong>cum</strong></span> <span class='ocrx_word' id='word_1_389' title='bbox 1277 3931 1421 3983; x_wconf 78' lang='lat' dir='ltr'><strong>dato:</strong></span> <span class='ocrx_word' id='word_1_390' title='bbox 1467 3931 1702 3997; x_wconf 81' lang='lat' dir='ltr'><strong>Anagnis</strong></span> <span class='ocrx_word' id='word_1_391' title='bbox 1737 3930 1772 3981; x_wconf 85' lang='lat'>8</span> <span class='ocrx_word' id='word_1_392' title='bbox 1806 3930 1910 3982; x_wconf 83' lang='lat' dir='ltr'><strong>kal.</strong></span> <span class='ocrx_word' id='word_1_393' title='bbox 1942 3930 2063 3983; x_wconf 78' lang='lat' dir='ltr'><strong>maii</strong></span> <span class='ocrx_word' id='word_1_394' title='bbox 2096 3948 2148 3999; x_wconf 84' lang='lat' dir='ltr'><strong>p.</strong></span> <span class='ocrx_word' id='word_1_395' title='bbox 2171 3948 2223 3983; x_wconf 93' lang='grc'><strong>11.</strong></span> <span class='ocrx_word' id='word_1_396' title='bbox 2256 3948 2304 3984; x_wconf 85' lang='lat' dir='ltr'><strong>a.</strong></span> <span class='ocrx_word' id='word_1_397' title='bbox 2328 3930 2363 3982; x_wconf 83' lang='lat'><strong>5</strong></span> <span class='ocrx_word' id='word_1_398' title='bbox 2396 3930 2461 3983; x_wconf 81' lang='lat' dir='ltr'><strong>R.</strong></span> <span class='ocrx_word' id='word_1_399' title='bbox 2486 3930 2556 3985; x_wconf 83' lang='lat'><strong>99</strong></span> <span class='ocrx_word' id='word_1_400' title='bbox 2590 3932 2723 3984; x_wconf 83' lang='lat' dir='ltr'><strong>inter</strong></span> <span class='ocrx_word' id='word_1_401' title='bbox 2756 3930 2983 3983; x_wconf 81' lang='lat' dir='ltr'><strong>Alsatica</strong></span> <span class='ocrx_word' id='word_1_402' title='bbox 3014 3948 3065 3983; x_wconf 88' lang='lat' dir='ltr'><strong>n.</strong></span> <span class='ocrx_word' id='word_1_403' title='bbox 3093 3928 3175 3985; x_wconf 88' lang='grc'><strong>17.</strong></span> 
     </span>
     <span class='ocr_line' id='line_1_35' title="bbox 330 4018 1854 4089; baseline -0.004 -13"><span class='ocrx_word' id='word_1_404' title='bbox 330 4024 376 4076; x_wconf 90' lang='grc'><strong>1.</strong></span> <span class='ocrx_word' id='word_1_405' title='bbox 413 4021 808 4089; x_wconf 80' lang='lat' dir='ltr'><strong>depredaciones</strong></span> <span class='ocrx_word' id='word_1_406' title='bbox 842 4021 906 4073; x_wconf 81' lang='lat' dir='ltr'><strong>A.</strong></span> <span class='ocrx_word' id='word_1_407' title='bbox 928 4020 1013 4073; x_wconf 90' lang='grc'><em>20.</em></span> <span class='ocrx_word' id='word_1_408' title='bbox 1177 4020 1227 4072; x_wconf 88' lang='grc'><em>2.</em></span> <span class='ocrx_word' id='word_1_409' title='bbox 1263 4021 1328 4071; x_wconf 79' lang='lat' dir='ltr'><strong>A.</strong></span> <span class='ocrx_word' id='word_1_410' title='bbox 1351 4020 1417 4071; x_wconf 88' lang='grc'><strong>16</strong></span> <span class='ocrx_word' id='word_1_411' title='bbox 1452 4028 1665 4087; x_wconf 84' lang='lat' dir='ltr'><strong>possunt</strong></span> <span class='ocrx_word' id='word_1_412' title='bbox 1697 4018 1763 4071; x_wconf 92' lang='grc' dir='ltr'><strong>ΙΙ.</strong></span> <span class='ocrx_word' id='word_1_413' title='bbox 1786 4019 1854 4071; x_wconf 90' lang='lat' dir='ltr'><strong>H.</strong></span> 
     </span>
    </p>
   </div>
   <div class='ocr_carea' id='block_1_9' title="bbox 333 4251 3183 4661">
    <p class='ocr_par' dir='ltr' id='par_1_9' title="bbox 333 4251 3183 4661">
     <span class='ocr_line' id='line_1_36' title="bbox 333 4251 3183 4342; baseline -0.003 -15"><span class='ocrx_word' id='word_1_414' title='bbox 333 4252 508 4327; x_wconf 85' lang='lat'><strong>5⁷9.</strong></span> <span class='ocrx_word' id='word_1_415' title='bbox 548 4256 727 4323; x_wconf 89' lang='grc'><em>1258</em></span> <span class='ocrx_word' id='word_1_416' title='bbox 751 4257 912 4321; x_wconf 78' lang='lat' dir='ltr'><strong>maii</strong></span> <span class='ocrx_word' id='word_1_417' title='bbox 937 4256 1026 4323; x_wconf 88' lang='grc'><strong>18</strong></span> <span class='ocrx_word' id='word_1_418' title='bbox 1067 4256 1328 4322; x_wconf 68' lang='lat' dir='ltr'><strong>Viterbii</strong></span> <span class='ocrx_word' id='word_1_419' title='bbox 1355 4254 1470 4342; x_wconf 83' lang='lat' dir='ltr'><strong>(cf.</strong></span> <span class='ocrx_word' id='word_1_420' title='bbox 1503 4256 1678 4321; x_wconf 85' lang='lat'><em>1259</em></span> <span class='ocrx_word' id='word_1_421' title='bbox 1707 4254 1896 4341; x_wconf 69' lang='lat' dir='ltr'><strong>apo-il.</strong></span> <span class='ocrx_word' id='word_1_422' title='bbox 1923 4252 2065 4334; x_wconf 86' lang='grc'><em>24).</em></span> <span class='ocrx_word' id='word_1_423' title='bbox 2128 4252 2493 4319; x_wconf 70' lang='grc' dir='ltr'><em>Αἷεωαπᾱεν</em></span> <span class='ocrx_word' id='word_1_424' title='bbox 2522 4252 2571 4318; x_wconf 90' lang='lat' dir='ltr'><strong><em>I</em></strong></span> <span class='ocrx_word' id='word_1_425' title='bbox 2575 4251 2635 4318; x_wconf 83' lang='lat' dir='ltr'><strong><em>V</em></strong></span> <span class='ocrx_word' id='word_1_426' title='bbox 2655 4254 2932 4318; x_wconf 77' lang='lat' dir='ltr'><strong>concedit</strong></span> <span class='ocrx_word' id='word_1_427' title='bbox 2968 4253 3183 4319; x_wconf 77' lang='lat' dir='ltr'><strong>ordini</strong></span> 
     </span>
     <span class='ocr_line' id='line_1_37' title="bbox 555 4362 3180 4448; baseline -0.002 -18"><span class='ocrx_word' id='word_1_428' title='bbox 555 4362 932 4431; x_wconf 70' lang='lat' dir='ltr'><strong>Theutonieo</strong></span> <span class='ocrx_word' id='word_1_429' title='bbox 943 4412 964 4444; x_wconf 90' lang='lat'><strong><em>,</em></strong></span> <span class='ocrx_word' id='word_1_430' title='bbox 1020 4376 1090 4428; x_wconf 81' lang='lat' dir='ltr'><strong>at</strong></span> <span class='ocrx_word' id='word_1_431' title='bbox 1130 4364 1621 4448; x_wconf 72' lang='lat' dir='ltr'><strong>satisfactionem</strong></span> <span class='ocrx_word' id='word_1_432' title='bbox 1646 4363 1940 4448; x_wconf 75' lang='lat' dir='ltr'><strong>fratrum</strong></span> <span class='ocrx_word' id='word_1_433' title='bbox 1984 4362 2059 4426; x_wconf 83' lang='lat' dir='ltr'><strong>ob</strong></span> <span class='ocrx_word' id='word_1_434' title='bbox 2105 4362 2428 4441; x_wconf 77' lang='lat' dir='ltr'><strong>incendia,</strong></span> <span class='ocrx_word' id='word_1_435' title='bbox 2486 4362 2753 4448; x_wconf 76' lang='lat' dir='ltr'><strong>rapinas</strong></span> <span class='ocrx_word' id='word_1_436' title='bbox 2764 4406 2785 4440; x_wconf 90' lang='lat'><strong><em>,</em></strong></span> <span class='ocrx_word' id='word_1_437' title='bbox 2836 4382 3065 4425; x_wconf 75' lang='lat' dir='ltr'><strong>usuras</strong></span> <span class='ocrx_word' id='word_1_438' title='bbox 3106 4362 3180 4425; x_wconf 70' lang='lat' dir='ltr'><strong>in</strong></span> 
     </span>
     <span class='ocr_line' id='line_1_38' title="bbox 547 4467 3181 4556; baseline -0.002 -19"><span class='ocrx_word' id='word_1_439' title='bbox 547 4470 794 4537; x_wconf 75' lang='lat' dir='ltr'><strong>saeculo</strong></span> <span class='ocrx_word' id='word_1_440' title='bbox 839 4473 1186 4553; x_wconf 78' lang='lat' dir='ltr'><strong>commissa,</strong></span> <span class='ocrx_word' id='word_1_441' title='bbox 1235 4473 1567 4537; x_wconf 83' lang='lat' dir='ltr'><strong>dammodo</strong></span> <span class='ocrx_word' id='word_1_442' title='bbox 1614 4470 1770 4537; x_wconf 84' lang='lat' dir='ltr'><strong>laesi</strong></span> <span class='ocrx_word' id='word_1_443' title='bbox 1809 4480 2121 4556; x_wconf 71' lang='lat' dir='ltr'><strong>nequeant</strong></span> <span class='ocrx_word' id='word_1_444' title='bbox 2162 4470 2456 4549; x_wconf 70' lang='lat' dir='ltr'><strong>inveniri,</strong></span> <span class='ocrx_word' id='word_1_445' title='bbox 2502 4470 2575 4533; x_wconf 79' lang='lat' dir='ltr'><strong>in</strong></span> <span class='ocrx_word' id='word_1_446' title='bbox 2602 4467 2953 4533; x_wconf 73' lang='lat' dir='ltr'><strong>subsidium</strong></span> <span class='ocrx_word' id='word_1_447' title='bbox 2980 4478 3181 4533; x_wconf 69' lang='lat' dir='ltr'><strong>terrae</strong></span> 
     </span>
     <span class='ocr_line' id='line_1_39' title="bbox 547 4578 1924 4661; baseline -0.001 -18"><span class='ocrx_word' id='word_1_448' title='bbox 547 4591 820 4661; x_wconf 72' lang='lat' dir='ltr'><strong>sanctae,</strong></span> <span class='ocrx_word' id='word_1_449' title='bbox 867 4578 1195 4661; x_wconf 69' lang='lat' dir='ltr'><strong>Maeuiae,</strong></span> <span class='ocrx_word' id='word_1_450' title='bbox 1242 4579 1546 4645; x_wconf 78' lang='lat' dir='ltr'><strong>Prassiae</strong></span> <span class='ocrx_word' id='word_1_451' title='bbox 1589 4590 1924 4645; x_wconf 57' lang='lat' dir='ltr'><strong>convertat.</strong></span> 
     </span>
    </p>
   </div>
   <div class='ocr_carea' id='block_1_10' title="bbox 327 4713 3182 5130">
    <p class='ocr_par' dir='ltr' id='par_1_10' title="bbox 327 4713 3182 5130">
     <span class='ocr_line' id='line_1_40' title="bbox 547 4713 3181 4807; baseline -0.001 -22"><span class='ocrx_word' id='word_1_452' title='bbox 547 4718 911 4788; x_wconf 83' lang='lat' dir='ltr'><strong>Alexander</strong></span> <span class='ocrx_word' id='word_1_453' title='bbox 955 4721 1284 4807; x_wconf 86' lang='lat' dir='ltr'><strong>episcopus</strong></span> <span class='ocrx_word' id='word_1_454' title='bbox 1329 4740 1546 4787; x_wconf 81' lang='lat' dir='ltr'><strong>servus</strong></span> <span class='ocrx_word' id='word_1_455' title='bbox 1591 4737 1914 4786; x_wconf 77' lang='lat' dir='ltr'><strong>servorum</strong></span> <span class='ocrx_word' id='word_1_456' title='bbox 1960 4716 2062 4784; x_wconf 88' lang='lat' dir='ltr'><strong>dei</strong></span> <span class='ocrx_word' id='word_1_457' title='bbox 2108 4716 2350 4783; x_wconf 87' lang='lat' dir='ltr'><strong>dilectis</strong></span> <span class='ocrx_word' id='word_1_458' title='bbox 2397 4713 2544 4780; x_wconf 87' lang='lat' dir='ltr'><strong>filiis</strong></span> <span class='ocrx_word' id='word_1_459' title='bbox 2587 4714 2891 4797; x_wconf 84' lang='lat' dir='ltr'><strong>magistro</strong></span> <span class='ocrx_word' id='word_1_460' title='bbox 2936 4720 3000 4782; x_wconf 92' lang='lat' dir='ltr'><strong>et</strong></span> <span class='ocrx_word' id='word_1_461' title='bbox 3037 4734 3181 4803; x_wconf 87' lang='lat' dir='ltr'><strong>pre-</strong></span> 
     </span>
     <span class='ocr_line' id='line_1_41' title="bbox 327 4821 3182 4916; baseline -0.003 -19"><span class='ocrx_word' id='word_1_462' title='bbox 327 4827 685 4916; x_wconf 86' lang='lat' dir='ltr'><strong>ceptoribus</strong></span> <span class='ocrx_word' id='word_1_463' title='bbox 731 4833 794 4894; x_wconf 89' lang='lat' dir='ltr'><strong>et</strong></span> <span class='ocrx_word' id='word_1_464' title='bbox 821 4827 1121 4894; x_wconf 86' lang='lat' dir='ltr'><strong>fratribus</strong></span> <span class='ocrx_word' id='word_1_465' title='bbox 1150 4824 1490 4893; x_wconf 82' lang='lat' dir='ltr'><strong>universis¹</strong></span> <span class='ocrx_word' id='word_1_466' title='bbox 1520 4825 1848 4915; x_wconf 84' lang='lat' dir='ltr'><strong>hospitalis</strong></span> <span class='ocrx_word' id='word_1_467' title='bbox 1885 4829 2102 4893; x_wconf 86' lang='lat' dir='ltr'><strong>sancte</strong></span> <span class='ocrx_word' id='word_1_468' title='bbox 2132 4821 2329 4891; x_wconf 80' lang='lat' dir='ltr'><strong>Maris</strong></span> <span class='ocrx_word' id='word_1_469' title='bbox 2358 4822 2882 4889; x_wconf 85' lang='lat' dir='ltr'><strong>Theutonicorum</strong></span> <span class='ocrx_word' id='word_1_470' title='bbox 2914 4821 3182 4889; x_wconf 87' lang='lat' dir='ltr'><strong>salutem</strong></span> 
     </span>
     <span class='ocr_line' id='line_1_42' title="bbox 330 4929 3181 5024; baseline -0.003 -20"><span class='ocrx_word' id='word_1_471' title='bbox 330 4943 394 5005; x_wconf 93' lang='lat' dir='ltr'><strong>et</strong></span> <span class='ocrx_word' id='word_1_472' title='bbox 447 4936 856 5024; x_wconf 85' lang='lat' dir='ltr'><strong>apostolicam</strong></span> <span class='ocrx_word' id='word_1_473' title='bbox 910 4934 1424 5001; x_wconf 88' lang='lat' dir='ltr'><strong>benedictionem.</strong></span> <span class='ocrx_word' id='word_1_474' title='bbox 1735 4933 1837 5001; x_wconf 87' lang='lat' dir='ltr'><strong>Ex</strong></span> <span class='ocrx_word' id='word_1_475' title='bbox 1880 4937 2063 5021; x_wconf 86' lang='lat' dir='ltr'><strong>parte</strong></span> <span class='ocrx_word' id='word_1_476' title='bbox 2110 4936 2321 4998; x_wconf 88' lang='lat' dir='ltr'><strong>vestra</strong></span> <span class='ocrx_word' id='word_1_477' title='bbox 2361 4929 2485 4997; x_wconf 86' lang='lat' dir='ltr'><strong>fuit</strong></span> <span class='ocrx_word' id='word_1_478' title='bbox 2531 4932 2924 5018; x_wconf 90' lang='lat' dir='ltr'><strong>propositum</strong></span> <span class='ocrx_word' id='word_1_479' title='bbox 2968 4948 3181 4996; x_wconf 86' lang='lat' dir='ltr'><strong>coram</strong></span> 
     </span>
     <span class='ocr_line' id='line_1_43' title="bbox 329 5036 3181 5130; baseline -0.003 -17"><span class='ocrx_word' id='word_1_480' title='bbox 329 5045 530 5130; x_wconf 84' lang='lat' dir='ltr'><strong>nobis,</strong></span> <span class='ocrx_word' id='word_1_481' title='bbox 575 5042 742 5128; x_wconf 87' lang='lat' dir='ltr'><strong>quod</strong></span> <span class='ocrx_word' id='word_1_482' title='bbox 787 5041 1072 5111; x_wconf 89' lang='lat' dir='ltr'><strong>nonnulli</strong></span> <span class='ocrx_word' id='word_1_483' title='bbox 1115 5062 1194 5110; x_wconf 87' lang='lat' dir='ltr'><strong>ex</strong></span> <span class='ocrx_word' id='word_1_484' title='bbox 1223 5042 1523 5109; x_wconf 86' lang='lat' dir='ltr'><strong>fratribus</strong></span> <span class='ocrx_word' id='word_1_485' title='bbox 1555 5040 1792 5108; x_wconf 87' lang='lat' dir='ltr'><strong>ordinis</strong></span> <span class='ocrx_word' id='word_1_486' title='bbox 1823 5041 2039 5125; x_wconf 85' lang='lat' dir='ltr'><strong>vestri,</strong></span> <span class='ocrx_word' id='word_1_487' title='bbox 2086 5039 2235 5107; x_wconf 90' lang='lat' dir='ltr'><strong>dum</strong></span> <span class='ocrx_word' id='word_1_488' title='bbox 2266 5038 2469 5105; x_wconf 82' lang='lat' dir='ltr'><strong>adhuc</strong></span> <span class='ocrx_word' id='word_1_489' title='bbox 2498 5043 2827 5105; x_wconf 85' lang='lat' dir='ltr'><strong>manerent</strong></span> <span class='ocrx_word' id='word_1_490' title='bbox 2854 5038 2921 5105; x_wconf 90' lang='lat' dir='ltr'><strong>in</strong></span> <span class='ocrx_word' id='word_1_491' title='bbox 2952 5036 3181 5121; x_wconf 88' lang='lat' dir='ltr'><strong>seculo,</strong></span> 
     </span>
    </p>
   </div>
  </div>
 </body>
</html>
