3892 5609
1425 300 1814 387 vamnbla
1861 338 2253 387 Gai-tamnu
2820 316 2823 319 ⁴
3119 326 3161 396 2
3175 326 3215 396 9
3232 326 3267 395 1

393 496 717 562 redeundo
763 496 1095 563 defensant
1151 496 1228 563 ab
1275 498 1630 564 incursibus
1688 518 2097 585 paganorum.
2165 496 2274 581 Et,
2323 496 2619 581 quoniam
2668 496 2749 561 ad
2796 500 2927 562 tam
2984 500 3270 562 sanctum

396 606 464 669 et
505 604 686 689 pium
731 622 888 689 opus
935 604 1314 690 explendum
1362 606 1452 671 eis
1497 606 1754 692 proprie
1798 624 1927 672 non
1988 609 2335 691 suppetunt
2375 602 2708 669 facultates
2722 653 2741 687 ,
2797 604 3271 670 universitatem

393 715 672 776 vesti-am
719 710 1118 797 presentibus
1160 710 1392 778 litteris
1438 712 1864 797 exhortamur,
1925 712 2220 797 quatinus
2267 710 2573 797 populum
2618 710 2797 778 vobis
2845 730 2883 775 a
2928 709 3043 776 deo
3102 729 3285 797 com-⁸

394 816 663 883 missum
719 816 1011 885 collectas
1070 818 1276 885 facere
1335 821 1815 905 commoneatis,
1887 840 1965 885 ex
2028 818 2253 905 quibus
2309 837 2524 884 eorum
2594 816 2811 903 inopia
2880 815 3269 903 suppleatur.

395 921 786 1009 Quicumque
830 946 980 992 vero
1026 926 1104 993 de
1146 924 1550 992 facultatibus
1597 926 1718 993 sibi
1761 946 1801 991 a
1840 926 1955 993 deo
1988 924 2233 992 collatis
2264 924 2421 1011 ipsis
2464 923 2828 990 subvenerit
2857 924 3014 990 etin
3056 944 3271 990 eorum

395 1034 618 1096 sancta
658 1030 1060 1099 fraternitate
1101 1034 1396 1100 statuerit
1440 1054 1508 1101 se
1553 1032 1856 1116 collegam
1905 1034 2119 1118 eisque
2164 1031 2470 1100 beneficia
2512 1030 2889 1116 persolverit
2928 1030 3273 1115 annuatim,

395 1137 733 1222 septimam
775 1139 834 1205 ei
875 1144 1120 1226 partem
1163 1140 1442 1207 iniuncta
1487 1140 1608 1207 sibi
1649 1140 2033 1227 poenitentie
2064 1138 2282 1205 confisi
2314 1138 2393 1205 de
2423 1138 2751 1205 beatorum
2779 1135 2955 1203 Petri
3000 1142 3067 1205 et
3092 1136 3275 1203 Pauli

394 1243 826 1329 apostolorum
900 1248 1144 1314 meritis
1199 1246 1618 1330 indulgemus.
1713 1246 1830 1312 Cui
1887 1247 2110 1329 etiam,
2170 1266 2311 1313 cum
2376 1266 2519 1311 eum
2576 1243 2739 1309 mori
2794 1244 3159 1328 contigerit,
3218 1243 3275 1310 si

391 1354 608 1417 tamen
656 1371 772 1417 nec
817 1354 1394 1420 excommunicatus
1439 1374 1556 1420 nec
1600 1354 1975 1421 nominatim
2024 1353 2217 1419 fuerit
2260 1353 2633 1418 interdictus
2681 1356 2793 1417 aut
2834 1351 3083 1436 publice
3126 1370 3275 1417 usu-

391 1457 632 1541 rarius,
689 1459 1016 1545 sepultura
1059 1461 1483 1527 ecclesiastica
1527 1481 1653 1527 non
1706 1466 1991 1545 negetur.
2075 1460 2231 1527 Cum
2281 1464 2488 1525 autem
2534 1458 2763 1524 fratres
2808 1458 3009 1543 ipsius
3064 1457 3276 1544 hospi-

391 1563 540 1631 talis
587 1564 1146 1650 Theutonicorum,
1195 1568 1304 1653 qui
1351 1568 1428 1633 ad
1475 1567 1802 1635 collectam
1851 1566 2314 1654 suscipiendam
2364 1564 2663 1633 destinati
2707 1563 2963 1649 fuerint,
3010 1565 3078 1629 in
3122 1566 3275 1633 civi-

391 1674 621 1755 tatem,
666 1671 993 1739 castellum
1040 1674 1140 1740 vel
1187 1675 1394 1741 vicum
1442 1675 1843 1759 advenerint,
1901 1676 1955 1740 si
2000 1674 2163 1741 forte
2220 1674 2393 1739 locus
2438 1672 2547 1738 ille
2602 1671 2974 1738 interdictus
3032 1672 3148 1755 sit,
3207 1672 3273 1737 in

393 1798 610 1843 eorum
658 1779 924 1846 iocunde
973 1780 1246 1847 adventu
1290 1802 1406 1867 pro
1449 1769 1650 1867 ipsius
1696 1781 2030 1868 hospitalis
2074 1781 2313 1848 honore
2358 1784 2423 1845 et
2466 1779 2808 1845 eorundem
2854 1778 3127 1844 militum
3174 1764 3273 1845 re-

391 1886 677 1952 verentia
735 1887 932 1953 semel
983 1888 1052 1953 in
1115 1908 1278 1953 anno
1334 1888 1701 1974 aperiantur
1747 1888 2009 1955 ecclesie
2066 1893 2131 1954 et
2186 1886 2743 1953 excommunicatis
2790 1890 2853 1951 et
2896 1885 3271 1951 nominatim

389 1992 744 2059 interdictis
775 1993 1048 2060 exclusis
1079 1994 1296 2061 divina
1341 1994 1546 2061 officia
1591 1993 2003 2061 celebrentur.
2074 1995 2207 2072 Que
2238 2014 2385 2060 vero
2433 1994 2510 2059 de
2556 2012 2683 2059 non
2714 1993 3271 2059 excommunicatis

393 2104 460 2165 et
509 2100 887 2167 nominatim
953 2101 1305 2168 interdictis
1365 2102 1704 2169 eorundem
1774 2101 2049 2167 militum
2108 2100 2412 2167 fratribus
2474 2099 2895 2165 ecclesiastice
2952 2099 3275 2184 sepulture

389 2206 714 2273 tradendis
769 2212 835 2273 et
889 2206 1166 2274 ecclesiis
1224 2209 1290 2273 in
1339 2229 1555 2275 eorum
1617 2208 1891 2275 adventu
1937 2206 2497 2274 excommunicatis
2546 2212 2610 2273 et
2652 2205 3027 2271 nominatim
3060 2205 3271 2271 ·inter-.

391 2310 577 2378 dictis
635 2313 906 2380 exclusis
967 2314 1159 2381 semel
1206 2315 1564 2402 aperiendis
1612 2336 1652 2381 a
1696 2315 1878 2382 nobis
1924 2319 2164 2381 statuta
2208 2319 2387 2397 sunt,
2449 2313 2627 2380 vobis
2674 2312 3163 2399 archiepiscopis
3211 2318 3275 2379 et

391 2419 704 2506 episcopis
759 2420 1118 2487 mandando
1175 2423 1592 2508 precipimus,
1651 2427 1722 2487 ut
1781 2442 1896 2508 per
1941 2427 2185 2489 vestras
2230 2420 2596 2508 parrochias
2641 2419 2889 2485 faciatis
2936 2421 3273 2502 irrefraga-

389 2524 600 2593 biliter
658 2527 1011 2612 observari,
1083 2529 1260 2595 salva
1312 2530 1380 2594 in
1439 2528 1728 2595 omnibus
1773 2529 2206 2596 moderatione
2258 2527 2509 2594 concilii
2568 2526 2898 2610 generalis.
2974 2524 3271 2593 Preterea

389 2633 773 2700 fraternitati
829 2640 1036 2701 vestre
1081 2635 1360 2719 rogando
1407 2636 1801 2720 mandamuS,
1865 2636 2161 2722 quatinus
2208 2654 2511 2721 personas
2560 2639 2624 2701 et
2666 2632 2833 2701 bona
2878 2654 3093 2699 eorum
3152 2652 3268 2719 pro

386 2740 743 2806 reverentia
785 2740 954 2807 beati
994 2740 1168 2807 Petri
1213 2748 1279 2810 et
1320 2748 1540 2809 nostra
1581 2744 2047 2811 manuteneatis
2094 2747 2158 2809 et
2216 2742 2453 2807 nullam
2500 2740 2591 2807 eis
2638 2742 2920 2823 irrogare
2964 2740 3267 2807 lesionem

385 2845 491 2912 vel
557 2846 856 2913 iniuriam
925 2850 1328 2934 permittatis.
1432 2850 1671 2917 Datum
1737 2848 2037 2917 Laterani
2106 2848 2241 2915 xvii
2304 2848 2431 2914 kal.
2501 2846 2805 2913 februarii
2866 2845 3307 2933 pontificatus·

387 2954 591 3019 nostri
639 2974 802 3019 anno
849 2974 907 3020 v.

598 3076 720 3129 Sine
756 3077 900 3128 dato:
936 3078 977 3139 Ι,
1015 3076 1171 3139 74v.;
1208 3080 1276 3141 11,
1319 3078 1479 3130 104v.
1519 3097 1568 3131 n.
1594 3080 1694 3141 52;
1733 3079 1796 3130 A.
1823 3080 1894 3129 20
1929 3097 1980 3130 n.
2006 3078 2079 3131 50
2113 3078 2293 3129 Latine
2319 3085 2371 3129 et
2396 3076 2699 3128 Germanice
2724 3092 2835 3126 cum
2858 3083 3004 3126 nota:
3041 3076 3101 3127 In
3124 3074 3264 3127 Mar-

385 3182 518 3231 purg
554 3174 650 3217 etc.
703 3166 768 3217 R.
798 3167 820 3217 l
863 3184 913 3218 n.
941 3167 974 3215 2
1010 3185 1040 3217 e
1078 3166 1226 3219 domo
1263 3167 1692 3233 Norimbergensi.
1752 3168 1817 3218 D.
1843 3168 1929 3219 51.
1970 3197 2033 3206 —-
2078 3167 2201 3217 Cum
2238 3166 2382 3217 dato:
2432 3165 2671 3216 Laterani
2705 3164 2805 3214 xvii
2839 3164 2943 3215 kal.
2976 3163 3103 3215 febr.
3140 3182 3191 3229 p.
3214 3182 3267 3216 n.

387 3271 434 3305 a.
461 3254 510 3304 5.
558 3254 665 3305 Ich.
693 3254 780 3305 29.
811 3285 872 3291 —
925 3255 1012 3306 Or.
1049 3272 1162 3306 cum
1207 3255 1344 3307 bulla
1393 3256 1446 3306 iu
1483 3256 1579 3307 filis
1617 3256 1820 3307 sericeis
1857 3272 2113 3322 appensa,
2152 3254 2403 3320 quondam
2439 3250 2943 3319 Mergentheuense,
2978 3269 3113 3302 nune
3136 3249 3265 3303 Vin-

385 3340 618 3393 dobonae
653 3342 706 3393 in
741 3342 944 3395 archivo
981 3342 1071 3395 ois.
1097 3343 1236 3395 Thai.
1266 3374 1326 3383 -
1367 3344 1650 3395 Ediderunt
1686 3344 1955 3395 Caci-sinus
1982 3343 2041 3396 Β.
2062 3344 2123 3404 83
2160 3342 2357 3394 Senner
2394 3358 2444 3408 p.
2475 3342 2540 3395 D.
2565 3341 2687 3402 (iv-3
2731 3340 2959 3393 Duellius
2996 3340 3131 3393 Hist.
3158 3340 3265 3393 ord.

385 3428 568 3481 Theut.
601 3430 654 3481 in
691 3432 974 3499 appendice
1009 3432 1042 3485 5
1079 3450 1129 3484 n.
1155 3432 1246 3485 111.
1429 3434 1474 3485 1.
1512 3450 1562 3499 q.
1599 3432 1651 3483 iu
1687 3432 1754 3484 A.
1779 3432 1865 3484 20.

389 3658 565 3730 322.
606 3663 777 3731 1221
827 3666 1116 3729 ianuarii
1159 3666 1246 3731 16
1293 3666 1605 3733 Laterani
1660 3662 1786 3749 (cf.
1828 3664 2009 3732 1225
2064 3665 2225 3728 maii
2267 3664 2351 3729 31
2410 3661 2703 3743 Tibure).
2786 3660 3115 3727 Honorius
3148 3660 3273 3728 III

604 3771 770 3837 iubet
817 3772 1060 3837 ordinis
1113 3769 1484 3839 Theutonici
1527 3772 1950 3838 molestatores
1998 3771 2429 3837 ecclesiasticis
2476 3770 2790 3836 sententiis
2840 3771 3125 3833 coerceri.

608 3910 923 3978 Honorius
971 3912 1302 3998 episcopus
1349 3932 1566 3979 servus
1612 3930 1937 3979 servorum
1980 3910 2082 3977 dei
2112 3908 2575 3977 venerabilibus
2619 3909 2920 3975 fratribus
2954 3909 3263 3995 archiepi-

383 4018 590 4105 scopis
623 4022 688 4085 et
731 4019 1010 4106 epicopis
1054 4026 1120 4085 et
1147 4019 1391 4086 dilectis
1419 4019 1568 4087 filiis
1601 4017 1955 4103 abbatibus,
1999 4019 2334 4103 prioribus,
2382 4016 2857 4100 archidiaconiS,
2900 4015 3153 4082 decanis
3202 4022 3265 4081 et

381 4124 522 4191 aliis
557 4124 961 4191 ecclesiarum
989 4126 1273 4213 prelatiS,
1306 4126 1385 4192 ad
1419 4146 1574 4212 quos
1603 4126 1816 4193 littere
1844 4125 1967 4191 iste
1997 4126 2421 4211 pervenerint,
2453 4124 2721 4191 salutem
2752 4129 2817 4189 et
2848 4122 3257 4209 apostolicam

381 4230 900 4299 benedictionem.
1036 4232 1179 4299 Non
1235 4232 1470 4318 absque
1527 4232 1742 4300 dolore
1801 4230 2008 4299 cordis
2056 4237 2119 4299 et
2176 4232 2453 4318 plurima
2496 4230 2861 4297 turbacione
2906 4229 3260 4312 didicimus,

380 4338 548 4424 quod
603 4339 694 4405 ita
745 4339 810 4405 in
869 4337 1187 4425 plerisque
1245 4339 1534 4426 partibus
1603 4339 2029 4407 ecclesiastica
2095 4358 2361 4404 censura
2416 4337 2780 4404 dissolvitur
2838 4341 2903 4403 et
2963 4336 3260 4403 canonice

379 4446 690 4512 sententie
747 4444 1052 4511 severitas
1111 4452 1477 4531 enervatur,
1537 4451 1610 4513 ut
1652 4445 1775 4511 viri
1819 4445 2100 4529 religiosi
2146 4450 2212 4513 et
2252 4445 2345 4511 hii
2390 4444 2699 4527 maxime,
2756 4444 2863 4528 qui
2919 4462 3036 4529 per
3093 4442 3259 4509 sedis

377 4552 722 4638 apostolice
765 4550 1100 4638 privilegia
1141 4554 1366 4619 maiori
1413 4552 1631 4619 donati
1659 4557 1809 4619 sunt
1834 4550 2129 4619 libertate
2140 4548 2176 4635 ¹,
2222 4553 2460 4638 passim
2508 4571 2547 4615 a
2574 4548 3082 4617 malefactoribus
3128 4548 3259 4615 suis

375 4658 642 4725 iniurias
687 4658 1004 4725 sustinent
1046 4663 1111 4726 et
1153 4660 1432 4746 rapinas,
1480 4660 1626 4726 dum
1675 4660 1782 4726 vix
1825 4659 2167 4744 invenitur,
2216 4660 2323 4743 qui
2368 4676 2645 4740 congrua
2688 4656 2814 4723 illis
2870 4654 3259 4743 protectione

377 4764 712 4833 subveniat
754 4769 820 4832 et
861 4784 978 4851 pro
1021 4766 1293 4833 fovenda
1337 4786 1684 4854 pauperum
1730 4766 2100 4833 innocencia
2130 4786 2199 4833 se
2229 4784 2477 4833 murum
2528 4762 2909 4830 defensionis
2955 4767 3255 4848 opponat.

377 4868 751 4957 Specialiter
807 4876 1018 4938 autem
1077 4872 1290 4941 dilecti
1343 4872 1458 4939 filii
1509 4874 1738 4940 fratres
1812 4872 2145 4959 hospitalis
2206 4878 2423 4940 sancte
2478 4870 2677 4937 Marie
2734 4870 3255 4936 Theotonicorum

373 4977 860 5047 Ierosolimitani
917 4982 1052 5045 tam
1110 4978 1188 5047 de
1257 4979 1688 5065 frequentibus
1751 4981 2000 5047 iniuriis
2063 4998 2249 5065 quam
2308 4979 2389 5046 de
2443 4979 2583 5067 ipso
2638 4978 2954 5045 cotidiano
3012 4976 3257 5043 defectu

2711 5090 2829 5146 19³*
