3892 5609
1655 428 1936 476 nrvomA
2060 450 2067 463 ·
3074 418 3223 490 237

365 585 619 671 existit,
687 583 803 652 sub
855 584 1132 668 regulari
1184 584 1406 652 habitu
1460 586 1765 653 virtutum
1824 586 2074 653 domino
2130 585 2427 655 famulari
2484 586 2773 673 quodque
2831 589 3234 674 prepositura

365 692 630 760 ecclesie
675 692 1077 760 Curoniensis
1124 713 1239 779 per
1283 692 1601 779 predictos
1644 695 1873 763 fratres
1917 696 2053 779 regi
2106 700 2434 778 consueta,
2490 714 2681 779 quam
2736 695 3051 780 quondam
3096 696 3231 763 An-

365 802 555 868 dreas
601 800 680 867 de
723 798 870 885 Cur,
914 800 1116 887 ipsius
1163 799 1422 867 ecclesie
1466 804 1842 889 preposituS,
1891 804 2042 869 dum
2086 802 2345 886 viveret,
2394 802 2744 887 obtinebat,
2794 824 2907 889 per
2952 802 3231 868 eiusdem

365 908 626 974 Andree
669 906 928 992 obitum,
975 909 1085 994 qui
1129 914 1311 975 extra.
1339 908 1688 976 Romanam
1735 909 1975 976 curiam
2014 910 2178 976 diem
2225 908 2451 975 clausit
2480 914 2852 993 extremum,
2898 914 3234 976 vacaverat

365 1020 436 1083 et
478 1015 764 1099 vacabat,
809 1020 960 1082 tunc
1003 1036 1118 1083 nos
1166 1017 1354 1084 certis
1407 1016 1717 1083 iudicibus
1762 1037 1877 1104 per
1936 1017 2273 1102 quasdam,
2328 1021 2401 1083 ut
2456 1018 2769 1103 prefatum
2815 1015 3230 1103 Wygandum,

369 1124 428 1189 si
471 1123 636 1190 foret
660 1123 942 1210 ydoneus
974 1126 1039 1190 et
1083 1123 1252 1190 aliud
1297 1125 1665 1191 canonicum
1710 1144 1837 1190 non
1871 1123 2222 1209 obsisteret,
2270 1126 2642 1191 auctoritate
2670 1129 2888 1191 nostra
2914 1124 2983 1191 in
3014 1124 3233 1192 eodem

366 1229 692 1317 hospitali,
737 1230 1074 1297 dummodo
1121 1252 1200 1297 ex
1242 1231 1362 1299 hoc
1406 1232 1670 1299 nimium
1717 1251 1842 1298 non
1888 1238 2277 1317 gravaretur,
2323 1233 2602 1300 facerent
2635 1232 2831 1319 recipi
2875 1233 2941 1298 in
2972 1232 3234 1299 fratrem

371 1336 620 1423 sibique
663 1339 844 1405 iuxta
885 1339 1087 1424 ipsius
1141 1338 1474 1425 hospitalis
1530 1339 2048 1407 consuetudinem
2098 1338 2449 1423 regularem
2493 1339 2779 1406 habitum
2834 1339 3117 1407 exhiberi
3162 1359 3235 1406 ac

371 1446 454 1513 de
497 1445 933 1513 communibus
976 1446 1176 1532 ipsius
1221 1446 1551 1533 hospitalis
1608 1447 2014 1534 proventibus
2068 1448 2231 1514 sicut
2285 1447 2394 1513 uni
2441 1468 2518 1514 ex
2565 1446 2703 1514 aliis
2748 1446 2978 1535 prefati
3019 1447 3235 1534 hospi-

369 1552 521 1619 talis
566 1552 867 1620 fratribus
911 1553 1156 1637 integre
1199 1554 1566 1640 responderi
1616 1555 1950 1640 ipsumque
1993 1554 2225 1621 ibidem
2274 1556 2519 1623 sincera
2560 1555 2629 1620 in
2674 1554 2925 1620 domino
2972 1554 3236 1621 caritate

371 1661 636 1727 tractari
694 1664 760 1727 et
821 1660 1262 1728 nichilominus
1327 1660 1681 1745 regularem
1746 1662 2198 1750 professionem
2256 1683 2371 1750 per
2434 1662 2683 1729 eosdem
2740 1663 2969 1729 fratres
3032 1660 3237 1729 emitti

374 1766 629 1837 solitam
677 1765 755 1835 ab
800 1769 942 1855 ipso
984 1767 1346 1856 Wygando,
1401 1770 1456 1835 si
1501 1790 1641 1835 eam
1684 1770 1751 1835 in
1793 1770 2048 1837 illorum
2092 1769 2384 1837 manibus
2430 1776 2653 1857 sponte
2698 1770 2983 1837 emittere
3027 1768 3234 1854 vellet,

377 1876 600 1943 eadem
645 1876 1017 1943 auctoritate
1059 1878 1415 1963 reciperent
1458 1882 1522 1944 et
1557 1876 1981 1962 admitterent,
2029 1897 2104 1944 ac
2146 1897 2259 1965 per
2291 1878 2447 1944 alias
2477 1883 2727 1944 nostras
2770 1877 3016 1945 litteras
3061 1876 3235 1943 dedi-

375 2004 521 2051 mus
565 1984 633 2049 in
677 1982 1023 2066 mandatis,
1075 1989 1148 2049 ut
1189 1984 1654 2071 preposituram
1699 1986 2079 2071 predictam,
2140 2005 2261 2071 que
2316 1990 2536 2051 curata
2590 1991 2654 2051 et
2708 1984 2979 2067 dignitas
3034 1984 3237 2050 maior

373 2096 524 2179 post
566 2090 988 2178 pontificalem
1033 2091 1099 2157 in
1145 2091 1314 2159 dicta
1344 2091 1607 2159 ecclesia
1641 2092 1875 2176 existit,
1919 2092 2055 2159 sive
2097 2098 2170 2159 ut
2211 2092 2615 2179 premittitur,
2664 2091 2797 2159 sive
2828 2091 2984 2159 alias
3015 2092 3237 2177 quovis

372 2199 561 2267 modo
609 2204 719 2266 aut
763 2219 844 2265 ex
889 2198 1146 2265 alterius
1194 2200 1640 2285 cuiuscumque
1685 2219 1953 2285 persona
1994 2206 2279 2285 vacaret,
2327 2199 2661 2267 dummodo
2708 2204 2859 2265 tunc
2901 2219 3029 2265 non
3072 2203 3240 2265 esset

373 2307 445 2373 in
492 2325 567 2373 ea
611 2304 799 2372 alicui
843 2305 1198 2393 specialiter
1241 2307 1342 2372 ius
1387 2307 1721 2392 quesitum,
1767 2327 1909 2373 cum
1943 2308 2231 2374 omnibus
2269 2307 2510 2373 iuribus
2557 2313 2621 2373 et
2664 2306 3069 2393 pertinenciis
3106 2306 3237 2371 suis

377 2413 584 2480 eidem
611 2410 962 2500 Wygando,
1009 2419 1345 2500 postquam
1375 2414 1441 2480 in
1471 2414 1753 2499 fratrem,
1799 2419 1872 2481 ut
1899 2416 2307 2501 premittitur,
2354 2415 2552 2501 ipsius
2588 2412 2917 2501 hospitalis
2949 2419 3237 2500 receptus

379 2525 445 2589 et
487 2520 610 2587 sibi
652 2519 904 2587 habitus
947 2520 1086 2606 ipse
1132 2520 1446 2589 exhibitus
1490 2521 1655 2588 foret
1684 2530 1748 2589 et
1789 2523 2241 2609 professionem
2284 2522 2615 2606 emisisset,
2662 2522 2927 2588 eandem
2956 2520 3239 2587 conferre

379 2633 445 2695 et
487 2628 809 2712 assignare
856 2632 1167 2711 curarent,
1213 2635 1402 2715 prout
1443 2630 1511 2695 in
1559 2629 1794 2697 eisdem
1837 2628 2067 2696 litteris
2098 2629 2345 2716 plenius
2386 2630 2759 2696 continetur.
2830 2628 3240 2731 Postmodum

376 2755 550 2820 vero,
597 2736 759 2801 sicut
803 2734 1083 2801 exhibita
1125 2736 1307 2802 nobis
1353 2757 1552 2823 nuper
1596 2757 1710 2823 pro
1741 2742 1921 2823 parte
1954 2737 2261 2804 dictorum
2294 2718 2579 2821 magistri
2610 2741 2673 2802 et
2712 2737 2979 2803 fratrum
3009 2737 3240 2822 peticio

379 2841 762 2927 continebat,
809 2847 950 2909 orta
992 2842 1160 2908 inter
1204 2843 1500 2911 dilectum
1545 2843 1746 2911 filium
1793 2843 2242 2911 Theodericum
2290 2844 2570 2929 Tanken,
2624 2844 2885 2911 fratrem
2932 2839 3084 2910 dicti
3127 2843 3242 2910 ho-

379 2950 660 3039 spitalis,
706 2950 810 3017 cui
854 2949 932 3016 de
975 2950 1224 3037 prefata
1265 2952 1665 3038 prepositura
1709 2952 1802 3018 sic
1843 2959 2106 3019 vacante
2151 2952 2473 3019 ordinaria
2512 2952 2634 3017 fuit
2678 2952 3049 3018 auctoritate
3092 2970 3241 3037 pro-

377 3059 585 3126 visum
633 3058 864 3144 quique
907 3056 1080 3125 illam
1131 3064 1450 3125 assecutus
1481 3059 1711 3143 extitit,
1758 3079 1832 3126 ac
1862 3058 2127 3126 eundem
2151 3057 2548 3147 Wygandum
2588 3078 2778 3145 super
2806 3058 2977 3125 dicta
3016 3077 3242 3144 prepo-

381 3168 586 3235 situra
614 3172 677 3234 et
705 3166 838 3233 eius
870 3161 1194 3232 occasione
1224 3168 1494 3234 materia
1521 3167 1865 3251 questionis
1897 3171 1963 3233 et
1989 3186 2180 3233 causa
2208 3166 2565 3233 huiusmodi
2594 3186 2708 3254 per
2748 3164 3242 3253 appellacionem

381 3274 537 3342 dicti
582 3273 950 3341 Theoderici
995 3274 1076 3339 ad
1121 3274 1334 3341 sedem
1378 3274 1786 3361 apostolicam
1821 3274 2110 3358 ‘legitime
2153 3274 2529 3359 introducta,
2576 3296 2690 3341 nos
2736 3293 2991 3340 causam
3036 3273 3244 3359 ipsam

383 3382 612 3450 dilecto
657 3379 786 3447 filio
831 3381 1132 3464 magistro
1166 3380 1537 3448 Geminiano
1569 3381 1646 3449 de
1676 3381 1887 3465 Prato,
1935 3380 2259 3468 capellano
2306 3386 2519 3447 nostro
2566 3388 2630 3449 et
2663 3400 2995 3448 causarum
3023 3381 3245 3467 palatii

385 3488 716 3577 apostolici
763 3487 1032 3554 auditori
1047 3538 1066 3573 ,
1123 3489 1203 3554 ad
1253 3490 1628 3556 instanciam
1675 3489 1902 3575 prefati
1931 3488 2245 3575 Wygandi
2291 3487 2664 3556 audiendam
2712 3489 3138 3554 commisimus
3184 3492 3247 3554 et

381 3593 536 3665 fine¹
583 3596 791 3663 debito
838 3596 1332 3679 terminandam3
1381 3616 1456 3663 ac
1500 3597 1867 3681 successive,
1914 3601 2251 3683 postquam
2292 3596 2463 3663 idem
2496 3596 2743 3662 auditor
2772 3595 2839 3661 in
2873 3616 2948 3662 ea
2978 3596 3057 3661 ad
3089 3614 3245 3661 non-

384 3704 594 3772 nullos
640 3708 815 3772 actus
861 3703 1022 3770 citra
1049 3709 1263 3772 tamen
1293 3704 1751 3771 conclusionem
1797 3704 1963 3771 inter
1992 3708 2205 3790 partes
2234 3703 2407 3790 ipsas
2448 3707 2861 3790 processerat,
2907 3722 3023 3789 pro
3064 3706 3247 3788 parte

385 3814 540 3881 dicti
584 3809 897 3899 Wygandi
941 3811 1122 3879 nobis
1179 3811 1496 3900 exposito,
1557 3812 1722 3897 quod
1768 3832 1806 3878 a
1849 3810 2166 3878 nonnullis
2224 3815 2641 3895 assereretur,
2698 3810 2908 3877 neutri
2964 3811 3246 3896 ipsorum

385 3920 681 4005 Wigandi
727 3926 792 3989 et
837 3918 1202 3987 Theoderici
1246 3920 1312 3985 in
1369 3920 1537 3986 dicta
1589 3920 1988 4006 prepositura
2042 3940 2153 3986 seu
2207 3919 2286 3985 ad
2345 3940 2483 3986 eam
2536 3919 2635 3985 ius
2692 3924 3075 4004 competere3
3130 3935 3246 3983 nos

385 4029 593 4097 denuo
637 4030 882 4116 prefato
924 4026 1250 4113 Wygando
1296 4026 1376 4093 de
1418 4025 1561 4114 ipsa
1603 4028 2002 4115 prepositura
2046 4027 2162 4095 sub
2206 4028 2395 4095 certis
2426 4026 2610 4093 modo
2643 4032 2707 4093 et
2732 4026 2939 4092 forma
2966 4024 3248 4109 graciose

387 4137 810 4205 concessimus
839 4134 1177 4223 provideri.
1247 4132 1406 4201 Cum
1433 4139 1666 4220 autem,
1709 4136 1873 4203 sicut
1902 4135 2121 4203 eadem
2151 4135 2378 4222 peticio
2410 4133 2846 4219 subiungebat,
2890 4133 3041 4200 licet
3066 4132 3249 4199 iuxta

385 4243 722 4332 privilegia
767 4249 832 4311 et
873 4242 1122 4311 indulta
1165 4240 1508 4329 apostolica
1550 4262 1794 4310 necnon
1823 4243 2303 4311 consuetudines
2347 4241 2663 4327 legitimas
2706 4240 3039 4327 hospitalis
3086 4240 3252 4306 eius-

389 4352 535 4420 dem
579 4352 706 4439 ipsi
751 4352 1050 4436 magister
1096 4355 1158 4417 et
1199 4350 1428 4417 fratres
1475 4350 1552 4417 de
1599 4371 1967 4437 quacunque
2025 4349 2344 4437 prelatura
2390 4370 2501 4416 seu
2547 4349 2853 4433 dignitate
2896 4348 2997 4414 vel
3041 4346 3252 4414 baliva

391 4465 504 4527 aut
547 4459 736 4527 etiam
783 4458 1003 4545 quovis
1050 4456 1254 4525 officio
1300 4458 1452 4524 dicti
1493 4458 1823 4545 hospitalis
1867 4478 1983 4545 per
2040 4477 2460 4543 quascumque
2506 4456 2669 4523 dicte
2715 4455 2882 4522 sedis
2928 4460 3039 4522 aut
3079 4453 3251 4538 lega-

389 4573 601 4635 torum
647 4567 924 4634 eiusdem
969 4565 1216 4633 litteras
1274 4566 1602 4652 providere
1659 4565 1846 4633 alicui
1901 4565 2163 4632 minime
2218 4568 2551 4631 teneantur
2606 4563 2789 4651 inviti
2844 4564 2977 4629 sive
3036 4580 3253 4627 earum

391 4678 687 4762 pretextu
732 4674 814 4741 ad
854 4673 1028 4741 illam
1077 4672 1176 4739 vel
1217 4672 1375 4739 illud
1429 4673 1760 4740 admittere
1805 4678 1916 4739 aut
1958 4672 2025 4738 in
2072 4671 2223 4738 dicti
2275 4670 2604 4758 hospitalis
2658 4671 2918 4738 fratrem
2976 4669 3255 4753 recipere

393 4800 772 4868 quemquam
803 4780 971 4848 soliti
1000 4800 1128 4847 non
1158 4781 1452 4865 existant,
1501 4802 1581 4847 an
1609 4785 1823 4847 tamen
1852 4798 1967 4867 per
1996 4780 2211 4846 literas
2242 4783 2489 4845 nostras
2518 4798 2757 4845 necnon
2790 4776 3252 4843 concessionem

394 4889 711 4976 predictas
755 4888 912 4975 ipsis
956 4887 1304 4975 privilegiis
1348 4888 1609 4955 indultis
1656 4892 1720 4956 et
1770 4887 2323 4955 consuetudinibus
2370 4886 2658 4971 derogari
2700 4884 3081 4952 voluerimus
3096 4934 3116 4969 ,
3177 4882 3255 4949 ab

396 4995 708 5082 aliquibus
737 4995 1072 5079 hesitetur3
1120 5014 1235 5062 nos
1268 4994 1347 5062 ad
1376 4995 1737 5064 huiusmodi
1769 4995 2197 5079 ambiguitatis
2230 4994 2573 5062 tollendum
2604 4992 2861 5061 dubium
2892 5012 3007 5078 per
3036 4990 3255 5058 literas

393 5109 645 5172 nostras
690 5111 755 5171 et
797 5104 1262 5171 concessionem
1306 5103 1642 5191 predictas,
1689 5104 1888 5172 eciam
1934 5102 2050 5170 sub
2085 5102 2304 5188 quavis
2335 5102 2671 5170 verborum
2712 5101 2919 5167 forma
2958 5103 3257 5186 concepte
