3892 5609
1321 370 1709 419 parvane-ra
1755 365 2142 421 canamus
2998 360 3145 432 377

303 529 524 614 rebus,
586 529 748 596 sicut
791 534 890 597 est
930 529 1046 597 hoc
1089 535 1373 617 tempore
1417 536 1790 617 oportunum
1806 580 1824 615 ,
1879 530 2157 599 debitum
2201 537 2557 619 respectum
2599 532 2900 599 habentes
2945 531 3151 615 dignis

304 657 415 703 vos
457 637 750 704 laudibus
796 638 1022 703 exinde
1066 637 1592 703 commendamus,
1663 637 1822 715 Quia
1866 659 2035 723 vero,
2082 641 2246 707 sicut
2290 639 2569 707 eiusdem
2614 645 2781 706 terre
2824 639 3153 723 negocium

305 745 510 811 maius
569 745 913 811 subsidium
973 745 1169 829 exigit
1226 751 1289 811 et
1349 741 1489 810 vos?
1545 746 1602 811 ei
1659 744 2123 814 habundantius
2180 747 2508 815 subvenire
2522 741 2565 831 ³,
2630 748 2723 813 sic
2784 746 3151 833 ampliorem

303 851 751 939 promeremini
794 848 1175 918 dilectionis⁴
1219 853 1492 936 graciam
1543 858 1608 919 et
1648 853 1949 939 favorem,
1995 874 2137 921 cum
2175 856 2267 921 ita
2302 856 2545 921 viscera
2583 854 2837 940 pietatis
2880 859 2943 919 et
2984 873 3153 919 com-

305 959 618 1047 passionis
665 960 1036 1046 expandatis
1082 959 1162 1025 ad
1206 960 1442 1027 dictum
1489 962 1834 1045 negocium,
1880 968 1953 1028 ut
1998 982 2037 1027 a
2078 961 2259 1028 nobis
2306 966 2371 1029 et
2414 961 2553 1028 aliis
2600 982 2709 1027 vos
2757 964 3044 1047 oporteat
3073 960 3153 1027 ad

307 1073 479 1135 tante
510 1068 790 1134 caritatis
821 1088 978 1153 opus
1008 1066 1348 1133 liberaliter
1373 1067 1678 1151 adiuvari,
1701 1068 1841 1133 iura
1863 1077 2073 1135 vestra
2086 1066 2128 1153 ⁵,
2162 1074 2461 1155 quantum
2494 1067 2675 1134 nobis
2706 1069 2919 1153 gracia
2941 1068 3155 1134 divina

305 1176 608 1259 concedit,
655 1176 902 1259 integra
947 1181 1008 1241 et
1049 1176 1420 1241 inconcussa
1463 1196 1712 1241 servare
1759 1177 2167 1263 proponimus
2207 1182 2271 1243 et
2298 1175 2473 1243 vobis
2504 1175 2909 1260 benignitatis
2943 1181 3153 1243 nostre

304 1282 796 1350 habundantiam
853 1283 916 1349 in
973 1281 1506 1349 benedictionibus
1552 1282 1894 1350 dulcedinis
1942 1284 2255 1351 exhibere.
2347 1282 2773 1371 Quapropter,
2832 1284 3043 1350 dilecti
3086 1284 3153 1349 in

306 1390 561 1456 domino
605 1390 739 1475 filii,
787 1391 983 1476 quieti
1029 1395 1093 1456 et
1137 1390 1575 1475 tranquillitati
1619 1395 1824 1457 vestre
1869 1390 2201 1477 providere
2245 1390 2521 1457 volentes
2568 1392 2941 1459 auctoritate
2976 1391 3153 1458 vobis

307 1497 688 1583 presentium
750 1499 975 1564 vestris
1027 1497 1312 1564 inclinati
1371 1495 1929 1583 supplicationibus
1988 1497 2413 1582 indulgemus,
2471 1503 2542 1564 ut
2595 1499 3046 1585 archiepiscopi
3091 1504 3155 1565 et

305 1604 583 1692 episcopi
632 1612 695 1673 et
737 1605 848 1671 alii
893 1604 1290 1671 ecclesiarum
1339 1604 1568 1691 prelati
1611 1606 1678 1671 in
1725 1606 1973 1689 vestriS,
2020 1626 2173 1691 quas
2216 1606 2457 1673 habetis
2488 1611 2551 1672 et
2580 1606 2827 1690 tenetis,
2875 1605 3153 1672 ecclesiis
3249 1662 3263 1677 .

305 1710 482 1777 salva
525 1713 981 1799 procuratione,
1030 1712 1084 1778 si
1129 1732 1252 1797 qua
1296 1711 1556 1778 debetur
1602 1713 1858 1797 eisdem,
1906 1733 1979 1778 eo
2024 1714 2457 1779 tantummodo
2504 1712 2632 1779 sint
2674 1712 2810 1779 iure
2856 1713 3151 1797 contenti,

306 1819 474 1905 quod
518 1820 640 1906 ipsi
687 1827 750 1887 et
793 1821 1260 1906 predecessores
1307 1839 1520 1886 eorum
1570 1840 1608 1885 a
1651 1819 1827 1885 vobis
1874 1824 1938 1885 et
1981 1820 2523 1906 predecessoribus
2558 1822 2782 1887 vestris
2813 1825 3155 1887 noscuntur

305 1926 606 1993 hactenus
661 1926 971 1994 habuisse.
1063 1925 1297 2004 Quodsi
1353 1926 1622 2011 amplius
1681 1946 1760 1992 ex
1817 1926 2001 1993 dictis
2056 1925 2335 1993 ecclesiis
2379 1933 2594 2014 petere
2638 1928 2737 1995 vel
2784 1934 3155 2013 extorquere

305 2033 768 2119 contenderint,
826 2033 1002 2100 vobis
1047 2034 1114 2099 id
1165 2034 1352 2101 liceat
1408 2034 1775 2099 auctoritate
1819 2034 1986 2101 sedis
2046 2034 2385 2119 apostolice
2443 2035 2749 2119 denegare
2807 2056 2997 2121 super
3041 2036 3155 2103 hec

304 2160 516 2207 coram
560 2142 741 2207 nobis
787 2142 1081 2208 exhibere
1127 2142 1364 2228 paratis
1407 2141 1654 2207 iusticie
1699 2140 2243 2227 complementum.
2312 2140 2484 2208 Nulli
2528 2162 2677 2225 ergo
2723 2147 2839 2208 etc.
2912 2141 2981 2208 Si
3014 2143 3153 2228 quis

307 2253 515 2315 autem
562 2254 678 2315 etc.
748 2248 984 2316 Datum
1015 2248 1312 2315 Laterani
1357 2249 1420 2313 vi
1467 2248 1606 2313 idus
1653 2248 1870 2333 aprilis
1915 2247 2313 2335 pontificatus
2357 2250 2559 2316 nostri
2604 2268 2767 2315 anno
2815 2248 3105 2315 secundo.

517 2389 638 2441 Sine
662 2390 806 2442 dato:
841 2390 908 2454 11,
939 2390 1048 2467 118·
1073 2408 1122 2442 n.
1148 2390 1180 2441 7
1184 2391 1233 2442 4.
1260 2418 1325 2427 —
1364 2390 1486 2441 Cum
1511 2388 1653 2440 dato:
1691 2388 1754 2441 A.
1779 2388 1842 2440 16
1879 2407 1928 2456 p.
1956 2390 2027 2439 24
2062 2407 2121 2440 ex
2147 2388 2473 2441 instrumento
2500 2390 2725 2441 Venetiis
2749 2394 3006 2441 asservato
3032 2388 3081 2441 d.
3101 2389 3152 2441 d.

303 2478 482 2530 Padua
523 2480 658 2531 1349
703 2496 874 2531 mense
919 2479 1144 2531 ianuario
1187 2479 1320 2531 facto
1365 2486 1418 2530 et
1464 2497 1496 2530 a
1528 2478 1689 2529 tribus
1723 2479 1930 2530 notariis
1967 2478 2263 2545 subscripto.
2514 2480 2561 2530 1.
2609 2496 2701 2544 pro
2734 2477 2916 2529 mentis
2952 2485 3153 2529 nostre:

303 2577 502 2621 nostros
537 2568 601 2619 A.
627 2568 706 2621 16.
861 2560 929 2619 25
947 2569 1104 2635 exigit
1137 2586 1224 2620 vos
1261 2568 1323 2619 A.
1349 2568 1426 2619 16.
1587 2566 1638 2619 3.
1673 2568 1949 2619 subvenitis
1986 2568 2049 2619 A.
2080 2568 2160 2619 16.
2317 2568 2369 2619 4.
2406 2567 2723 2619 dilectionem
2744 2566 2812 2619 11.
2965 2567 3015 2619 5.
3050 2567 3153 2618 vita

303 2667 476 2711 nostra
510 2658 575 2709 11.

309 2862 484 2934 535.
527 2866 704 2933 1256
745 2866 894 2931 iulii
922 2866 1002 2933 11
1051 2866 1364 2954 Anaynie.
1434 2866 1797 2931 Alexander
1826 2864 1938 2931 IV
1974 2867 2195 2931 domus
2241 2868 2482 2933 ordinis
2520 2863 2891 2931 Theutonici
2932 2862 3155 2930 liberat

527 2973 606 3038 ab
653 2976 953 3059 impensis
979 3043 992 3067 x
1011 2987 1068 3039 et
1120 2975 1420 3039 sumtibus
1478 2975 1696 3061 leqatis
1740 2974 1839 3037 vel
1888 2976 2137 3039 nunciis
2180 2996 2231 3037 s.
2268 2973 2591 3039 Romanae
2635 2972 2923 3037 ecclesiae
2962 2992 3152 3057 prae-

524 3083 786 3146 standis.

525 3212 887 3280 Alexander
940 3214 1270 3301 episcopus
1315 3232 1533 3280 servus
1577 3232 1898 3280 servorum
1945 3213 2045 3279 dei
2092 3211 2335 3279 dilectis
2378 3210 2527 3278 filiis
2570 3211 2872 3294 magistro
2919 3215 2983 3277 et
3024 3210 3152 3275 fra-

304 3321 506 3388 tribus
565 3321 895 3408 hospitalis
951 3328 1164 3388 sancte
1217 3320 1416 3388 Marie
1475 3322 1696 3386 domus
1743 3320 2263 3386 Theutonicorum
2311 3317 2831 3386 lherosolimitani
2886 3315 3153 3384 salutem

306 3433 372 3495 et
398 3429 806 3515 apostolicam
839 3427 1351 3495 benedictionem.
1568 3427 1724 3493 Cum
1758 3435 1967 3514 preter
1999 3447 2339 3513 pauperem
2369 3428 2603 3493 victum
2635 3431 2911 3492 vestrum
2944 3424 3155 3491 omnia

303 3536 470 3603 bona
513 3542 724 3602 vestra
765 3536 1180 3623 hospitalitati
1225 3541 1290 3601 et
1333 3534 1472 3601 aliis
1519 3536 1642 3621 piis
1685 3535 1979 3621 operibus
2010 3533 2459 3628 officiosissime
2490 3534 2618 3601 sint
2646 3533 2952 3620 exposita,
2997 3532 3153 3598 satis

301 3643 642 3711 inhumane
689 3642 828 3709 aliis
875 3644 1108 3709 auferri
1155 3642 1401 3709 videtur
1444 3643 1674 3726 egeniS,
1729 3639 2059 3728 quidquid¹
2106 3624 2145 3707 a
2190 3642 2365 3709 vobis
2411 3641 2717 3709 violencia
2760 3640 2857 3707 vel
2904 3640 3152 3723 ingenio

305 3756 741 3836 extorquetur,
799 3770 942 3835 nec,
1003 3751 1150 3835 quia
1195 3750 1482 3816 dominus
1525 3770 1822 3817 manuum
1867 3754 2220 3815 vestrarum
2268 3749 2559 3834 operibus
2604 3748 2975 3815 benedicens
3020 3748 3153 3813 via-

303 3860 498 3927 ticum
545 3858 1063 3951 peregrinationis
1109 3862 1333 3940 vestre,
1383 3864 1613 3941 quanto
1659 3857 1858 3941 magis
1903 3855 2061 3922 illud
2104 3856 2383 3922 fraterna
2426 3858 2687 3923 caritate
2720 3858 2786 3923 in
2817 3876 2967 3921 usus
2996 3875 3153 3943 pau-

304 3986 524 4054 perum
573 3964 966 4048 distribuitis,
1013 3970 1190 4031 tanto
1235 3965 1436 4048 magis
1467 3964 1680 4031 celesti
1711 3964 2009 4031 alimonia
2037 3962 2435 4051 multiplicat,
2468 3960 2613 4031 vos²
2644 3965 2797 4031 estis
2828 3963 3153 4030 deterioris

304 4072 678 4139 conditionis
730 4072 1030 4156 habendi,
1089 4072 1200 4139 sed
1257 4072 1466 4159 potius
1509 4072 1818 4156 melioris,
1876 4092 2017 4138 cum
2078 4072 2329 4137 nonnisi
2374 4072 2540 4138 vasis
2588 4067 2860 4158 paratis⁸
2906 4070 3153 4138 celestis

305 4180 515 4265 gracie
561 4180 762 4246 oleum
811 4180 1196 4264 infundatur,
1243 4178 1408 4265 qnod
1453 4180 1748 4265 pauperis
1795 4178 2225 4246 deficientibus
2272 4179 2437 4245 vasis
2482 4180 2676 4245 stetit.
2746 4177 2924 4245 Licet
2960 4178 3155 4262 igitur

302 4288 608 4372 largiente
653 4288 902 4354 domino
949 4288 1168 4354 domus
1215 4292 1422 4353 vestre
1465 4287 1606 4373 plus
1654 4286 1837 4352 solito
1883 4286 2325 4373 temporalium
2364 4285 2631 4353 floreant
2657 4285 2961 4369 ubertate,
3007 4285 3157 4370 quia

305 4402 518 4463 tamen
562 4396 786 4463 exinde
836 4394 1088 4463 uberius
1135 4394 1514 4482 pauperibus
1560 4394 1958 4478 subvenitur,
2012 4414 2127 4461 nos
2172 4394 2451 4461 volentes
2498 4412 2571 4459 eo
2618 4413 2727 4459 vos
2775 4392 2852 4460 de
2896 4392 3155 4480 speciali

303 4504 516 4589 gracia
566 4503 972 4571 favorabilius
1018 4503 1374 4585 confovere,
1435 4523 1556 4587 quo
1603 4503 1830 4569 exinde
1874 4502 1969 4568 illi
2012 4502 2387 4589 propensius
2430 4500 2818 4586 complacere
2862 4520 2975 4567 nos
3021 4520 3155 4567 cre-

304 4611 532 4695 dimus,
587 4612 714 4697 qui,
761 4612 924 4696 quod
970 4611 1078 4676 uni
1125 4630 1202 4676 ex
1249 4610 1524 4676 minimis
1570 4611 1699 4676 suis
1744 4608 1834 4693 fit,
1883 4610 2003 4675 sibi
2050 4614 2301 4696 reputat
2347 4629 2483 4676 esse
2526 4608 2783 4692 factum,
2830 4608 3155 4674 devocioni

305 4724 512 4786 vestre
557 4719 925 4785 auctoritate
970 4718 1354 4803 presentium
1401 4716 1813 4803 indulgemuS,
1861 4738 1940 4783 ne
1988 4716 2327 4803 apostolice
2373 4717 2537 4783 sedis
2568 4716 2760 4800 legati
2793 4714 2890 4781 vel
2920 4716 3153 4801 nuncii,

304 4825 726 4893 cardinalibus
784 4825 1043 4892 ecclesie
1087 4824 1365 4892 Romane
1421 4826 1728 4892 duntaxat
1783 4826 2094 4911 exceptis,
2151 4825 2621 4911 procurationes
2677 4824 3071 4911 pecuniarias
3116 4842 3158 4889 a

305 4934 482 5001 vobis
529 4940 592 5000 et
635 4932 922 5001 domibus
970 4934 1192 4999 vestris
1239 4933 1488 5017 exigere
1535 4934 1634 5001 vel
1679 4936 2051 5017 extorquere
2095 4938 2494 5019 presumant,
2542 4930 2685 5017 sed,
2731 4950 2874 4997 cum
2920 4930 2999 4996 ad
3046 4929 3156 4996 do-

305 5062 442 5108 mos
501 5046 742 5109 vestras
799 5042 1204 5127 accesserint,
1265 5041 1418 5108 cibis
1473 5040 1864 5126 regularibus
1921 5040 2050 5107 sint
2106 5040 2401 5108 contenti.
2492 5038 2665 5107 Nulli
2709 5058 2855 5123 ergo
2902 5038 3154 5105 omnino
