3892 5609
681 265 839 337 246
1303 226 1321 243 κ
1415 274 1924 323 mmmm-onum
1968 274 2062 321 ΕΤ·
2104 272 2347 322 nnetm
2390 272 2838 323 nomnonmu

685 436 832 503 ciali
878 414 1324 503 beneficiorum
1367 434 1806 501 munificencia
1851 434 2195 517 graciosius
2242 432 2546 517 decorari,
2598 433 2825 501 vestris
2870 431 3287 520 peticionibus
3334 434 3575 499 ostium

687 543 1034 627 augustalis
1081 542 1419 609 clemencie
1478 547 1834 608 reserantes
1894 540 2295 627 privilegium
2349 542 2771 630 prescriptum
2817 560 2959 607 cum
3002 546 3137 607 toto
3184 560 3301 607 suo
3350 546 3573 606 tenore

687 656 936 735 gratum
971 656 1034 717 et
1063 655 1268 715 ratum
1300 650 1602 716 habentes
1639 648 1951 735 presentis
1984 648 2204 733 scripti
2248 647 2599 733 patrocinio
2644 653 2951 735 perpetuo
2981 648 3255 715 valituro
3284 668 3367 715 ex
3396 654 3573 713 certa

687 758 960 825 sciencia
1003 755 1420 841 ratificamus,
1479 756 1934 843 approbamus,
1982 754 2425 821 confirmamus
2470 774 2546 820 ac
2594 755 2793 821 eciam
2839 755 2917 823 de
2959 775 3123 823 novo
3169 755 3571 822 concedimus

690 870 752 932 et
796 865 1189 930 innovamus.
1261 861 1433 928 Nulli
1465 883 1612 948 ergo
1645 864 1900 930 omnino
1931 863 2255 929 hominum
2290 862 2479 928 liceat
2507 862 2671 929 hanc
2698 868 2913 929 nostre
2942 861 3409 945 ratificacionis‚
3458 882 3572 947 ap-

687 970 1088 1059 probaeionis
1122 976 1186 1037 et
1215 969 1717 1037 confirmacionis
1749 971 2049 1057 paginam
2077 969 2423 1053 infringere
2454 976 2564 1043 aut
2594 970 2652 1036 ei
2685 978 2841 1037 ausu
2870 972 3209 1038 temerario
3234 968 3568 1037 contraire.

691 1078 759 1144 Si
791 1077 931 1162 quis
971 1082 1179 1143 autem
1215 1078 1650 1145 contravenire
1695 1077 2175 1165 presumpserit,
2221 1084 2433 1164 preter
2476 1078 2979 1162 indignacionem
3024 1082 3331 1161 nostram,
3378 1096 3571 1161 quam

687 1188 901 1271 ipsum
931 1184 1256 1251 incurrere
1287 1184 1575 1251 volumus
1605 1185 1746 1271 ipso
1775 1186 1965 1268 facto,
2013 1204 2241 1271 penam
2273 1189 2527 1251 centum
2554 1185 2859 1251 librarum
2906 1184 3043 1249 auri
3088 1185 3255 1269 puri,
3302 1202 3569 1269 quarum

689 1292 1092 1358 medietatem
1136 1284 1307 1375 fisco,
1352 1292 1422 1358 id
1453 1296 1552 1358 est
1579 1297 1796 1367 nostre
1826 1292 2142 1377 imperiali
2172 1311 2439 1376 camere,
2485 1290 2795 1375 reliquam
2823 1311 2973 1359 vero
3018 1290 3317 1359 iniuriam
3362 1290 3573 1376 passis

655 1412 664 1419 ·
694 1398 1002 1485 applicari
1049 1398 1358 1483 volumu8‚
1406 1418 1474 1464 se
1518 1399 1770 1465 noverit
1811 1399 2233 1465 incursurum.
2302 1398 2375 1465 In
2420 1399 2599 1465 cuius
2642 1399 2735 1465 rei
2780 1398 3211 1464 testimonium
3242 1402 3573 1483 presentes

694 1504 1004 1572 conscribi
1051 1510 1116 1571 et
1158 1511 1374 1571 nostre
1416 1506 1770 1572 maiestatis
1815 1505 2024 1589 sigillo
2068 1504 2367 1571 iussimus
2426 1504 2819 1574 communiri.
2898 1506 3137 1571 Datum
3192 1506 3261 1573 in
3304 1504 3571 1571 Monaco

695 1612 798 1679 die
846 1611 1090 1678 sabbati
1137 1618 1283 1697 post
1325 1613 1762 1679 invene-ionem
1809 1618 2024 1679 sancte
2069 1612 2270 1678 crucis
2316 1611 2433 1677 sub
2481 1632 2645 1679 anno
2690 1612 2932 1678 domini
2970 1612 3309 1679 millesimo
3336 1612 3572 1679 tricen-

693 1720 921 1785 tesimo
967 1720 1288 1785 tricesimo
1333 1720 1512 1803 regni
1556 1720 1758 1786 nostri
1807 1740 1973 1786 anno
2018 1723 2197 1785 sexto
2244 1719 2485 1785 decimo
2530 1719 2783 1806 imperii
2828 1738 2975 1785 vero
3020 1720 3235 1789 tercie.

907 1834 1158 1904 1V‚‘283.
1215 1842 1476 1908 originale
1513 1842 1892 1908 Smttgartense
1927 1842 2049 1893 citat
2084 1841 2335 1893 Boehmer
2370 1860 2421 1893 n.
2449 1841 2599 1893 1124.
2820 1841 2867 1894 1.
2904 1841 3098 1893 emotis
3134 1838 3195 1893 B.

699 2114 743 2186 2
757 2116 877 2189 73.
921 2118 1094 2186 1331
1146 2121 1274 2184 dec.
1307 2118 1396 2185 20
1440 2121 1510 2183 in
1554 2118 1780 2204 viyilia
1817 2118 2053 2184 Tkome
2082 2119 2358 2205 apostoli
2383 2118 2872 2205 Franckenfurt.
2941 2118 3326 2185 Ludowicus
3370 2122 3567 2204 impe-

918 2238 1096 2301 rator
1127 2228 1450 2310 confirmat
1479 2229 1781 2312 mayistro
1814 2238 1873 2291 et
1894 2227 2221 2311 frambus
2251 2228 2310 2291 h..
2338 2250 2387 2291 s.
2412 2228 2505 2293 M.
2519 2227 3089 2313 Hierosolymitani
3116 2226 3338 2290 domus
3364 2224 3567 2290 Theu—

921 2337 1164 2399 tonicae
1217 2334 1625 2419 privileqium
1682 2335 1759 2399 de
1817 2334 1991 2400 1221
2052 2335 2241 2420 april.
2299 2334 2576 2401 Tarenti.
2667 2334 2990 2399 Fridem‘oi
3031 2332 3119 2397 II
3166 2335 3567 2419 imperatam

923 2438 1154 2526 (supra
1197 2464 1260 2505 n.
1295 2439 1484 2522 257).

912 2562 1002 2625 IV,
1039 2562 1143 2613 285
1156 2580 1203 2613 v.
1257 2562 1390 2614 Edd.
1418 2562 1624 2629 (Feder)
1662 2562 1795 2614 Hist.
1831 2561 1953 2628 dipl.
1982 2560 2275 2613 Unterricht
2308 2579 2359 2615 n.
2383 2561 2465 2613 14.
2520 2560 2906 2628 Brandenburg.
2931 2560 3441 2627 Usurpationsgesch.
3471 2558 3569 2611 110

698 2666 762 2699 ex
799 2666 871 2702 or.
935 2649 1008 2701 Cf.
1032 2648 1284 2703 Boehmer
1317 2668 1368 2702 n.
1399 2650 1550 2703 1392.

704 2853 880 2924 274.
925 2858 1111 2924 1347
1141 2880 1283 2923 που.
1310 2857 1402 2923 18
1443 2860 1514 2923 in
1543 2858 1972 2924 Nuremberclz
2018 2856 2200 2939 (xiiii
2242 2858 2363 2923 kal.
2399 2855 2583 2939 dea).
2652 2857 2931 2922 Kar-olus
2962 2856 3011 2921 I
3012 2856 3087 2937 V,
3138 2856 3569 2922 Romanorum

921 2986 1054 3045 rex,
1105 2965 1608 3051 supplicantibus
1639 2966 1984 3051 Wolframo
2026 2967 2103 3029 de
2131 2964 2539 3050 Nellenburq,
2586 2964 3466 3051 praeceptore'Alamanniae‚
3514 2977 3569 3029 et

923 3072 1290 3153 Bmholdo,
1341 3073 1722 3158 burqqravio
1764 3074 1840 3137 de
1871 3072 2321 3151 Nuremberch,
2366 3072 2753 3157 provinciali
2778 3070 3198 3151 Franconiae,
3248 3073 3569 3156 confirmat

917 3178 1242 3263 fratribus
1288 3180 1348 3244 h.
1381 3202 1431 3245 s.
1465 3181 1558 3245 M.
1593 3180 2162 3265 Hierosolymitani
2204 3180 2267 3245 d.
2309 3178 2727 3245 Theutonicae
2766 3178 3175 3265 pvivileqium
3218 3180 3297 3245 de

1127 3286 1301 3353 1221
1351 3288 1542 3373 april.
1601 3286 1880 3352 Tarenti.
1950 3285 2275 3351 Friderici
2302 3284 2387 3350 II
2420 3288 2822 3373 imperatoris
2870 3283 3100 3372 (snpra
3140 3310 3207 3351 n.
3238 3286 3429 3367 257).

912 3406 1002 3468 IV,
1039 3406 1146 3457 288
1183 3416 1235 3460 et
1269 3408 1392 3461 299.
1456 3408 1588 3460 Edd.
1627 3407 1832 3473 (Feder)
1869 3407 2003 3459 Hine.
2041 3406 2163 3473 dipl.
2188 3406 2481 3458 Untcrricht
2516 3424 2565 3457 n.
2598 3407 2677 3458 15.
2743 3407 2807 3458 de
2853 3406 3096 3473 Ludewig
3138 3407 3404 3474 Reliquiae
3449 3408 3567 3459 Mes.

700 3494 1018 3561 Franeofurti
1053 3504 1106 3548 et
1141 3496 1342 3563 Lipsiae
1373 3494 1525 3547 1724.
1571 3496 1660 3559 VI,
1697 3496 1784 3547 43.
1837 3496 2007 3561 Lunig
2043 3496 2320 3546 Teutsches
2343 3494 2701 3547 Reichsarchiv
2726 3496 2865 3558 XVI,
2895 3497 2945 3547 9.
3000 3496 3385 3565 Brundenburg.
3412 3498 3565 3549 Usur-

701 3584 1076 3649 pationsgesch.
1107 3585 1204 3636 115
1243 3602 1293 3636 n.
1321 3585 1392 3636 59
1430 3601 1492 3635 ex
1529 3602 1600 3636 or.

707 3786 885 3858 275.
927 3774 1112 3856 1347
1155 3792 1284 3856 dec.
1312 3792 1351 3858 1
1402 3790 1539 3871 (am
1573 3803 1933 3877 sampcztay
1966 3790 2129 3855 nach
2157 3803 2303 3856 sant
2324 3788 2577 3857 Andros
2609 3790 2747 3877 tay)
2784 3790 3141 3875 Nurnbery.
3212 3792 3449 3857 Karoli
3473 3790 3575 3857 IV

924 3900 1091 3983 reqis
1133 3902 1515 3985 protectoria
1565 3921 1685 3984 pro
1735 3899 1978 3963 ordinis
2032 3895 2403 3963 Theutonici
2443 3898 2795 3963 hominibus
2840 3900 2911 3963 in
2955 3899 3213 3985 imperii
3254 3899 3435 3964 bonis
3477 3922 3565 3963 se-

927 4005 1211 4071 dentibus
1259 4018 1318 4071 et
1359 4010 1491 4071 vice
1534 4027 1734 4069 versa.

915 4124 1006 4188 IV,
1045 4126 1150 4177 290
1196 4136 1249 4179 et
1283 4127 1388 4179 296
1401 4146 1447 4179 v.
1519 4128 1564 4177 E
1609 4126 1828 4193 copiario
1873 4125 2245 4192 Regimontano
2292 4124 2357 4176 R.
2396 4142 2425 4177 e
2464 4126 2611 4178 domo
2654 4125 3053 4193 Norinbergensi
3100 4142 3151 4179 n.
3183 4125 3253 4177 24
3296 4144 3351 4195 p.
3382 4128 3447 4179 14
3492 4126 3565 4178 ed.

705 4214 746 4265 I.
766 4212 922 4281 Voigt
961 4214 1083 4266 Cod.
1109 4214 1231 4283 dipl.
1257 4216 1428 4267 Pruss.
1452 4215 1543 4277 ΙΠ,
1570 4214 1639 4266 78
1676 4233 1726 4266 n.
1753 4214 1838 4266 55.

1822 4324 2034 4332 —---—-—

709 4435 886 4510 276.
929 4442 1108 4508 1355
1155 4444 1281 4507 dee.
1318 4441 1404 4506 13
1452 4440 1842 4542 Nuremberq
1891 4438 2010 4521 (an
2053 4452 2199 4504 sant
2242 4438 2483 4503 Lucien
2528 4438 2689 4525 tay).
2769 4439 3048 4504 Karolus
3086 4438 3133 4504 I
3136 4439 3197 4505 V
3230 4442 3565 4526 imperator

929 4550 1256 4632 confirmat
1285 4552 1587 4635 maqistro
1636 4560 1692 4614 et
1734 4550 1852 4613 toti
1891 4549 2293 4612 universitati
2335 4548 2555 4611 domus
2594 4546 3010 4612 Theutonicae
3053 4569 3103 4612 s.
3129 4547 3225 4612 M.
3257 4548 3317 4611 h.
3342 4546 3563 4613 Hiero·

927 4657 1296 4741 solymitani
1337 4659 1551 4721 omnia
1585 4655 1933 4741 privileqia
1977 4679 2019 4719 a
2054 4653 2642 4741 praedecessoribus
2688 4676 2993 4719 concessa.

915 4779 1008 4841 IV,
1055 4778 1163 4829 294
1175 4794 1222 4829 V.
1259 4784 1314 4828 et
1355 4776 1462 4829 303
1509 4778 1618 4829 sine
1665 4777 1892 4828 testibus.
1968 4776 2269 4827 Germanice
2316 4775 2398 4827 ed.
2436 4774 2696 4828 schannat
2740 4774 3033 4843 Sammlung
3080 4773 3210 4827 alter
3254 4774 3563 4827 historischen·

706 4868 978 4921 Schriffien
1013 4868 1119 4919 und
1155 4866 1520 4920 Documenten.
1572 4866 1876 4919 Franckfurt
1911 4883 1993 4917 am
2027 4864 2187 4931 Mayn
2227 4862 2381 4916 1727.
2428 4862 2492 4915 4.“
2527 4864 2571 4927 1,
2606 4862 2692 4915 26.
