3892 5609
755 332 904 406 318
1729 345 2153 396 roura-mnu
2196 320 2640 404 aomanorum

755 502 932 573 361.
971 504 1143 571 1221
1173 503 1504 590 februarii
1529 506 1573 571 9
1603 504 1914 573 Laterani
1941 504 2059 590 (ef.
2094 504 2271 571 1223
2298 504 2471 589 febr.
2498 502 2593 585 3).
2652 504 2978 570 Honorius
3010 501 3135 581 III
3164 502 3341 569 iubet
3368 503 3605 567 aaran

978 610 1348 677 Theutonici
1386 612 1718 679 violatores
1766 636 2029 679 censura
2076 613 2489 679 ecclesiastica
2536 612 2854 697 compesci.

969 744 1286 811 Honorius
1343 746 1674 832 episcopus
1731 766 1949 812 servus
2007 764 2331 812 servorum
2388 744 2487 812 dei
2530 742 2993 811 venerabilibus
3046 741 3355 807 fratribus
3412 740 3608 807 archi-

749 850 1059 937 episcopis
1127 856 1192 919 et
1256 851 1566 938 episcopis
1635 857 1699 919 et
1762 851 2006 919 dilectis
2072 851 2218 919 filiis
2288 851 2648 935 abbatibus,
2716 849 3063 937 prioribus,
3131 848 3609 933 archidiaconis,

749 958 1000 1024 decanis
1057 963 1120 1024 et
1176 957 1315 1024 aliis
1364 958 1765 1025 ecclesiarum
1804 958 2112 1045 praelatis
2128 1010 2147 1045 ‚
2210 959 2291 1025 ad
2336 978 2491 1043 quos
2534 958 2743 1025 littere
2787 956 2906 1033 iste
2952 957 3391 1043 pervenerint,
3448 956 3609 1022 salu-

749 1071 878 1131 tem
925 1071 989 1131 et
1033 1065 1444 1151 apostolicam
1476 1066 1995 1133 benedictionem.
2266 1065 2409 1131 Etsi
2453 1064 2793 1152 apostolice
2825 1064 3163 1131 servitutis·
3188 1061 3469 1129 officium
3500 1083 3611 1128 nos

749 1172 1090 1239 constituat
1134 1172 1421 1240 omnibus
1465 1174 1534 1239 in
1577 1174 1828 1241 iusticia
1874 1174 2209 1257 debitoreS,
2258 1173 2411 1239 viris
2457 1179 2669 1239 tamen
2711 1170 3022 1255 religiosis
3068 1176 3132 1237 et
3172 1171 3267 1237 eis
3314 1172 3609 1253 maxime,

750 1299 904 1365 quos
960 1300 1076 1366 per
1129 1279 1296 1346 sedis
1353 1279 1692 1367 apostolice
1747 1280 2081 1366 privilegia
2133 1280 2358 1347 maiori
2428 1278 2795 1345 donavimus
2860 1276 3185 1362 libertate,
3252 1276 3614 1363 specialiter

751 1386 972 1453 adesse
1024 1391 1312 1453 tenemur
1325 1383 1362 1471 ¹,
1416 1408 1496 1453 ne
1547 1387 1762 1470 iidem,
1822 1387 1987 1472 quod
2045 1387 2237 1471 absit,
2296 1385 2713 1469 malignorum
2766 1384 3120 1452 incursibus
3176 1388 3600 1470 exponantur,

751 1493 810 1565 si
851 1513 978 1560 non
1020 1494 1233 1577 fuerit,
1280 1494 1387 1577 qui
1430 1514 1546 1580 pro
1592 1494 1684 1560 eis
1729 1514 1814 1573 se
1840 1515 2093 1561 murum
2136 1492 2519 1561 defensionis
2560 1498 2857 1579 opponat.
2926 1492 3087 1558 Cum
3142 1491 3340 1574 igitur
3394 1490 3611 1557 dilecti

747 1598 865 1666 filii
909 1601 1208 1683 magister
1269 1606 1334 1666 et
1387 1600 1614 1667 fratres
1672 1600 2002 1687 hospitalis
2056 1606 2272 1668 sancte
2314 1600 2539 1677 Maris,
2558 1599 3075 1666 Theotonicorum
3123 1597 3614 1665 lerosolirnitani

753 1726 832 1774 ex
888 1728 960 1775 eo
1013 1706 1194 1773 nobis
1258 1708 1566 1791 graviter‘
1599 1708 1706 1783 sit.
1736 1709 2092 1795 conquesti,
2164 1708 2329 1794 quod
2344 1757 2364 1793 ,
2433 1727 2575 1773 cum
2632 1707 2758 1792 ipsi
2810 1726 2851 1773 a
2912 1705 3425 1773 malefactoribus
3480 1706 3613 1771 suis

751 1814 989 1900 passim
1045 1814 1308 1881 iniurias
1364 1814 1716 1881 sustineant
1768 1821 1832 1881 et
1885 1817 2173 1902 rapinas,
2231 1816 2338 1881 vix
2348 1811 2375 1878 .²
2418 1814 2756 1897 invenitur,
2812 1814 2922 1899 qui
2974 1832 3245 1897 congrue
3288 1812 3421 1879 illis
3464 1832 3615 1898 pro-

748 1920 1019 1988 tectione
1062 1921 1420 2005 subveniat,
1481 1921 1876 1989 universitati
1921 1928 2129 1990 vestre
2172 1942 2287 2008 per
2332 1921 2675 2007 apostolica
2719 1922 2955 2007 scripta
2999 1920 3373 1987 mandamns
3434 1925 3501 1986 et
3542 1920 3613 1985 in

751 2026 1110 2096 obediencie
1151 2028 1383 2095 virtute
1429 2028 1710 2097 districte
1755 2030 2158 2116 precipimus,
2205 2034 2510 2113 quatenus
2554 2028 2717 2113 illos,
2766 2028 2873 2113 qui
2912 2028 3142 2095 fratres
3182 2027 3507 2113 predictos
3548 2032 3617 2092 et

751 2155 965 2202 eorum
1011 2134 1294 2202 homines
1338 2135 1405 2201 in
1451 2136 1736 2221 personis
1783 2135 1884 2203 vel
1927 2135 2114 2202 rebus
2160 2133 2531 2203 offenderint
2575 2134 2675 2201 vel
2716 2136 2999 2222 ipsorum
3043 2136 3261 2201 domos
3300 2132 3617 2200 violenter

747 2242 1101 2309 invaserint
1143 2246 1254 2308 aut
1295 2242 1623 2327 rapuerint
1667 2243 1830 2310 bona
1875 2263 2009 2327 sua,
2058 2248 2186 2309 tam
2234 2242 2341 2309 diu
2388 2242 2957 2309 excommunicatos
3000 2242 3249 2329 publice
3298 2240 3613 2307 nuntietis

751 2355 817 2417 et
857 2350 1016 2433 lcoa,
1061 2350 1132 2415 in
1176 2348 1400 2434 quibus
1446 2350 1786 2416 eorundem
1832 2350 2001 2417 bona
2043 2349 2297 2417 detenta
2338 2349 2593 2433 fuerint,
2640 2350 3011 2436 supponatis
3057 2348 3481 2415 ecclesiastico
3512 2348 3615 2413 in·-

751 2456 1038 2540 terdicto‚
1097 2456 1295 2527 donec
1350 2456 1782 2524 malefactores
1825 2457 1954 2542 ipsi
1998 2455 2211 2524 ablata
2251 2457 2546 2523 universa
2588 2456 2927 2523 restituant
2970 2462 3033 2522 et
3076 2456 3155 2523 de
3202 2455 3401 2521 illatis
3444 2454 3615 2521 iniu-

751 2564 866 2631 riis
925 2563 1318 2631 satisfaciant
1369 2568 1815 2651 competenter.
1898 2562 2136 2631 Datum
2190 2562 2488 2631 Laterani
2548 2584 2584 2631 v
2636 2562 2779 2631 idus
2836 2563 3139 2631 februarii
3204 2560 3613 2649 pontificatus

753 2672 955 2739 nostri
999 2690 1164 2737 anno
1208 2692 1268 2737 v.
2348 2667 2355 2673 ’

961 2794 1082 2847 Sine
1119 2794 1266 2845 dato:
1302 2793 1371 2855 11,
1399 2793 1495 2845 101
1510 2810 1558 2844 v.
1593 2811 1644 2845 n.
1669 2793 1768 2855 41;
1803 2794 1868 2845 A.
1893 2793 1964 2843 20
2000 2812 2049 2845 n.
2068 2793 2137 2845 39
2174 2793 2353 2845 Latine
2388 2802 2443 2844 et
2478 2792 2801 2854 Germanice3
2836 2793 2901 2845 D.
2926 2793 2997 2845 40
3034 2792 3350 2845 Germanice.
3382 2822 3447 2831 —·
3489 2792 3612 2843 Cum

753 2882 897 2935 dato:
933 2883 1170 2934 Laterani
1205 2883 1238 2933 5
1275 2882 1344 2934 id.
1361 2882 1488 2933 febr.
1512 2899 1564 2948 p.
1583 2900 1632 2932 n.
1653 2900 1699 2933 a.
1720 2882 1770 2933 5.
1816 2882 1879 2933 R.
1899 2881 1967 2932 27
2004 2899 2035 2933 e
2060 2881 2206 2935 domo
2230 2882 2507 2949 Ellingensi
2536 2883 2628 2943 103
2664 2882 2727 2933 R..
2752 2881 2851 2933 196
2888 2881 3027 2934 dubii
3058 2881 3174 2933 loci.
3198 2912 3261 2920 —
3302 2881 3428 2932 Oum
3464 2880 3612 2933 dato:

749 2970 988 3023 Laterani
1022 2971 1057 3022 3
1092 2988 1208 3023 non.
1244 2971 1370 3022 febr.
1406 2987 1456 3036 p.
1483 2988 1529 3021 a.
1567 2968 1598 3020 '7
1645 2970 1697 3021 in
1741 2979 2045 3023 transsumto
2082 2970 2339 3037 C(onradi)
2377 2970 2739 3038 archiepiscopi
2776 2969 3099 3021 Coloniensis.
3158 2969 3244 3020 dd.
3282 2969 3408 3019 iunii
3442 2969 3513 3019 25
3560 2970 3611 3019 in

713 3084 718 3089 ·
751 3059 968 3111 crastino
1003 3061 1054 3111 b.
1077 3058 1186 3112 Ioh.
1211 3060 1349 3125 bapt.
1385 3058 1611 3124 (Colonie
1624 3060 1670 3125 ?)
1684 3096 1700 3121 ,
1735 3076 1768 3109 a
1804 3076 1900 3124 quo
1937 3054 2155 3125 sig'rillum
2189 3058 2440 3122 avulsum,
2475 3058 2547 3111 in.
2563 3060 2764 3111 archivo
2800 3059 2988 3111 ordinis
3022 3058 3320 3110 Theutonici
3342 3058 3609 3109 Vindobo-

749 3148 913 3200 nensi.
1093 3150 1139 3200 1.
1175 3157 1435 3200 teneamur
1467 3148 1532 3199 R..
1557 3144 1644 3200 2⁹7.
1821 3147 1871 3199 2.
1909 3147 2029 3199 dum
2063 3141 2145 3199 vix
2178 3148 2291 3199 RB..

756 3466 930 3539 362.
970 3461 1143 3538 1221
1172 3470 1504 3556 februarii
1529 3472 1573 3536 9
1619 3469 1939 3535 Laterani.
2008 3469 2333 3535 Honorius
2366 3468 2490 3534 III
2524 3472 2909 3535 commendat
2942 3470 3373 3557 praebitorum
3396 3491 3608 3557 popu-

973 3578 1295 3663 lorumque
1365 3577 1819 3660 munifi'centiae
1894 3578 2176 3642 ordinem
2250 3575 2696 3642 Theutonicum
2758 3580 3111 3665 propositis
3174 3576 3606 3663 indulqentisk.

973 3682 1228 3750 Clericis
1275 3686 1570 3766 concedit,
1618 3698 1688 3750 ut
1729 3686 1979 3751 retentis
2012 3684 2315 3767 benficiis
2342 3706 2460 3770 per
2489 3706 2727 3749 annum
2753 3684 2852 3749 vel
2878 3684 3196 3750 biennium
3226 3688 3289 3750 ei
3312 3686 3605 3750 serviant.

969 3816 1286 3885 Honorius
1330 3819 1661 3904 episcopus
1707 3837 1922 3884 servus
1969 3838 2294 3883 servorum
2340 3817 2440 3885 dei
2475 3816 2929 3885 venerabilibus
2966 3817 3267 3885 fratribus
3300 3816 3609 3904 archiepi-

751 3924 957 4013 scopis
999 3930 1064 3992 et
1105 3924 1414 4012 episcopis
1460 3930 1524 3991 et
1568 3924 1808 3991 dilectis
1854 3923 2001 3990 filiis
2049 3922 2402 4009 abbatibus,
2447 3924 2901 4011 prioribu3,ar
2830 3924 3307 4009 archidiaconis,
3354 3923 3608 3991 decanis

751 4039 815 4100 et
858 4032 999 4100 aliis
1043 4031 1443 4099 ecclesiarum
1491 4030 1769 4118 prelatis,
1824 4031 1904 4098 ad
1951 4052 2106 4116 quos
2150 4031 2359 4098 littere
2403 4031 2524 4098 iste
2568 4031 2989 4117 pervenerint,
3037 4030 3301 4098 salutem
3351 4036 3418 4098 et
3461 4051 3611 4117 apo-

751 4140 1036 4221 stolicam
1083 4139 1596 4207 benedictionem.
1875 4136 2076 4216 Quam
2123 4137 2411 4205 amabilis
2459 4138 2575 4205 deo
2622 4144 2687 4206 et
2729 4159 2917 4225 quam
2964 4138 3357 4206 venerandus
3406 4137 3610 4204 homi-

749 4247 934 4313 nibus
976 4245 1150 4313 locus
1196 4247 1446 4331 existat,
1494 4266 1680 4332 quam
1725 4245 1925 4311 eciam
1970 4244 2304 4312 iocundum
2354 4250 2417 4313 et
2460 4245 2614 4313 utile
2655 4245 3118 4332 receptaculum
3164 4245 3517 4333 peregrinis
3548 4250 3611 4312 et

747 4354 1128 4441 pauperibus
1175 4352 1436 4441 prebeat
1479 4351 1938 4419 xenodochium
1984 4351 2313 4439 hospitalis
2362 4358 2575 4420 sancte
2620 4352 2819 4420 Marie
2865 4352 3386 4420 Theotonicorum
3442 4352 3607 4421 Iero-

748 4460 1198 4546 rosolimitani,
1243 4460 1356 4545 hii,
1402 4461 1510 4545 qui
1554 4480 1671 4547 per.
1711 4459 1963 4527 diversa
2008 4460 2202 4526 maris
2228 4456 2516 4547 pericula
2542 4460 2647 4547 pie
2678 4459 3032 4526 devocionis
3062 4460 3295 4527 intuitu
3324 4466 3606 4527 sanctam

749 4568 1072 4635 civitatem
1118 4567 1456 4635 Ierusalem
1504 4572 1569 4633 et
1613 4566 2014 4654 sepulchrum
2060 4566 2299 4633 domini
2344 4568 2622 4652 visitant,
2672 4566 2923 4633 assidue
2968 4574 3435 4650 recognoscunt.
3514 4566 3605 4632 Ibi

751 4675 917 4742 enim
963 4674 1314 4759 indigentes
1361 4678 1444 4769 et,
1466 4694 1776 4760 pauperes
1821 4672 2207 4758 reficiuntur,
2255 4673 2523 4740 infirmis
2570 4673 2941 4740 multimoda
2986 4674 3275 4739 sanitatis
3310 4672 3605 4759 obsequia

751 4781 1126 4850 adhibentur
1170 4786 1234 4848 et
1273 4781 1537 4847 diversis
1579 4779 1898 4847 laboribus
1931 4786 1997 4847 et
2026 4780 2319 4867 periculis
2367 4780 2615 4865 fatigati
2660 4779 2999 4867 resumptis
3042 4778 3281 4847 viribus
3319 4800 3602 4847 recrean-

749 4894 854 4956 tur
900 4896 1117 4973 atque,
1174 4893 1248 4954 ut
1289 4888 1414 4973 ipsi
1471 4886 1553 4953 ad
1597 4900 1997 4954 sacrosancta
2050 4886 2188 4954 loca
2243 4886 2481 4953 domini
2536 4888 2737 4954 nostri
2778 4886 2965 4954 Ihesu
3010 4886 3245 4955 Christi
3299 4886 3601 4975 corporali

749 4996 1078 5083 presencia
1120 4994 1408 5063 dedicata
1452 4994 1728 5061 securius
1777 4994 2027 5062 valeant
2072 4993 2402 5080 proficisci,
2448 4994 2811 5079 servientes,
2858 5015 3013 5081 quos
3056 4994 3287 5063 fratres
3330 4995 3599 5063 eiusdem
