3892 5609
728 308 880 379 408
1703 314 2125 364 Pos‘rmctm
2169 312 2611 362 Romanorum

730 479 902 544 omni
952 477 1092 544 iure
1151 481 1215 542 et
1269 475 1760 563 proprietatibus
1817 475 1947 541 suis
2006 493 2079 540 ac
2134 473 2392 542 decimis
2450 473 2676 540 exinde
2731 474 3131 561 proventuris
3180 471 3585 538 concedimus

724 587 790 651 in
850 589 1220 670 perpetuum
1280 583 1475 650 libere
1520 581 1926 669 possidenda,
1987 583 2078 648 ita
2123 581 2288 667 quod
2340 585 2539 666 terre,
2592 586 2834 665 castra,
2892 580 3041 648 ville
3084 584 3196 646 aut
3239 579 3481 665 oppida
3524 585 3587 644 et

727 691 867 758 loca
910 691 1054 777 ipsa
1097 711 1210 776 per
1254 711 1366 757 vos
1412 695 1520 755 aut
1565 709 1989 774 quoscumque
2034 688 2189 755 alios
2236 687 2467 754 nullius
2514 707 2789 772 unquam
2842 687 3253 754 subiiciantur
3302 687 3585 752 dominio

727 798 1079 884 potestatis·
1149 797 1450 863 Volumus
1495 803 1707 862 tamen
1723 845 1744 880 ‚
1798 796 1983 881 quod,
2030 801 2363 881 postquam
2410 795 2521 862 illa
2562 795 2679 862 deo
2722 796 3000 882 propitio
3046 816 3085 861 a
3126 793 3305 860 vobis
3348 793 3587 859 fuerint

729 905 1036 990 acquisita
1079 910 1146 971 et
1188 924 1480 990 possessa
1524 903 1800 990 pacifice,
1849 923 1961 968 vos
2007 903 2283 969 omnium
2331 904 2612 990 ipsorum
2644 907 2708 969 et
2738 903 3160 989 predictarum
3190 901 3387 968 etiam
3414 901 3587 966 deci·

727 1031 972 1078 marum
1033 1017 1266 1078 certam
1326 1017 1570 1098 partem
1617 1010 1896 1076 ecclesiis
1943 1029 2283 1094 earumque
2326 1009 2587 1097 prelatis
2630 1010 3081 1078 constituendis
3123 1008 3359 1076 ibidem
3402 1008 3589 1072 iuxta

725 1119 1188 1205 providentiam
1247 1118 1412 1184 sedis
1473 1116 1814 1204 apostolice
1869 1117 2211 1184 teneamini
2268 1117 2608 1201 assignare.
2685 1116 2859 1183 Nulli
2902 1135 3049 1198 ergo
3094 1115 3349 1182 omnino
3393 1114 3587 1181 liccat

726 1227 888 1292 hanc
934 1226 1226 1311 paginam
1271 1230 1484 1291 nostre
1527 1223 1934 1311 protectionis
1982 1229 2045 1289 et
2088 1225 2503 1291 concessionis
2550 1225 2891 1308 infringere
2930 1222 3032 1290 vel
3076 1223 3133 1290 ei
3180 1243 3339 1289 ausu
3382 1229 3587 1288 teme-

733 1332 901 1398 rario
957 1332 1284 1398 contraire.
1365 1330 1435 1397 Si
1493 1331 1632 1416 quis
1691 1335 1898 1396 autem
1955 1329 2074 1397 hoc
2130 1336 2503 1418 attemptare
2546 1331 3027 1419 presumpserit,
3082 1329 3585 1414 indignationem

731 1438 1177 1525 omnipotentis
1233 1438 1334 1504 dei
1391 1443 1455 1504 et
1509 1437 1832 1504 beatorum
1879 1435 2053 1502 Petri
2098 1443 2161 1502 et
2204 1435 2383 1503 Pauli
2428 1438 2855 1525 apostolorum
2902 1439 3035 1504 eius
3082 1457 3149 1502 se
3192 1437 3445 1504 noverit
3486 1436 3587 1500 in-

735 1565 1080 1612 cursurum.
1146 1543 1378 1612 Datum
1411 1545 1698 1628 Anagnis
1727 1544 1841 1610 viii
1868 1543 2170 1610 kalendas
2199 1545 2497 1612 februarii
2526 1543 2925 1632 pontificatus
2953 1545 3151 1612 nostri
3180 1563 3347 1610 anno
3376 1547 3582 1610 sexto.

937 1686 1014 1737 Ex
1049 1685 1278 1751 originali
1313 1684 1564 1750 quondam
1587 1683 1928 1736 cracoviensis
1966 1683 2153 1736 archivi
2187 1685 2269 1738 ed.
2292 1685 2477 1752 Dogiel
2512 1687 2633 1738 Cod.
2658 1685 2781 1752 dipl.
2803 1685 3045 1738 Poloniee
3078 1685 3170 1748 IV,
3194 1685 3265 1737 29
3298 1702 3353 1736 n.
3375 1682 3469 1734 33.
3524 1683 3585 1733 In

725 1775 1002 1827 inventario
1038 1775 1226 1826 archivi
1251 1773 1591 1826 cracoviensis
1627 1790 1676 1838 p.
1697 1772 1766 1824 66
1789 1773 1995 1824 citatur:
2038 1773 2357 1839 „Alexander
2379 1775 2452 1826 IV
2488 1783 2648 1826 terras
2670 1791 2763 1840 per
2784 1775 3050 1827 cruciferos
3074 1772 3297 1826 subsidio
3320 1772 3585 1824 christiani

726 1864 970 1916 exercitus
1017 1863 1282 1929 acquisitas
1320 1863 1370 1912 in
1411 1862 1488 1914 ius
1525 1871 1578 1914 et
1611 1861 1969 1928 proprietatem
2004 1881 2043 1912 s.
2070 1861 2207 1912 Petri
2244 1863 2449 1929 accipit,
2494 1863 2761 1915 dnmmodo
2794 1862 2906 1914 loca
2940 1863 3029 1914 illa
3060 1863 3443 1914 christianorum
3478 1878 3584 1912 non

723 1953 910 2004 fixerint
943 1968 1037 2003 nec
1072 1951 1138 2002 ad
1175 1951 1364 2017 aliquos
1402 1951 1695 2002 christianos
1731 1951 2019 2015 pertineant
2053 1969 2083 2001 a
2106 1959 2349 2016 tempore,
2385 1953 2523 2004 cuius
2545 1953 2783 2004 memoria
2806 1968 2939 2003 nunc
2964 1952 3020 2019 (l)
3046 1960 3226 2013 exstat,
3262 1951 3583 2016 ditionesque

725 2039 969 2090 eiusmodi
1012 2039 1174 2091 ordini
1219 2039 1390 2091 donat.
1452 2039 1718 2104 Anagniae
1764 2036 1795 2088 7
1832 2037 1936 2088 kal.
1970 2039 2207 2090 februarii
2250 2040 2567 2106 pontificatus
2616 2057 2747 2092 anno
2784 2039 2867 2092 6⁸.
2936 2041 2981 2091 E
3021 2040 3215 2092 duobus
3262 2039 3585 2091 &assumtis

725 2127 914 2178 archivi
947 2127 1302 2194 Regimontani
1337 2129 1401 2178 de
1441 2127 1578 2179 1324
1613 2134 1710 2178 oct.
1735 2126 1802 2176 25
1840 2135 1892 2177 et
1931 2127 2067 2178 1393
2100 2129 2219 2179 maii
2242 2128 2310 2179 29
2347 2127 2428 2179 ed.
2464 2128 2517 2179 in
2552 2127 2679 2180 Livl.
2710 2129 2772 2180 U.
2798 2128 2857 2181 Β.
2880 2129 2934 2190 Ι,
2959 2129 3058 2178 441
3100 2146 3150 2180 n.
3173 2127 3295 2180 346.
3358 2127 3581 2179 Privile-

724 2217 861 2282 gium
905 2216 1138 2268 simillimi
1185 2216 1372 2268 tenoris
1419 2217 1482 2267 de
1529 2215 1650 2268 locis
1693 2215 1745 2266 in
1780 2215 1968 2266 Ruscia
2002 2215 2083 2266 vel
2118 2215 2183 2268 de
2219 2217 2440 2268 Tartar-is
2476 2217 2789 2282 acquirendis
2824 2217 3063 2283 mag-istro
3099 2225 3151 2268 et
3182 2217 3423 2268 fian-ibus
3458 2217 3515 2268 h.
3540 2235 3581 2268 s.

722 2304 796 2356 M.
820 2304 914 2356 Th.
939 2304 978 2356 1.
1014 2304 1166 2356 missa
1203 2304 1267 2355 de
1302 2303 1482 2356 eodem
1516 2304 1634 2356 dato
1669 2321 1732 2354 ex
1766 2303 1997 2370 originali
2034 2304 2218 2356 archivi
2240 2305 2621 2371 Regimontani,
2656 2306 2745 2357 ubi
2779 2312 2953 2358 extant
2986 2306 3137 2357 etiam
3170 2315 3479 2358 museum
3516 2304 3583 2354 de

728 2393 866 2444 1393
899 2392 1018 2444 maii
1039 2392 1109 2444 29
1119 2411 1136 2454 ;
1175 2392 1407 2458 Caspai-is
1444 2393 1493 2444 d.
1520 2393 1569 2444 d.
1607 2392 1940 2458 Riesenburgi
1970 2393 2103 2443 1445
2138 2409 2252 2444 nov.
2276 2393 2346 2444 20
2381 2403 2433 2444 et
2455 2393 2565 2445 Iobi
2587 2393 3047 2446 Pomesaniensium
3074 2394 3423 2462 episcoporum
3460 2393 3516 2445 d.
3530 2393 3581 2444 d.

723 2481 1065 2548 Konigsbergi
1092 2481 1227 2534 1506
1263 2489 1359 2532 oct.
1390 2481 1472 2542 14,
1509 2481 1590 2532 ed.
1613 2481 1739 2532 Livl.
1764 2481 1828 2532 U.
1847 2480 1907 2533 B.
1930 2480 1973 2543 Ι,
1998 2481 2104 2533 440
2137 2499 2187 2532 n.
2211 2481 2333 2533 345.

731 2686 824 2756 61
841 2687 905 2756 1.
945 2689 1122 2754 1260
1163 2691 1325 2753 maii
1351 2689 1437 2754 15
1467 2689 1820 2775 Anaym‘ae.
1890 2689 2253 2754 Alexander
2282 2689 2328 2753 I
2333 2688 2394 2753 V
2428 2691 2751 2773 confirmat
2796 2691 3011 2755 ordini
3044 2687 3421 2758 Theutonico
3456 2695 3579 2756 im-

944 2798 1307 2861 munitatem
1351 2820 1393 2860 a
1435 2799 1858 2882 praestatione
1902 2797 2300 2860 decimo-um.

953 2927 1314 2995 Alexander
1370 2929 1700 3015 episcopus
1753 2949 1971 2996 servus
2017 2948 2337 2994 servorum
2381 2928 2481 2995 dei
2525 2929 2985 2997 venerabilibus
3027 2930 3325 2997 fratribus
3370 2930 3579 2996 archi·

731 3035 1062 3122 episcopis,
1109 3035 1418 3122 episcopis
1465 3041 1582 3102 etc.
1784 3035 1940 3102 Cum
1990 3036 2243 3102 abbates
2274 3035 2707 3104 cisterciensis
2749 3037 2985 3104 ordinis
3016 3043 3299 3124 tempore
3326 3038 3579 3104 concilii

731 3141 1040 3226 generalis
1071 3143 1452 3226 congregati,
1496 3148 1569 3209 ut
1598 3144 1922 3209 occasione
1954 3142 2421 3230 privilegiorum
2454 3163 2707 3210 suorum
2738 3143 2993 3210 ecclesie
3020 3145 3285 3212 ulterius
3313 3146 3579 3212 minime

727 3255 1166 3333 gravarentur,
1215 3251 1296 3315 ad
1350 3249 1904 3316 commonicionem
1960 3249 2158 3316 felicis
2216 3249 2671 3317 recordacionis
2726 3250 3081 3318 Innocencii
3134 3271 3299 3339 pape
3350 3253 3577 3339 prede-

730 3357 996 3422 cessoris
1026 3357 1226 3422 nostri
1256 3352 1637 3440 statueriut¹,
1683 3363 1756 3423 ut
1785 3355 1861 3422 de
1893 3361 2098 3422 cetero
2127 3357 2355 3424 fratres
2382 3357 2581 3444 ipsius
2613 3357 2849 3424 ordinis
2880 3359 3004 3425 nisi
3033 3379 3147 3446 pro
3178 3360 3575 3426 monasteriis

732 3462 810 3528 de
858 3483 1018 3527 novo
1061 3462 1399 3529 fundandis
1432 3484 1558 3529 non
1591 3470 1800 3529 emant
1829 3465 2274 3550 possessiones,
2319 3465 2385 3530 in
2417 3464 2641 3548 quibus
2674 3465 2912 3532 decime
2942 3465 3243 3533 debentur
3274 3465 3573 3548 ecclesiis,

731 3575 814 3652 et,
861 3569 915 3636 si
961 3590 1075 3660 pro
1120 3571 1516 3636 monasteriis
1553 3570 1630 3636 de
1659 3589 1818 3636 novo
1847 3569 2126 3637 fundatis
2156 3570 2313 3638 tales
2342 3575 2765 3659 possessiones
2795 3573 2905 3658 pia
2930 3572 3207 3639 fidelium
3238 3574 3575 3640 devocione

727 3675 953 3742 collate
1011 3677 1098 3742 eis
1153 3677 1388 3743 fuerint
1433 3681 1541 3743 aut
1585 3683 1824 3762 empte,
1885 3679 2357 3744 committantur
2402 3679 2541 3745 aliis
2594 3679 2881 3764 colende,
2940 3701 2979 3746 a
3024 3679 3249 3764 quibus
3294 3681 3573 3748 ecclesiis

730 3783 967 3850 decime
1033 3784 1498 3869 persolvantur3
1565 3783 1769 3851 dictus
1823 3785 2227 3871 predecessor
2280 3791 2493 3852 noster
2548 3792 2855 3854 statutum
2910 3788 3265 3854 huiusmodi
3322 3793 3571 3871 gratum

727 3888 964 3957 habens
1009 3897 1074 3957 et
1115 3897 1324 3957 ratum
1369 3891 1662 3976 decrevit,
1709 3897 1780 3957 ut
1825 3891 1977 3958 dicti
2020 3893 2249 3959 fratres
2296 3893 2373 3960 de
2418 3893 2638 3962 alienis
2684 3895 2869 3960 terris
2914 3895 2993 3962 ab
3038 3915 3113 3962 eo
3156 3901 3438 3981 tempore
3466 3913 3571 3960 ac-

729 3997 1078 4082 quirendis,
1149 3999 1404 4064 eciamsi
1471 4019 1576 4064 eas
1644 3999 1916 4085 propriis
1985 4000 2275 4066 manibus
2347 4005 2457 4066 aut
2510 4002 2863 4088 sumptibus
2918 4001 3237 4086 excolant,
3296 4001 3571 4068 decimas

727 4103 1090 4189 persolvant
1133 4104 1430 4189 ecclesiis,
1477 4105 1700 4190 quibus
1741 4105 1990 4173 racione
2022 4107 2381 4192 prediorum
2410 4113 2597 4176 antea
2626 4109 3043 4193 solvebantur,
3090 4109 3212 4176 nisi
3240 4129 3383 4176 cum
3412 4109 3571 4194 ipsis

728 4210 1008 4278 ecclesiis
1058 4210 1239 4278 aliter
1284 4211 1582 4280 ducerent
1609 4213 2139 4300 componendum3
2188 4215 2353 4299 quod
2384 4215 2555 4282 etad
2588 4215 2743 4282 alios
2776 4216 3111 4300 regulares,
3160 4216 3269 4303 qui
3296 4215 3571 4298 gaudent

731 4318 1038 4384 similibus
1083 4319 1450 4405 privilegiiS‚
1499 4321 1750 4386 extendi
1795 4320 1993 4387 voluit
2038 4327 2101 4388 et
2144 4321 2485 4406 mandavit,
2532 4329 2604 4388 ut
2647 4321 3047 4389 ecclesiarum
3090 4322 3318 4409 prelati
3358 4341 3569 4408 prom·

729 4425 974 4511 peiores
1032 4431 1096 4493 et
1141 4424 1516 4492 efficaciores
1563 4429 1905 4494 existerent
1949 4429 2030 4494 ad
2087 4427 2501 4496 exhibendum
2558 4429 2715 4514 ipsis
2770 4430 2849 4495 de
2892 4430 3023 4495 suis
3066 4429 3569 4496 malefactoribus

727 4533 972 4600 iusticie
1003 4533 1524 4619 complementum
1557 4553 1894 4620 eorumque
1924 4536 2255 4621 privilegia
2284 4536 2649 4618 diligencius
2680 4541 2744 4602 et
2772 4537 3113 4622 perfeccius
3144 4537 3565 4604 observarent.

731 4639 878 4724 Sed,
925 4640 1090 4724 quod
1135 4640 1416 4708 dolentes
1461 4641 1820 4726 referimus,
1866 4643 1932 4708 in
1980 4642 2362 4710 contrarium
2408 4663 2507 4710 res
2534 4649 2650 4716 ‚est
2694 4663 3025 4728 conversa,
3070 4643 3237 4729 quia,
3284 4644 3449 4710 sicut
3490 4663 3567 4709 ex

727 4749 905 4832 gravi
953 4746 1206 4833 querela
1235 4747 1604 4815 dilectorum
1647 4747 1916 4816 filiorum
1965 4750 2249 4834 magistri
2295 4755 2359 4816 et
2399 4749 2664 4815 fratrum
2712 4751 3039 4837 hospitalis
3070 4749 3319 4818 sancte²
3350 4749 3569 4830 (Maris

727 4852 1308 4938 Theutonicorum)³
1354 4855 1833 4923 lerosolimitani
1876 4857 2234 4941 frequenter
2264 4856 2637 4942 audivimus,
2682 4857 2963 4924 nonnulli
2996 4857 3397 4926 ecclesiarum
3426 4878 3567 4944 pre-

725 4962 836 5030 lati
895 4969 958 5029 et
1024 4962 1130 5030 alii
1191 4963 1399 5032 clerici
1457 4983 1671 5032 eorum
1738 4963 2068 5049 privilegia
2134 4970 2369 5034 temere
2436 4969 2945 5051 contempnentes
3004 4969 3067 5032 et
3126 4965 3566 5033 contendentes
