<?xml version="1.0" encoding="UTF-8"?>
<!DOCTYPE html PUBLIC "-//W3C//DTD XHTML 1.0 Transitional//EN"
    "http://www.w3.org/TR/xhtml1/DTD/xhtml1-transitional.dtd">
<html xmlns="http://www.w3.org/1999/xhtml" xml:lang="en" lang="en">
 <head>
  <title>
</title>
<meta http-equiv="Content-Type" content="text/html;charset=utf-8" />
  <meta name='ocr-system' content='tesseract 3.04.00' />
  <meta name='ocr-capabilities' content='ocr_page ocr_carea ocr_par ocr_line ocrx_word'/>
</head>
<body>
  <div class='ocr_page' id='page_1' title='image "./tabulaeordinist00stregoog_0283.png"; bbox 0 0 3892 5609; ppageno 0'>
   <div class='ocr_carea' id='block_1_1' title="bbox 1327 276 3159 361">
    <p class='ocr_par' dir='ltr' id='par_1_1' title="bbox 1327 276 3159 361">
     <span class='ocr_line' id='line_1_1' title="bbox 1327 276 3159 361; baseline 0 -13"><span class='ocrx_word' id='word_1_1' title='bbox 1327 299 1718 349; x_wconf 71' lang='lat' dir='ltr'><strong>Prummu</strong></span> <span class='ocrx_word' id='word_1_2' title='bbox 1764 298 2155 349; x_wconf 64' lang='lat' dir='ltr'><strong>emnam</strong></span> <span class='ocrx_word' id='word_1_3' title='bbox 2416 276 2421 291; x_wconf 94' lang='lat'><em>&#39;</em></span> <span class='ocrx_word' id='word_1_4' title='bbox 3011 286 3159 361; x_wconf 78' lang='lat'><strong>267</strong></span> 
     </span>
    </p>
   </div>
   <div class='ocr_carea' id='block_1_2' title="bbox 303 460 3203 5065">
    <p class='ocr_par' dir='ltr' id='par_1_2' title="bbox 303 460 3203 5065">
     <span class='ocr_line' id='line_1_2' title="bbox 303 460 3167 554; baseline 0.001 -27"><span class='ocrx_word' id='word_1_5' title='bbox 303 460 641 549; x_wconf 80' lang='lat' dir='ltr'><strong>privilegio</strong></span> <span class='ocrx_word' id='word_1_6' title='bbox 685 461 1142 529; x_wconf 89' lang='lat' dir='ltr'><strong>communimus</strong></span> <span class='ocrx_word' id='word_1_7' title='bbox 1158 511 1177 547; x_wconf 91' lang='lat'><strong>,</strong></span> <span class='ocrx_word' id='word_1_8' title='bbox 1225 465 1571 528; x_wconf 73' lang='lat' dir='ltr'><strong>statuentes</strong></span> <span class='ocrx_word' id='word_1_9' title='bbox 1585 510 1603 545; x_wconf 86' lang='lat'><strong>,</strong></span> <span class='ocrx_word' id='word_1_10' title='bbox 1654 466 1756 546; x_wconf 85' lang='lat' dir='ltr'><strong>ut,</strong></span> <span class='ocrx_word' id='word_1_11' title='bbox 1803 480 2229 554; x_wconf 85' lang='lat' dir='ltr'><strong>quascumque</strong></span> <span class='ocrx_word' id='word_1_12' title='bbox 2274 462 2699 548; x_wconf 87' lang='lat' dir='ltr'><strong>possessiones</strong></span> <span class='ocrx_word' id='word_1_13' title='bbox 2712 510 2731 545; x_wconf 93' lang='lat'><strong>,</strong></span> <span class='ocrx_word' id='word_1_14' title='bbox 2780 480 3167 545; x_wconf 81' lang='lat' dir='ltr'><strong>quecumque</strong></span> 
     </span>
     <span class='ocr_line' id='line_1_3' title="bbox 305 568 3166 657; baseline -0.001 -20"><span class='ocrx_word' id='word_1_15' title='bbox 305 569 476 637; x_wconf 89' lang='lat' dir='ltr'><strong>bona</strong></span> <span class='ocrx_word' id='word_1_16' title='bbox 515 568 680 635; x_wconf 89' lang='lat' dir='ltr'><strong>idem</strong></span> <span class='ocrx_word' id='word_1_17' title='bbox 723 569 1034 656; x_wconf 85' lang='lat' dir='ltr'><strong>hospitale</strong></span> <span class='ocrx_word' id='word_1_18' title='bbox 1068 568 1594 657; x_wconf 80' lang='lat' dir='ltr'><strong>inpresentiarum</strong></span> <span class='ocrx_word' id='word_1_19' title='bbox 1640 568 1804 635; x_wconf 87' lang='lat' dir='ltr'><strong>iuste</strong></span> <span class='ocrx_word' id='word_1_20' title='bbox 1850 575 1915 635; x_wconf 92' lang='lat' dir='ltr'><strong>et</strong></span> <span class='ocrx_word' id='word_1_21' title='bbox 1958 570 2254 637; x_wconf 85' lang='lat' dir='ltr'><strong>canonice</strong></span> <span class='ocrx_word' id='word_1_22' title='bbox 2298 568 2581 655; x_wconf 79' lang='lat' dir='ltr'><strong>possidet</strong></span> <span class='ocrx_word' id='word_1_23' title='bbox 2622 572 2733 635; x_wconf 88' lang='lat' dir='ltr'><strong>aut</strong></span> <span class='ocrx_word' id='word_1_24' title='bbox 2773 568 2845 633; x_wconf 87' lang='lat' dir='ltr'><strong>in</strong></span> <span class='ocrx_word' id='word_1_25' title='bbox 2885 568 3166 635; x_wconf 83' lang='lat' dir='ltr'><strong>futurum</strong></span> 
     </span>
     <span class='ocr_line' id='line_1_4' title="bbox 305 673 3169 764; baseline -0 -21"><span class='ocrx_word' id='word_1_26' title='bbox 305 678 708 745; x_wconf 82' lang='lat' dir='ltr'><strong>concessione</strong></span> <span class='ocrx_word' id='word_1_27' title='bbox 750 676 1140 764; x_wconf 87' lang='lat' dir='ltr'><strong>pontificum,</strong></span> <span class='ocrx_word' id='word_1_28' title='bbox 1183 676 1520 759; x_wconf 79' lang='lat' dir='ltr'><strong>largitione</strong></span> <span class='ocrx_word' id='word_1_29' title='bbox 1554 695 1774 759; x_wconf 85' lang='lat' dir='ltr'><strong>regum</strong></span> <span class='ocrx_word' id='word_1_30' title='bbox 1803 675 1904 743; x_wconf 87' lang='lat' dir='ltr'><strong>vel</strong></span> <span class='ocrx_word' id='word_1_31' title='bbox 1950 677 2327 762; x_wconf 82' lang='lat' dir='ltr'><strong>principum,</strong></span> <span class='ocrx_word' id='word_1_32' title='bbox 2374 676 2691 744; x_wconf 89' lang='lat' dir='ltr'><strong>oblatione</strong></span> <span class='ocrx_word' id='word_1_33' title='bbox 2732 673 3009 741; x_wconf 88' lang='lat' dir='ltr'><strong>fidelium</strong></span> <span class='ocrx_word' id='word_1_34' title='bbox 3056 693 3169 742; x_wconf 84' lang='lat' dir='ltr'><strong>scu</strong></span> 
     </span>
     <span class='ocr_line' id='line_1_5' title="bbox 303 782 3167 871; baseline -0.001 -20"><span class='ocrx_word' id='word_1_35' title='bbox 303 783 452 851; x_wconf 89' lang='lat' dir='ltr'><strong>aliis</strong></span> <span class='ocrx_word' id='word_1_36' title='bbox 497 784 680 851; x_wconf 89' lang='lat' dir='ltr'><strong>iustis</strong></span> <span class='ocrx_word' id='word_1_37' title='bbox 725 784 926 851; x_wconf 88' lang='lat' dir='ltr'><strong>modis</strong></span> <span class='ocrx_word' id='word_1_38' title='bbox 971 788 1292 871; x_wconf 81' lang='lat' dir='ltr'><strong>prestante</strong></span> <span class='ocrx_word' id='word_1_39' title='bbox 1339 784 1590 851; x_wconf 89' lang='lat' dir='ltr'><strong>domino</strong></span> <span class='ocrx_word' id='word_1_40' title='bbox 1634 784 1868 870; x_wconf 88' lang='lat' dir='ltr'><strong>poterit</strong></span> <span class='ocrx_word' id='word_1_41' title='bbox 1899 783 2183 871; x_wconf 80' lang='lat' dir='ltr'><strong>adipisci,</strong></span> <span class='ocrx_word' id='word_1_42' title='bbox 2228 782 2411 849; x_wconf 86' lang='lat' dir='ltr'><strong>firma</strong></span> <span class='ocrx_word' id='word_1_43' title='bbox 2441 784 2618 850; x_wconf 88' lang='lat' dir='ltr'><strong>vobis</strong></span> <span class='ocrx_word' id='word_1_44' title='bbox 2650 782 2997 866; x_wconf 86' lang='lat' dir='ltr'><strong>vestrisque</strong></span> <span class='ocrx_word' id='word_1_45' title='bbox 3028 802 3167 849; x_wconf 89' lang='lat' dir='ltr'><strong>suc-</strong></span> 
     </span>
     <span class='ocr_line' id='line_1_6' title="bbox 307 888 3167 978; baseline -0.001 -20"><span class='ocrx_word' id='word_1_46' title='bbox 307 890 663 959; x_wconf 86' lang='lat' dir='ltr'><strong>cessoribus</strong></span> <span class='ocrx_word' id='word_1_47' title='bbox 709 898 774 958; x_wconf 91' lang='lat' dir='ltr'><strong>et</strong></span> <span class='ocrx_word' id='word_1_48' title='bbox 814 889 1060 959; x_wconf 88' lang='lat' dir='ltr'><strong>illibata</strong></span> <span class='ocrx_word' id='word_1_49' title='bbox 1113 896 1544 977; x_wconf 87' lang='lat' dir='ltr'><strong>permaneant.</strong></span> <span class='ocrx_word' id='word_1_50' title='bbox 1625 890 1698 957; x_wconf 89' lang='lat' dir='ltr'><strong>In</strong></span> <span class='ocrx_word' id='word_1_51' title='bbox 1744 890 1969 975; x_wconf 88' lang='lat' dir='ltr'><strong>quibus</strong></span> <span class='ocrx_word' id='word_1_52' title='bbox 2023 890 2138 957; x_wconf 89' lang='lat' dir='ltr'><strong>hec</strong></span> <span class='ocrx_word' id='word_1_53' title='bbox 2191 891 2464 978; x_wconf 86' lang='lat' dir='ltr'><strong>propriis</strong></span> <span class='ocrx_word' id='word_1_54' title='bbox 2511 889 2804 957; x_wconf 82' lang='lat' dir='ltr'><strong>duximus</strong></span> <span class='ocrx_word' id='word_1_55' title='bbox 2850 888 3167 957; x_wconf 89' lang='lat' dir='ltr'><strong>vocabulis</strong></span> 
     </span>
     <span class='ocr_line' id='line_1_7' title="bbox 307 994 3166 1086; baseline -0.001 -20"><span class='ocrx_word' id='word_1_56' title='bbox 307 999 724 1085; x_wconf 84' lang='lat' dir='ltr'><strong>exprimenda</strong></span> <span class='ocrx_word' id='word_1_57' title='bbox 739 994 791 1065; x_wconf 79' lang='lat'><strong>⁸:</strong></span> <span class='ocrx_word' id='word_1_58' title='bbox 837 999 1042 1067; x_wconf 90' lang='lat' dir='ltr'><strong>locum</strong></span> <span class='ocrx_word' id='word_1_59' title='bbox 1088 999 1320 1085; x_wconf 90' lang='lat' dir='ltr'><strong>ipsum,</strong></span> <span class='ocrx_word' id='word_1_60' title='bbox 1367 1000 1434 1065; x_wconf 91' lang='lat' dir='ltr'><strong>in</strong></span> <span class='ocrx_word' id='word_1_61' title='bbox 1465 1018 1586 1083; x_wconf 89' lang='lat' dir='ltr'><strong>quo</strong></span> <span class='ocrx_word' id='word_1_62' title='bbox 1630 998 1944 1086; x_wconf 87' lang='lat' dir='ltr'><strong>prefatum</strong></span> <span class='ocrx_word' id='word_1_63' title='bbox 1979 996 2291 1084; x_wconf 84' lang='lat' dir='ltr'><strong>hospitale</strong></span> <span class='ocrx_word' id='word_1_64' title='bbox 2320 998 2511 1065; x_wconf 86' lang='lat' dir='ltr'><strong>situm</strong></span> <span class='ocrx_word' id='word_1_65' title='bbox 2542 1003 2659 1082; x_wconf 81' lang='lat' dir='ltr'><strong>est,</strong></span> <span class='ocrx_word' id='word_1_66' title='bbox 2704 1016 2844 1063; x_wconf 87' lang='lat' dir='ltr'><strong>cum</strong></span> <span class='ocrx_word' id='word_1_67' title='bbox 2878 996 3166 1063; x_wconf 88' lang='lat' dir='ltr'><strong>omnibus</strong></span> 
     </span>
     <span class='ocr_line' id='line_1_8' title="bbox 306 1103 3167 1194; baseline -0.001 -21"><span class='ocrx_word' id='word_1_68' title='bbox 306 1107 706 1194; x_wconf 84' lang='lat' dir='ltr'><strong>pertinentiis</strong></span> <span class='ocrx_word' id='word_1_69' title='bbox 752 1108 912 1190; x_wconf 89' lang='lat' dir='ltr'><strong>suis;</strong></span> <span class='ocrx_word' id='word_1_70' title='bbox 961 1108 1236 1190; x_wconf 84' lang='lat' dir='ltr'><strong>domum,</strong></span> <span class='ocrx_word' id='word_1_71' title='bbox 1283 1126 1473 1193; x_wconf 90' lang='lat' dir='ltr'><strong>quam</strong></span> <span class='ocrx_word' id='word_1_72' title='bbox 1507 1104 1750 1173; x_wconf 89' lang='lat' dir='ltr'><strong>habetis</strong></span> <span class='ocrx_word' id='word_1_73' title='bbox 1784 1103 2066 1190; x_wconf 88' lang='lat' dir='ltr'><strong>Scalone,</strong></span> <span class='ocrx_word' id='word_1_74' title='bbox 2114 1126 2255 1171; x_wconf 91' lang='lat' dir='ltr'><strong>cum</strong></span> <span class='ocrx_word' id='word_1_75' title='bbox 2286 1105 2487 1173; x_wconf 87' lang='lat' dir='ltr'><strong>vineis</strong></span> <span class='ocrx_word' id='word_1_76' title='bbox 2532 1110 2597 1172; x_wconf 90' lang='lat' dir='ltr'><strong>et</strong></span> <span class='ocrx_word' id='word_1_77' title='bbox 2642 1103 2929 1171; x_wconf 87' lang='lat' dir='ltr'><strong>omnibus</strong></span> <span class='ocrx_word' id='word_1_78' title='bbox 2972 1104 3167 1190; x_wconf 88' lang='lat' dir='ltr'><strong>perti-</strong></span> 
     </span>
     <span class='ocr_line' id='line_1_9' title="bbox 307 1209 3167 1303; baseline -0.001 -22"><span class='ocrx_word' id='word_1_79' title='bbox 307 1215 545 1281; x_wconf 90' lang='lat' dir='ltr'><strong>nentiis</strong></span> <span class='ocrx_word' id='word_1_80' title='bbox 590 1216 749 1297; x_wconf 88' lang='lat' dir='ltr'><strong>suis,</strong></span> <span class='ocrx_word' id='word_1_81' title='bbox 798 1219 862 1281; x_wconf 87' lang='lat' dir='ltr'><strong>et</strong></span> <span class='ocrx_word' id='word_1_82' title='bbox 903 1214 1099 1281; x_wconf 91' lang='lat' dir='ltr'><strong>Zanzi</strong></span> <span class='ocrx_word' id='word_1_83' title='bbox 1145 1234 1284 1282; x_wconf 88' lang='lat' dir='ltr'><strong>cum</strong></span> <span class='ocrx_word' id='word_1_84' title='bbox 1333 1212 1621 1280; x_wconf 83' lang='lat' dir='ltr'><strong>omnibus</strong></span> <span class='ocrx_word' id='word_1_85' title='bbox 1667 1214 2063 1298; x_wconf 87' lang='lat' dir='ltr'><strong>pertinentiis</strong></span> <span class='ocrx_word' id='word_1_86' title='bbox 2109 1214 2274 1297; x_wconf 85' lang='lat' dir='ltr'><strong>suis,</strong></span> <span class='ocrx_word' id='word_1_87' title='bbox 2318 1217 2383 1280; x_wconf 89' lang='lat' dir='ltr'><strong>et</strong></span> <span class='ocrx_word' id='word_1_88' title='bbox 2426 1213 2675 1296; x_wconf 87' lang='lat' dir='ltr'><strong>domos,</strong></span> <span class='ocrx_word' id='word_1_89' title='bbox 2722 1231 2878 1297; x_wconf 87' lang='lat' dir='ltr'><strong>quas</strong></span> <span class='ocrx_word' id='word_1_90' title='bbox 2923 1209 3167 1303; x_wconf 74' lang='lat' dir='ltr'><strong>habetis</strong></span> 
     </span>
     <span class='ocr_line' id='line_1_10' title="bbox 309 1317 3167 1408; baseline -0.002 -19"><span class='ocrx_word' id='word_1_91' title='bbox 309 1321 484 1408; x_wconf 90' lang='lat' dir='ltr'><strong>apud</strong></span> <span class='ocrx_word' id='word_1_92' title='bbox 525 1321 787 1406; x_wconf 87' lang='lat' dir='ltr'><strong>Ramas,</strong></span> <span class='ocrx_word' id='word_1_93' title='bbox 835 1340 978 1387; x_wconf 88' lang='lat' dir='ltr'><strong>cum</strong></span> <span class='ocrx_word' id='word_1_94' title='bbox 1023 1322 1312 1389; x_wconf 88' lang='lat' dir='ltr'><strong>omnibus</strong></span> <span class='ocrx_word' id='word_1_95' title='bbox 1357 1320 1756 1407; x_wconf 87' lang='lat' dir='ltr'><strong>pertinentiis</strong></span> <span class='ocrx_word' id='word_1_96' title='bbox 1802 1321 1963 1403; x_wconf 88' lang='lat' dir='ltr'><strong>suis;</strong></span> <span class='ocrx_word' id='word_1_97' title='bbox 2018 1320 2307 1404; x_wconf 88' lang='lat' dir='ltr'><strong>domum,</strong></span> <span class='ocrx_word' id='word_1_98' title='bbox 2352 1319 2569 1387; x_wconf 86' lang='lat' dir='ltr'><strong>vineas</strong></span> <span class='ocrx_word' id='word_1_99' title='bbox 2614 1324 2679 1386; x_wconf 89' lang='lat' dir='ltr'><strong>et</strong></span> <span class='ocrx_word' id='word_1_100' title='bbox 2718 1317 3167 1405; x_wconf 88' lang='lat' dir='ltr'><strong>possessiones,</strong></span> 
     </span>
     <span class='ocr_line' id='line_1_11' title="bbox 309 1422 3169 1515; baseline -0.001 -21"><span class='ocrx_word' id='word_1_101' title='bbox 309 1448 470 1515; x_wconf 87' lang='lat' dir='ltr'><strong>quas</strong></span> <span class='ocrx_word' id='word_1_102' title='bbox 513 1428 758 1495; x_wconf 88' lang='lat' dir='ltr'><strong>habetis</strong></span> <span class='ocrx_word' id='word_1_103' title='bbox 803 1428 972 1514; x_wconf 89' lang='lat' dir='ltr'><strong>apud</strong></span> <span class='ocrx_word' id='word_1_104' title='bbox 1015 1428 1246 1514; x_wconf 85' lang='lat' dir='ltr'><strong>Iaphaz</strong></span> <span class='ocrx_word' id='word_1_105' title='bbox 1295 1448 1435 1495; x_wconf 89' lang='lat' dir='ltr'><strong>cum</strong></span> <span class='ocrx_word' id='word_1_106' title='bbox 1482 1427 1770 1494; x_wconf 82' lang='lat' dir='ltr'><strong>omnibus</strong></span> <span class='ocrx_word' id='word_1_107' title='bbox 1817 1428 2215 1514; x_wconf 85' lang='lat' dir='ltr'><strong>pertinentiis</strong></span> <span class='ocrx_word' id='word_1_108' title='bbox 2260 1428 2420 1510; x_wconf 87' lang='lat' dir='ltr'><strong>suis;</strong></span> <span class='ocrx_word' id='word_1_109' title='bbox 2478 1422 2793 1510; x_wconf 78' lang='lat' dir='ltr'><strong>domum,‘</strong></span> <span class='ocrx_word' id='word_1_110' title='bbox 2826 1444 3013 1511; x_wconf 85' lang='lat' dir='ltr'><strong>quam</strong></span> <span class='ocrx_word' id='word_1_111' title='bbox 3056 1424 3169 1491; x_wconf 87' lang='lat' dir='ltr'><strong>ha·-</strong></span> 
     </span>
     <span class='ocr_line' id='line_1_12' title="bbox 309 1530 3170 1622; baseline -0.002 -19"><span class='ocrx_word' id='word_1_112' title='bbox 309 1536 475 1607; x_wconf 87' lang='lat' dir='ltr'><strong>betis</strong></span> <span class='ocrx_word' id='word_1_113' title='bbox 523 1536 691 1622; x_wconf 85' lang='lat' dir='ltr'><strong>apud</strong></span> <span class='ocrx_word' id='word_1_114' title='bbox 733 1534 948 1602; x_wconf 88' lang='lat' dir='ltr'><strong>Accon</strong></span> <span class='ocrx_word' id='word_1_115' title='bbox 991 1536 1309 1605; x_wconf 88' lang='lat' dir='ltr'><strong>civitatem</strong></span> <span class='ocrx_word' id='word_1_116' title='bbox 1327 1586 1347 1619; x_wconf 85' lang='lat'><strong>,</strong></span> <span class='ocrx_word' id='word_1_117' title='bbox 1393 1556 1536 1603; x_wconf 90' lang='lat' dir='ltr'><strong>cum</strong></span> <span class='ocrx_word' id='word_1_118' title='bbox 1583 1535 1872 1602; x_wconf 88' lang='lat' dir='ltr'><strong>omnibus</strong></span> <span class='ocrx_word' id='word_1_119' title='bbox 1917 1530 2315 1622; x_wconf 81' lang='lat' dir='ltr'><strong>pertinentiis</strong></span> <span class='ocrx_word' id='word_1_120' title='bbox 2360 1536 2525 1620; x_wconf 79' lang='lat' dir='ltr'><strong>suia,</strong></span> <span class='ocrx_word' id='word_1_121' title='bbox 2570 1540 2635 1602; x_wconf 88' lang='lat' dir='ltr'><strong>et</strong></span> <span class='ocrx_word' id='word_1_122' title='bbox 2678 1532 2885 1601; x_wconf 87' lang='lat' dir='ltr'><strong>casale</strong></span> <span class='ocrx_word' id='word_1_123' title='bbox 2929 1532 3007 1598; x_wconf 86' lang='lat' dir='ltr'><strong>de</strong></span> <span class='ocrx_word' id='word_1_124' title='bbox 3050 1530 3170 1599; x_wconf 83' lang='lat' dir='ltr'><strong>Ga-</strong></span> 
     </span>
     <span class='ocr_line' id='line_1_13' title="bbox 307 1639 3168 1729; baseline -0.001 -20"><span class='ocrx_word' id='word_1_125' title='bbox 307 1642 490 1709; x_wconf 86' lang='lat' dir='ltr'><strong>firsin</strong></span> <span class='ocrx_word' id='word_1_126' title='bbox 537 1647 604 1709; x_wconf 89' lang='lat' dir='ltr'><strong>et</strong></span> <span class='ocrx_word' id='word_1_127' title='bbox 642 1642 878 1711; x_wconf 84' lang='lat' dir='ltr'><strong>voltam</strong></span> <span class='ocrx_word' id='word_1_128' title='bbox 925 1662 1125 1729; x_wconf 87' lang='lat' dir='ltr'><strong>prope</strong></span> <span class='ocrx_word' id='word_1_129' title='bbox 1166 1648 1414 1729; x_wconf 90' lang='lat' dir='ltr'><strong>portam</strong></span> <span class='ocrx_word' id='word_1_130' title='bbox 1463 1644 1666 1711; x_wconf 84' lang='lat' dir='ltr'><strong>sancti</strong></span> <span class='ocrx_word' id='word_1_131' title='bbox 1709 1642 1998 1709; x_wconf 88' lang='lat' dir='ltr'><strong>Nicholai</strong></span> <span class='ocrx_word' id='word_1_132' title='bbox 2043 1662 2185 1709; x_wconf 89' lang='lat' dir='ltr'><strong>cum</strong></span> <span class='ocrx_word' id='word_1_133' title='bbox 2230 1644 2521 1711; x_wconf 87' lang='lat' dir='ltr'><strong>omnibus</strong></span> <span class='ocrx_word' id='word_1_134' title='bbox 2564 1639 2963 1728; x_wconf 88' lang='lat' dir='ltr'><strong>pertinentiis</strong></span> <span class='ocrx_word' id='word_1_135' title='bbox 3007 1640 3168 1721; x_wconf 85' lang='lat' dir='ltr'><strong>suis3</strong></span> 
     </span>
     <span class='ocr_line' id='line_1_14' title="bbox 311 1732 3171 1837; baseline -0.001 -22"><span class='ocrx_word' id='word_1_136' title='bbox 311 1749 592 1832; x_wconf 86' lang='lat' dir='ltr'><strong>domum,</strong></span> <span class='ocrx_word' id='word_1_137' title='bbox 641 1769 824 1834; x_wconf 89' lang='lat' dir='ltr'><strong>quam</strong></span> <span class='ocrx_word' id='word_1_138' title='bbox 872 1748 1116 1816; x_wconf 88' lang='lat' dir='ltr'><strong>habetis</strong></span> <span class='ocrx_word' id='word_1_139' title='bbox 1162 1752 1231 1816; x_wconf 92' lang='lat' dir='ltr'><strong>in</strong></span> <span class='ocrx_word' id='word_1_140' title='bbox 1260 1751 1448 1837; x_wconf 84' lang='lat' dir='ltr'><strong>Tyro,</strong></span> <span class='ocrx_word' id='word_1_141' title='bbox 1493 1770 1636 1816; x_wconf 89' lang='lat' dir='ltr'><strong>cum</strong></span> <span class='ocrx_word' id='word_1_142' title='bbox 1674 1752 1963 1818; x_wconf 86' lang='lat' dir='ltr'><strong>omnibus</strong></span> <span class='ocrx_word' id='word_1_143' title='bbox 2010 1732 2405 1837; x_wconf 66' lang='lat' dir='ltr'><strong>pertinentiis</strong></span> <span class='ocrx_word' id='word_1_144' title='bbox 2451 1749 2613 1831; x_wconf 88' lang='lat' dir='ltr'><strong>suis;</strong></span> <span class='ocrx_word' id='word_1_145' title='bbox 2660 1748 2935 1831; x_wconf 87' lang='lat' dir='ltr'><strong>domum,</strong></span> <span class='ocrx_word' id='word_1_146' title='bbox 2981 1766 3171 1833; x_wconf 86' lang='lat' dir='ltr'><strong>quam</strong></span> 
     </span>
     <span class='ocr_line' id='line_1_15' title="bbox 309 1853 3174 1945; baseline 0 -24"><span class='ocrx_word' id='word_1_147' title='bbox 309 1856 558 1923; x_wconf 89' lang='lat' dir='ltr'><strong>habetis</strong></span> <span class='ocrx_word' id='word_1_148' title='bbox 615 1854 783 1943; x_wconf 88' lang='lat' dir='ltr'><strong>apud</strong></span> <span class='ocrx_word' id='word_1_149' title='bbox 826 1856 1188 1942; x_wconf 76' lang='lat' dir='ltr'><strong>cesaream,</strong></span> <span class='ocrx_word' id='word_1_150' title='bbox 1249 1878 1390 1924; x_wconf 90' lang='lat' dir='ltr'><strong>cum</strong></span> <span class='ocrx_word' id='word_1_151' title='bbox 1438 1857 1726 1924; x_wconf 87' lang='lat' dir='ltr'><strong>omnibus</strong></span> <span class='ocrx_word' id='word_1_152' title='bbox 1771 1858 2171 1945; x_wconf 86' lang='lat' dir='ltr'><strong>pertinentiis</strong></span> <span class='ocrx_word' id='word_1_153' title='bbox 2218 1858 2379 1941; x_wconf 86' lang='lat' dir='ltr'><strong>suis3</strong></span> <span class='ocrx_word' id='word_1_154' title='bbox 2439 1856 2675 1941; x_wconf 86' lang='lat' dir='ltr'><strong>casale,</strong></span> <span class='ocrx_word' id='word_1_155' title='bbox 2734 1853 2901 1941; x_wconf 90' lang='lat' dir='ltr'><strong>quod</strong></span> <span class='ocrx_word' id='word_1_156' title='bbox 2945 1854 3174 1922; x_wconf 88' lang='lat' dir='ltr'><strong>dicitur</strong></span> 
     </span>
     <span class='ocr_line' id='line_1_16' title="bbox 311 1957 3173 2051; baseline -0.001 -22"><span class='ocrx_word' id='word_1_157' title='bbox 311 1957 564 2044; x_wconf 77' lang='lat' dir='ltr'><strong>Bezal⁶3</strong></span> <span class='ocrx_word' id='word_1_158' title='bbox 611 1964 870 2047; x_wconf 87' lang='lat' dir='ltr'><strong>curiam,</strong></span> <span class='ocrx_word' id='word_1_159' title='bbox 918 1984 1105 2049; x_wconf 90' lang='lat' dir='ltr'><strong>quam</strong></span> <span class='ocrx_word' id='word_1_160' title='bbox 1150 1964 1393 2031; x_wconf 91' lang='lat' dir='ltr'><strong>habetis</strong></span> <span class='ocrx_word' id='word_1_161' title='bbox 1439 1965 1505 2031; x_wconf 91' lang='lat' dir='ltr'><strong>in</strong></span> <span class='ocrx_word' id='word_1_162' title='bbox 1537 1960 1784 2051; x_wconf 59' lang='grc' dir='ltr'><strong>(Ἀρι-07,</strong></span> <span class='ocrx_word' id='word_1_163' title='bbox 1832 1985 1953 2049; x_wconf 91' lang='lat' dir='ltr'><strong>que</strong></span> <span class='ocrx_word' id='word_1_164' title='bbox 1988 1965 2217 2031; x_wconf 86' lang='lat' dir='ltr'><strong>dicitur</strong></span> <span class='ocrx_word' id='word_1_165' title='bbox 2252 1965 2452 2031; x_wconf 88' lang='lat' dir='ltr'><strong>sancti</strong></span> <span class='ocrx_word' id='word_1_166' title='bbox 2482 1962 2737 2047; x_wconf 88' lang='lat' dir='ltr'><strong>Georgii</strong></span> <span class='ocrx_word' id='word_1_167' title='bbox 2780 1982 2922 2028; x_wconf 85' lang='lat' dir='ltr'><strong>cum</strong></span> <span class='ocrx_word' id='word_1_168' title='bbox 2972 1960 3173 2028; x_wconf 90' lang='lat' dir='ltr'><strong>omni-</strong></span> 
     </span>
     <span class='ocr_line' id='line_1_17' title="bbox 312 2066 3174 2158; baseline -0 -22"><span class='ocrx_word' id='word_1_169' title='bbox 312 2069 433 2136; x_wconf 87' lang='lat' dir='ltr'><strong>bus</strong></span> <span class='ocrx_word' id='word_1_170' title='bbox 480 2070 876 2156; x_wconf 88' lang='lat' dir='ltr'><strong>pertinentiis</strong></span> <span class='ocrx_word' id='word_1_171' title='bbox 921 2072 1084 2152; x_wconf 88' lang='lat' dir='ltr'><strong>suis;</strong></span> <span class='ocrx_word' id='word_1_172' title='bbox 1144 2072 1298 2139; x_wconf 88' lang='lat' dir='ltr'><strong>duas</strong></span> <span class='ocrx_word' id='word_1_173' title='bbox 1344 2072 1549 2157; x_wconf 86' lang='lat' dir='ltr'><strong>villas,</strong></span> <span class='ocrx_word' id='word_1_174' title='bbox 1599 2092 1754 2158; x_wconf 88' lang='lat' dir='ltr'><strong>quas</strong></span> <span class='ocrx_word' id='word_1_175' title='bbox 1799 2070 2043 2137; x_wconf 85' lang='lat' dir='ltr'><strong>habetis</strong></span> <span class='ocrx_word' id='word_1_176' title='bbox 2089 2072 2156 2137; x_wconf 92' lang='lat' dir='ltr'><strong>in</strong></span> <span class='ocrx_word' id='word_1_177' title='bbox 2200 2070 2524 2155; x_wconf 90' lang='lat' dir='ltr'><strong>Armenia,</strong></span> <span class='ocrx_word' id='word_1_178' title='bbox 2576 2070 2867 2137; x_wconf 88' lang='lat' dir='ltr'><strong>videlicet</strong></span> <span class='ocrx_word' id='word_1_179' title='bbox 2910 2066 3174 2137; x_wconf 86' lang='lat' dir='ltr'><strong>Combe-</strong></span> 
     </span>
     <span class='ocr_line' id='line_1_18' title="bbox 315 2172 3175 2265; baseline 0 -22"><span class='ocrx_word' id='word_1_180' title='bbox 315 2172 556 2243; x_wconf 83' lang='lat' dir='ltr'><strong>defort⁸</strong></span> <span class='ocrx_word' id='word_1_181' title='bbox 589 2183 652 2244; x_wconf 91' lang='lat' dir='ltr'><strong>et</strong></span> <span class='ocrx_word' id='word_1_182' title='bbox 679 2177 902 2262; x_wconf 86' lang='lat' dir='ltr'><strong>Heion,</strong></span> <span class='ocrx_word' id='word_1_183' title='bbox 949 2198 1088 2245; x_wconf 89' lang='lat' dir='ltr'><strong>cum</strong></span> <span class='ocrx_word' id='word_1_184' title='bbox 1125 2179 1412 2247; x_wconf 90' lang='lat' dir='ltr'><strong>omnibus</strong></span> <span class='ocrx_word' id='word_1_185' title='bbox 1443 2179 1838 2265; x_wconf 89' lang='lat' dir='ltr'><strong>pertinentiis</strong></span> <span class='ocrx_word' id='word_1_186' title='bbox 1871 2180 2023 2245; x_wconf 85' lang='lat' dir='ltr'><strong>suis.</strong></span> <span class='ocrx_word' id='word_1_187' title='bbox 2090 2178 2254 2247; x_wconf 83' lang='lat' dir='ltr'><strong>Sane</strong></span> <span class='ocrx_word' id='word_1_188' title='bbox 2283 2178 2603 2246; x_wconf 88' lang='lat' dir='ltr'><strong>novalium</strong></span> <span class='ocrx_word' id='word_1_189' title='bbox 2635 2184 3007 2261; x_wconf 89' lang='lat' dir='ltr'><strong>vestrorum,</strong></span> <span class='ocrx_word' id='word_1_190' title='bbox 3053 2196 3175 2262; x_wconf 89' lang='lat' dir='ltr'><strong>que</strong></span> 
     </span>
     <span class='ocr_line' id='line_1_19' title="bbox 311 2274 3174 2372; baseline -0.001 -21"><span class='ocrx_word' id='word_1_191' title='bbox 311 2284 590 2371; x_wconf 90' lang='lat' dir='ltr'><strong>propriis</strong></span> <span class='ocrx_word' id='word_1_192' title='bbox 639 2286 926 2352; x_wconf 88' lang='lat' dir='ltr'><strong>manibus</strong></span> <span class='ocrx_word' id='word_1_193' title='bbox 973 2291 1082 2352; x_wconf 88' lang='lat' dir='ltr'><strong>aut</strong></span> <span class='ocrx_word' id='word_1_194' title='bbox 1126 2285 1478 2372; x_wconf 88' lang='lat' dir='ltr'><strong>sumptibus</strong></span> <span class='ocrx_word' id='word_1_195' title='bbox 1526 2286 1750 2370; x_wconf 82' lang='lat' dir='ltr'><strong>colitiS,</strong></span> <span class='ocrx_word' id='word_1_196' title='bbox 1795 2287 1930 2352; x_wconf 85' lang='lat' dir='ltr'><strong>sive</strong></span> <span class='ocrx_word' id='word_1_197' title='bbox 1976 2287 2055 2353; x_wconf 91' lang='lat' dir='ltr'><strong>de</strong></span> <span class='ocrx_word' id='word_1_198' title='bbox 2097 2286 2500 2353; x_wconf 89' lang='lat' dir='ltr'><strong>nutrimentis</strong></span> <span class='ocrx_word' id='word_1_199' title='bbox 2540 2274 2905 2352; x_wconf 85' lang='lat' dir='ltr'><strong>animalium</strong></span> <span class='ocrx_word' id='word_1_200' title='bbox 2933 2289 3174 2351; x_wconf 87' lang='lat' dir='ltr'><strong>vestro-</strong></span> 
     </span>
     <span class='ocr_line' id='line_1_20' title="bbox 313 2391 3173 2480; baseline -0 -23"><span class='ocrx_word' id='word_1_201' title='bbox 313 2410 460 2457; x_wconf 87' lang='lat' dir='ltr'><strong>rum</strong></span> <span class='ocrx_word' id='word_1_202' title='bbox 504 2391 712 2458; x_wconf 89' lang='lat' dir='ltr'><strong>nullus</strong></span> <span class='ocrx_word' id='word_1_203' title='bbox 759 2413 798 2458; x_wconf 85' lang='lat' dir='ltr'><strong>a</strong></span> <span class='ocrx_word' id='word_1_204' title='bbox 841 2392 1016 2475; x_wconf 84' lang='lat' dir='ltr'><strong>vobis</strong></span> <span class='ocrx_word' id='word_1_205' title='bbox 1064 2393 1337 2459; x_wconf 88' lang='lat' dir='ltr'><strong>decimas</strong></span> <span class='ocrx_word' id='word_1_206' title='bbox 1393 2394 1641 2477; x_wconf 82' lang='lat' dir='ltr'><strong>exigere</strong></span> <span class='ocrx_word' id='word_1_207' title='bbox 1701 2400 1810 2460; x_wconf 90' lang='lat' dir='ltr'><strong>aut</strong></span> <span class='ocrx_word' id='word_1_208' title='bbox 1865 2399 2239 2480; x_wconf 85' lang='lat' dir='ltr'><strong>extorquere</strong></span> <span class='ocrx_word' id='word_1_209' title='bbox 2294 2399 2634 2480; x_wconf 85' lang='lat' dir='ltr'><strong>presumat.</strong></span> <span class='ocrx_word' id='word_1_210' title='bbox 2715 2392 2961 2459; x_wconf 88' lang='lat' dir='ltr'><strong>Crisma</strong></span> <span class='ocrx_word' id='word_1_211' title='bbox 3002 2409 3173 2475; x_wconf 87' lang='lat' dir='ltr'><strong>vero,</strong></span> 
     </span>
     <span class='ocr_line' id='line_1_21' title="bbox 315 2494 3175 2585; baseline 0.001 -22"><span class='ocrx_word' id='word_1_212' title='bbox 315 2498 525 2565; x_wconf 88' lang='lat' dir='ltr'><strong>oleum</strong></span> <span class='ocrx_word' id='word_1_213' title='bbox 571 2505 886 2585; x_wconf 88' lang='lat' dir='ltr'><strong>sanctum,</strong></span> <span class='ocrx_word' id='word_1_214' title='bbox 943 2502 1440 2568; x_wconf 88' lang='lat' dir='ltr'><strong>consecrationes</strong></span> <span class='ocrx_word' id='word_1_215' title='bbox 1497 2501 1790 2568; x_wconf 88' lang='lat' dir='ltr'><strong>altarium</strong></span> <span class='ocrx_word' id='word_1_216' title='bbox 1849 2521 1961 2567; x_wconf 88' lang='lat' dir='ltr'><strong>seu</strong></span> <span class='ocrx_word' id='word_1_217' title='bbox 2012 2501 2416 2568; x_wconf 88' lang='lat' dir='ltr'><strong>basilicarum</strong></span> <span class='ocrx_word' id='word_1_218' title='bbox 2460 2505 2807 2568; x_wconf 85' lang='lat' dir='ltr'><strong>vestrarum</strong></span> <span class='ocrx_word' id='word_1_219' title='bbox 2822 2494 2866 2583; x_wconf 84' lang='lat'><strong>⁹,</strong></span> <span class='ocrx_word' id='word_1_220' title='bbox 2924 2498 3175 2565; x_wconf 91' lang='lat' dir='ltr'><strong>ordina-</strong></span> 
     </span>
     <span class='ocr_line' id='line_1_22' title="bbox 313 2606 3177 2695; baseline 0.001 -24"><span class='ocrx_word' id='word_1_221' title='bbox 313 2606 520 2672; x_wconf 89' lang='lat' dir='ltr'><strong>tiones</strong></span> <span class='ocrx_word' id='word_1_222' title='bbox 567 2606 931 2673; x_wconf 87' lang='lat' dir='ltr'><strong>clericorum</strong></span> <span class='ocrx_word' id='word_1_223' title='bbox 963 2614 1336 2693; x_wconf 89' lang='lat' dir='ltr'><strong>vestrorum,</strong></span> <span class='ocrx_word' id='word_1_224' title='bbox 1384 2609 1491 2695; x_wconf 90' lang='lat' dir='ltr'><strong>qui</strong></span> <span class='ocrx_word' id='word_1_225' title='bbox 1523 2609 1604 2675; x_wconf 91' lang='lat' dir='ltr'><strong>ad</strong></span> <span class='ocrx_word' id='word_1_226' title='bbox 1637 2629 1847 2676; x_wconf 86' lang='lat' dir='ltr'><strong>sacros</strong></span> <span class='ocrx_word' id='word_1_227' title='bbox 1893 2608 2145 2675; x_wconf 88' lang='lat' dir='ltr'><strong>ordines</strong></span> <span class='ocrx_word' id='word_1_228' title='bbox 2189 2607 2424 2675; x_wconf 83' lang='lat' dir='ltr'><strong>fuerint</strong></span> <span class='ocrx_word' id='word_1_229' title='bbox 2468 2606 2895 2694; x_wconf 86' lang='lat' dir='ltr'><strong>promovendi,</strong></span> <span class='ocrx_word' id='word_1_230' title='bbox 2943 2611 3006 2673; x_wconf 89' lang='lat' dir='ltr'><strong>et</strong></span> <span class='ocrx_word' id='word_1_231' title='bbox 3052 2606 3177 2673; x_wconf 83' lang='lat' dir='ltr'><strong>alia</strong></span> 
     </span>
     <span class='ocr_line' id='line_1_23' title="bbox 316 2712 3179 2804; baseline 0.002 -26"><span class='ocrx_word' id='word_1_232' title='bbox 316 2712 743 2779; x_wconf 85' lang='lat' dir='ltr'><strong>ecclesiastica</strong></span> <span class='ocrx_word' id='word_1_233' title='bbox 797 2720 1192 2782; x_wconf 89' lang='lat' dir='ltr'><strong>sacramenta</strong></span> <span class='ocrx_word' id='word_1_234' title='bbox 1247 2736 1288 2783; x_wconf 89' lang='lat' dir='ltr'><strong>a</strong></span> <span class='ocrx_word' id='word_1_235' title='bbox 1331 2716 1660 2783; x_wconf 87' lang='lat' dir='ltr'><strong>diocesano</strong></span> <span class='ocrx_word' id='word_1_236' title='bbox 1717 2717 2045 2804; x_wconf 88' lang='lat' dir='ltr'><strong>episcopo,</strong></span> <span class='ocrx_word' id='word_1_237' title='bbox 2105 2716 2415 2802; x_wconf 90' lang='lat' dir='ltr'><strong>siquidem</strong></span> <span class='ocrx_word' id='word_1_238' title='bbox 2472 2715 2812 2783; x_wconf 89' lang='lat' dir='ltr'><strong>catholicus</strong></span> <span class='ocrx_word' id='word_1_239' title='bbox 2868 2714 3061 2781; x_wconf 81' lang='lat' dir='ltr'><strong>fuerit</strong></span> <span class='ocrx_word' id='word_1_240' title='bbox 3114 2718 3179 2783; x_wconf 82' lang='lat' dir='ltr'><strong>et</strong></span> 
     </span>
     <span class='ocr_line' id='line_1_24' title="bbox 314 2821 3177 2911; baseline 0.001 -26"><span class='ocrx_word' id='word_1_241' title='bbox 314 2821 590 2905; x_wconf 82' lang='lat' dir='ltr'><strong>gratiam</strong></span> <span class='ocrx_word' id='word_1_242' title='bbox 621 2826 806 2907; x_wconf 89' lang='lat' dir='ltr'><strong>atque</strong></span> <span class='ocrx_word' id='word_1_243' title='bbox 836 2823 1332 2889; x_wconf 88' lang='lat' dir='ltr'><strong>communionem</strong></span> <span class='ocrx_word' id='word_1_244' title='bbox 1368 2823 1708 2911; x_wconf 87' lang='lat' dir='ltr'><strong>apostolice</strong></span> <span class='ocrx_word' id='word_1_245' title='bbox 1739 2824 1905 2891; x_wconf 90' lang='lat' dir='ltr'><strong>sedis</strong></span> <span class='ocrx_word' id='word_1_246' title='bbox 1936 2825 2245 2909; x_wconf 88' lang='lat' dir='ltr'><strong>habuerit,</strong></span> <span class='ocrx_word' id='word_1_247' title='bbox 2292 2823 2469 2891; x_wconf 87' lang='lat' dir='ltr'><strong>vobis</strong></span> <span class='ocrx_word' id='word_1_248' title='bbox 2499 2824 2695 2908; x_wconf 89' lang='lat' dir='ltr'><strong>gratis</strong></span> <span class='ocrx_word' id='word_1_249' title='bbox 2740 2828 2806 2889; x_wconf 87' lang='lat' dir='ltr'><strong>et</strong></span> <span class='ocrx_word' id='word_1_250' title='bbox 2848 2822 2985 2889; x_wconf 90' lang='lat' dir='ltr'><strong>sine</strong></span> <span class='ocrx_word' id='word_1_251' title='bbox 3030 2842 3177 2909; x_wconf 86' lang='lat' dir='ltr'><strong>pra-</strong></span> 
     </span>
     <span class='ocr_line' id='line_1_25' title="bbox 313 2928 3180 3018; baseline 0.001 -25"><span class='ocrx_word' id='word_1_252' title='bbox 313 2928 516 2994; x_wconf 81' lang='lat' dir='ltr'><strong>vitate</strong></span> <span class='ocrx_word' id='word_1_253' title='bbox 547 2928 758 3013; x_wconf 89' lang='lat' dir='ltr'><strong>aliqua</strong></span> <span class='ocrx_word' id='word_1_254' title='bbox 800 2930 1182 3018; x_wconf 90' lang='lat' dir='ltr'><strong>precipimus</strong></span> <span class='ocrx_word' id='word_1_255' title='bbox 1215 2930 1514 2997; x_wconf 87' lang='lat' dir='ltr'><strong>exhiberi.</strong></span> <span class='ocrx_word' id='word_1_256' title='bbox 1589 2930 1991 3017; x_wconf 88' lang='lat' dir='ltr'><strong>Sepulturam</strong></span> <span class='ocrx_word' id='word_1_257' title='bbox 2038 2938 2326 3018; x_wconf 88' lang='lat' dir='ltr'><strong>preterea</strong></span> <span class='ocrx_word' id='word_1_258' title='bbox 2361 2931 2563 3018; x_wconf 88' lang='lat' dir='ltr'><strong>ipsius</strong></span> <span class='ocrx_word' id='word_1_259' title='bbox 2594 2930 2718 2997; x_wconf 89' lang='lat' dir='ltr'><strong>loci</strong></span> <span class='ocrx_word' id='word_1_260' title='bbox 2746 2930 3010 2997; x_wconf 87' lang='lat' dir='ltr'><strong>liberam</strong></span> <span class='ocrx_word' id='word_1_261' title='bbox 3042 2949 3180 2997; x_wconf 88' lang='lat' dir='ltr'><strong>esse</strong></span> 
     </span>
     <span class='ocr_line' id='line_1_26' title="bbox 317 3035 3178 3125; baseline 0.001 -24"><span class='ocrx_word' id='word_1_262' title='bbox 317 3035 734 3121; x_wconf 87' lang='lat' dir='ltr'><strong>decernimus,</strong></span> <span class='ocrx_word' id='word_1_263' title='bbox 779 3044 852 3103; x_wconf 81' lang='lat' dir='ltr'><strong>nt</strong></span> <span class='ocrx_word' id='word_1_264' title='bbox 896 3058 1112 3104; x_wconf 90' lang='lat' dir='ltr'><strong>eorum</strong></span> <span class='ocrx_word' id='word_1_265' title='bbox 1157 3039 1472 3105; x_wconf 88' lang='lat' dir='ltr'><strong>devotioni</strong></span> <span class='ocrx_word' id='word_1_266' title='bbox 1517 3042 1582 3104; x_wconf 90' lang='lat' dir='ltr'><strong>et</strong></span> <span class='ocrx_word' id='word_1_267' title='bbox 1626 3044 1904 3106; x_wconf 84' lang='lat' dir='ltr'><strong>extreme</strong></span> <span class='ocrx_word' id='word_1_268' title='bbox 1947 3039 2279 3124; x_wconf 90' lang='lat' dir='ltr'><strong>voluntati,</strong></span> <span class='ocrx_word' id='word_1_269' title='bbox 2333 3037 2443 3123; x_wconf 90' lang='lat' dir='ltr'><strong>qui</strong></span> <span class='ocrx_word' id='word_1_270' title='bbox 2486 3058 2555 3105; x_wconf 89' lang='lat' dir='ltr'><strong>se</strong></span> <span class='ocrx_word' id='word_1_271' title='bbox 2597 3037 2729 3104; x_wconf 90' lang='lat' dir='ltr'><strong>illic</strong></span> <span class='ocrx_word' id='word_1_272' title='bbox 2772 3036 3025 3125; x_wconf 88' lang='lat' dir='ltr'><strong>sepeliri</strong></span> <span class='ocrx_word' id='word_1_273' title='bbox 3070 3037 3178 3104; x_wconf 91' lang='lat' dir='ltr'><strong>de-</strong></span> 
     </span>
     <span class='ocr_line' id='line_1_27' title="bbox 315 3141 3182 3232; baseline 0.001 -24"><span class='ocrx_word' id='word_1_274' title='bbox 315 3141 746 3228; x_wconf 87' lang='lat' dir='ltr'><strong>liberaverint,</strong></span> <span class='ocrx_word' id='word_1_275' title='bbox 792 3144 914 3210; x_wconf 89' lang='lat' dir='ltr'><strong>nisi</strong></span> <span class='ocrx_word' id='word_1_276' title='bbox 959 3145 1171 3211; x_wconf 87' lang='lat' dir='ltr'><strong>forsan</strong></span> <span class='ocrx_word' id='word_1_277' title='bbox 1205 3146 1727 3213; x_wconf 85' lang='lat' dir='ltr'><strong>excommunicati</strong></span> <span class='ocrx_word' id='word_1_278' title='bbox 1759 3147 1857 3213; x_wconf 89' lang='lat' dir='ltr'><strong>vel</strong></span> <span class='ocrx_word' id='word_1_279' title='bbox 1893 3146 2211 3213; x_wconf 87' lang='lat' dir='ltr'><strong>interdicti</strong></span> <span class='ocrx_word' id='word_1_280' title='bbox 2240 3147 2386 3232; x_wconf 88' lang='lat' dir='ltr'><strong>sint,</strong></span> <span class='ocrx_word' id='word_1_281' title='bbox 2433 3144 2641 3211; x_wconf 84' lang='lat' dir='ltr'><strong>nullus</strong></span> <span class='ocrx_word' id='word_1_282' title='bbox 2672 3143 2956 3228; x_wconf 85' lang='lat' dir='ltr'><strong>obsistat,</strong></span> <span class='ocrx_word' id='word_1_283' title='bbox 3004 3144 3182 3213; x_wconf 87' lang='lat' dir='ltr'><strong>salva</strong></span> 
     </span>
     <span class='ocr_line' id='line_1_28' title="bbox 317 3250 3175 3340; baseline 0.001 -23"><span class='ocrx_word' id='word_1_284' title='bbox 317 3255 536 3317; x_wconf 84' lang='lat' dir='ltr'><strong>tamen</strong></span> <span class='ocrx_word' id='word_1_285' title='bbox 578 3250 822 3317; x_wconf 86' lang='lat' dir='ltr'><strong>iustitia</strong></span> <span class='ocrx_word' id='word_1_286' title='bbox 864 3251 1114 3320; x_wconf 87' lang='lat' dir='ltr'><strong>illarum</strong></span> <span class='ocrx_word' id='word_1_287' title='bbox 1164 3252 1596 3338; x_wconf 88' lang='lat' dir='ltr'><strong>ecclesiarum,</strong></span> <span class='ocrx_word' id='word_1_288' title='bbox 1657 3275 1696 3320; x_wconf 88' lang='lat' dir='ltr'><strong>a</strong></span> <span class='ocrx_word' id='word_1_289' title='bbox 1740 3254 1966 3340; x_wconf 89' lang='lat' dir='ltr'><strong>quibus</strong></span> <span class='ocrx_word' id='word_1_290' title='bbox 2010 3261 2401 3322; x_wconf 89' lang='lat' dir='ltr'><strong>mortuorum</strong></span> <span class='ocrx_word' id='word_1_291' title='bbox 2446 3272 2711 3338; x_wconf 89' lang='lat' dir='ltr'><strong>corpora</strong></span> <span class='ocrx_word' id='word_1_292' title='bbox 2754 3258 3175 3320; x_wconf 88' lang='lat' dir='ltr'><strong>assumuntur.</strong></span> 
     </span>
     <span class='ocr_line' id='line_1_29' title="bbox 315 3356 3179 3449; baseline 0.001 -26"><span class='ocrx_word' id='word_1_293' title='bbox 315 3356 425 3423; x_wconf 91' lang='lat' dir='ltr'><strong>Ad</strong></span> <span class='ocrx_word' id='word_1_294' title='bbox 469 3357 584 3423; x_wconf 89' lang='lat' dir='ltr'><strong>hec</strong></span> <span class='ocrx_word' id='word_1_295' title='bbox 629 3359 1084 3427; x_wconf 88' lang='lat' dir='ltr'><strong>ordinationem</strong></span> <span class='ocrx_word' id='word_1_296' title='bbox 1129 3360 1362 3427; x_wconf 87' lang='lat' dir='ltr'><strong>factam</strong></span> <span class='ocrx_word' id='word_1_297' title='bbox 1407 3361 1472 3427; x_wconf 88' lang='lat' dir='ltr'><strong>in</strong></span> <span class='ocrx_word' id='word_1_298' title='bbox 1509 3360 1774 3429; x_wconf 87' lang='lat' dir='ltr'><strong>ecclesia</strong></span> <span class='ocrx_word' id='word_1_299' title='bbox 1803 3367 2014 3429; x_wconf 90' lang='lat' dir='ltr'><strong>vestra</strong></span> <span class='ocrx_word' id='word_1_300' title='bbox 2059 3362 2238 3429; x_wconf 84' lang='lat' dir='ltr'><strong>iuxta</strong></span> <span class='ocrx_word' id='word_1_301' title='bbox 2280 3361 2536 3428; x_wconf 88' lang='lat' dir='ltr'><strong>modum</strong></span> <span class='ocrx_word' id='word_1_302' title='bbox 2567 3360 3069 3449; x_wconf 89' lang='lat' dir='ltr'><strong>Templariorum</strong></span> <span class='ocrx_word' id='word_1_303' title='bbox 3111 3360 3179 3427; x_wconf 90' lang='lat' dir='ltr'><strong>in</strong></span> 
     </span>
     <span class='ocr_line' id='line_1_30' title="bbox 317 3463 3180 3558; baseline 0.001 -28"><span class='ocrx_word' id='word_1_304' title='bbox 317 3463 566 3531; x_wconf 88' lang='lat' dir='ltr'><strong>clericis</strong></span> <span class='ocrx_word' id='word_1_305' title='bbox 613 3471 676 3535; x_wconf 87' lang='lat' dir='ltr'><strong>et</strong></span> <span class='ocrx_word' id='word_1_306' title='bbox 719 3466 1056 3552; x_wconf 87' lang='lat' dir='ltr'><strong>militibus,</strong></span> <span class='ocrx_word' id='word_1_307' title='bbox 1111 3473 1175 3535; x_wconf 90' lang='lat' dir='ltr'><strong>et</strong></span> <span class='ocrx_word' id='word_1_308' title='bbox 1219 3467 1297 3534; x_wconf 89' lang='lat' dir='ltr'><strong>ad</strong></span> <span class='ocrx_word' id='word_1_309' title='bbox 1345 3468 1702 3557; x_wconf 86' lang='lat' dir='ltr'><strong>exemplum</strong></span> <span class='ocrx_word' id='word_1_310' title='bbox 1746 3468 2317 3558; x_wconf 89' lang='lat' dir='ltr'><strong>Hospitalariorum</strong></span> <span class='ocrx_word' id='word_1_311' title='bbox 2361 3470 2429 3536; x_wconf 90' lang='lat' dir='ltr'><strong>in</strong></span> <span class='ocrx_word' id='word_1_312' title='bbox 2473 3468 2855 3557; x_wconf 89' lang='lat' dir='ltr'><strong>pauperibus</strong></span> <span class='ocrx_word' id='word_1_313' title='bbox 2901 3474 2966 3535; x_wconf 88' lang='lat' dir='ltr'><strong>et</strong></span> <span class='ocrx_word' id='word_1_314' title='bbox 3006 3466 3180 3533; x_wconf 86' lang='lat' dir='ltr'><strong>infir-</strong></span> 
     </span>
     <span class='ocr_line' id='line_1_31' title="bbox 317 3572 3182 3667; baseline 0.001 -29"><span class='ocrx_word' id='word_1_315' title='bbox 317 3572 466 3657; x_wconf 85' lang='lat' dir='ltr'><strong>mis,</strong></span> <span class='ocrx_word' id='word_1_316' title='bbox 513 3573 675 3640; x_wconf 89' lang='lat' dir='ltr'><strong>sicut</strong></span> <span class='ocrx_word' id='word_1_317' title='bbox 717 3575 977 3661; x_wconf 80' lang='lat' dir='ltr'><strong>provide</strong></span> <span class='ocrx_word' id='word_1_318' title='bbox 1021 3575 1189 3642; x_wconf 87' lang='lat' dir='ltr'><strong>facta</strong></span> <span class='ocrx_word' id='word_1_319' title='bbox 1235 3582 1332 3643; x_wconf 88' lang='lat' dir='ltr'><strong>est</strong></span> <span class='ocrx_word' id='word_1_320' title='bbox 1376 3580 1439 3643; x_wconf 91' lang='lat' dir='ltr'><strong>et</strong></span> <span class='ocrx_word' id='word_1_321' title='bbox 1469 3597 1507 3643; x_wconf 91' lang='lat' dir='ltr'><strong>a</strong></span> <span class='ocrx_word' id='word_1_322' title='bbox 1534 3576 1713 3643; x_wconf 87' lang='lat' dir='ltr'><strong>vobis</strong></span> <span class='ocrx_word' id='word_1_323' title='bbox 1743 3584 2001 3667; x_wconf 88' lang='lat' dir='ltr'><strong>recepta</strong></span> <span class='ocrx_word' id='word_1_324' title='bbox 2045 3584 2108 3645; x_wconf 89' lang='lat' dir='ltr'><strong>et</strong></span> <span class='ocrx_word' id='word_1_325' title='bbox 2138 3578 2438 3645; x_wconf 85' lang='lat' dir='ltr'><strong>hactenus</strong></span> <span class='ocrx_word' id='word_1_326' title='bbox 2468 3578 2817 3661; x_wconf 79' lang='lat' dir='ltr'><strong>observata,</strong></span> <span class='ocrx_word' id='word_1_327' title='bbox 2866 3574 3182 3643; x_wconf 86' lang='lat' dir='ltr'><strong>devotioni</strong></span> 
     </span>
     <span class='ocr_line' id='line_1_32' title="bbox 319 3670 3183 3771; baseline 0.003 -26"><span class='ocrx_word' id='word_1_328' title='bbox 319 3685 533 3748; x_wconf 86' lang='lat' dir='ltr'><strong>vestre</strong></span> <span class='ocrx_word' id='word_1_329' title='bbox 577 3670 948 3749; x_wconf 87' lang='lat' dir='ltr'><strong>auctoritate</strong></span> <span class='ocrx_word' id='word_1_330' title='bbox 993 3682 1340 3771; x_wconf 86' lang='lat' dir='ltr'><strong>apostolica</strong></span> <span class='ocrx_word' id='word_1_331' title='bbox 1383 3682 1840 3753; x_wconf 89' lang='lat' dir='ltr'><strong>confirmamus.</strong></span> <span class='ocrx_word' id='word_1_332' title='bbox 1909 3684 2060 3751; x_wconf 89' lang='lat' dir='ltr'><strong>Paci</strong></span> <span class='ocrx_word' id='word_1_333' title='bbox 2107 3704 2351 3771; x_wconf 86' lang='lat' dir='ltr'><strong>quoque</strong></span> <span class='ocrx_word' id='word_1_334' title='bbox 2397 3689 2461 3751; x_wconf 90' lang='lat' dir='ltr'><strong>et</strong></span> <span class='ocrx_word' id='word_1_335' title='bbox 2503 3684 2949 3771; x_wconf 84' lang='lat' dir='ltr'><strong>tranquillitati</strong></span> <span class='ocrx_word' id='word_1_336' title='bbox 2974 3688 3183 3753; x_wconf 83' lang='lat' dir='ltr'><strong>vestre</strong></span> 
     </span>
     <span class='ocr_line' id='line_1_33' title="bbox 318 3790 3182 3883; baseline 0.001 -28"><span class='ocrx_word' id='word_1_337' title='bbox 318 3792 589 3876; x_wconf 87' lang='lat' dir='ltr'><strong>paterna</strong></span> <span class='ocrx_word' id='word_1_338' title='bbox 632 3790 699 3855; x_wconf 92' lang='lat' dir='ltr'><strong>in</strong></span> <span class='ocrx_word' id='word_1_339' title='bbox 745 3794 1067 3883; x_wconf 88' lang='lat' dir='ltr'><strong>posterum</strong></span> <span class='ocrx_word' id='word_1_340' title='bbox 1111 3790 1528 3858; x_wconf 89' lang='lat' dir='ltr'><strong>sollicitudine</strong></span> <span class='ocrx_word' id='word_1_341' title='bbox 1582 3793 1910 3879; x_wconf 90' lang='lat' dir='ltr'><strong>providere</strong></span> <span class='ocrx_word' id='word_1_342' title='bbox 1956 3794 2235 3861; x_wconf 87' lang='lat' dir='ltr'><strong>volentes</strong></span> <span class='ocrx_word' id='word_1_343' title='bbox 2284 3794 2654 3859; x_wconf 90' lang='lat' dir='ltr'><strong>auctoritate</strong></span> <span class='ocrx_word' id='word_1_344' title='bbox 2700 3791 3045 3878; x_wconf 86' lang='lat' dir='ltr'><strong>apostolica</strong></span> <span class='ocrx_word' id='word_1_345' title='bbox 3086 3790 3182 3857; x_wconf 92' lang='lat' dir='ltr'><strong>di-</strong></span> 
     </span>
     <span class='ocr_line' id='line_1_34' title="bbox 320 3896 3181 3988; baseline 0.001 -26"><span class='ocrx_word' id='word_1_346' title='bbox 320 3896 602 3963; x_wconf 89' lang='lat' dir='ltr'><strong>strictius</strong></span> <span class='ocrx_word' id='word_1_347' title='bbox 647 3896 1021 3982; x_wconf 86' lang='lat' dir='ltr'><strong>inhibemus,</strong></span> <span class='ocrx_word' id='word_1_348' title='bbox 1069 3917 1148 3965; x_wconf 90' lang='lat' dir='ltr'><strong>ne</strong></span> <span class='ocrx_word' id='word_1_349' title='bbox 1186 3898 1356 3965; x_wconf 84' lang='lat' dir='ltr'><strong>infra</strong></span> <span class='ocrx_word' id='word_1_350' title='bbox 1383 3899 1704 3967; x_wconf 85' lang='lat' dir='ltr'><strong>clausuras</strong></span> <span class='ocrx_word' id='word_1_351' title='bbox 1735 3901 1957 3967; x_wconf 84' lang='lat' dir='ltr'><strong>domus</strong></span> <span class='ocrx_word' id='word_1_352' title='bbox 1989 3907 2197 3969; x_wconf 85' lang='lat' dir='ltr'><strong>vestre</strong></span> <span class='ocrx_word' id='word_1_353' title='bbox 2242 3902 2407 3968; x_wconf 87' lang='lat' dir='ltr'><strong>ullus</strong></span> <span class='ocrx_word' id='word_1_354' title='bbox 2451 3900 2743 3988; x_wconf 87' lang='lat' dir='ltr'><strong>rapinam</strong></span> <span class='ocrx_word' id='word_1_355' title='bbox 2790 3920 2899 3967; x_wconf 88' lang='lat' dir='ltr'><strong>seu</strong></span> <span class='ocrx_word' id='word_1_356' title='bbox 2941 3899 3181 3965; x_wconf 86' lang='lat' dir='ltr'><strong>furtum</strong></span> 
     </span>
     <span class='ocr_line' id='line_1_35' title="bbox 318 4004 3183 4095; baseline 0.001 -26"><span class='ocrx_word' id='word_1_357' title='bbox 318 4004 552 4087; x_wconf 85' lang='lat' dir='ltr'><strong>facere,</strong></span> <span class='ocrx_word' id='word_1_358' title='bbox 597 4004 806 4088; x_wconf 84' lang='lat' dir='ltr'><strong>ignem</strong></span> <span class='ocrx_word' id='word_1_359' title='bbox 853 4026 1189 4093; x_wconf 88' lang='lat' dir='ltr'><strong>apponere,</strong></span> <span class='ocrx_word' id='word_1_360' title='bbox 1237 4008 1606 4091; x_wconf 81' lang='lat' dir='ltr'><strong>sanguinem</strong></span> <span class='ocrx_word' id='word_1_361' title='bbox 1650 4007 1931 4094; x_wconf 84' lang='lat' dir='ltr'><strong>fundere,</strong></span> <span class='ocrx_word' id='word_1_362' title='bbox 1977 4010 2293 4076; x_wconf 88' lang='lat' dir='ltr'><strong>hominem</strong></span> <span class='ocrx_word' id='word_1_363' title='bbox 2324 4014 2559 4075; x_wconf 89' lang='lat' dir='ltr'><strong>temere</strong></span> <span class='ocrx_word' id='word_1_364' title='bbox 2591 4027 2813 4095; x_wconf 87' lang='lat' dir='ltr'><strong>capere</strong></span> <span class='ocrx_word' id='word_1_365' title='bbox 2846 4006 2944 4073; x_wconf 89' lang='lat' dir='ltr'><strong>vel</strong></span> <span class='ocrx_word' id='word_1_366' title='bbox 2986 4007 3183 4074; x_wconf 84' lang='lat' dir='ltr'><strong>inter-</strong></span> 
     </span>
     <span class='ocr_line' id='line_1_36' title="bbox 319 4108 3203 4185; baseline 0.001 -9"><span class='ocrx_word' id='word_1_367' title='bbox 319 4108 510 4179; x_wconf 88' lang='lat' dir='ltr'><strong>ficere</strong></span> <span class='ocrx_word' id='word_1_368' title='bbox 557 4132 665 4179; x_wconf 87' lang='lat' dir='ltr'><strong>seu</strong></span> <span class='ocrx_word' id='word_1_369' title='bbox 711 4112 1074 4181; x_wconf 87' lang='lat' dir='ltr'><strong>violentiam</strong></span> <span class='ocrx_word' id='word_1_370' title='bbox 1123 4116 1350 4181; x_wconf 87' lang='lat' dir='ltr'><strong>audeat</strong></span> <span class='ocrx_word' id='word_1_371' title='bbox 1393 4134 1702 4183; x_wconf 83' lang='lat' dir='ltr'><strong>exercere.</strong></span> <span class='ocrx_word' id='word_1_372' title='bbox 1785 4115 2081 4185; x_wconf 88' lang='lat' dir='ltr'><strong>Preterea</strong></span> <span class='ocrx_word' id='word_1_373' title='bbox 2121 4116 2446 4185; x_wconf 86' lang='lat' dir='ltr'><strong>libertates</strong></span> <span class='ocrx_word' id='word_1_374' title='bbox 2492 4119 2559 4183; x_wconf 87' lang='lat' dir='ltr'><strong>et</strong></span> <span class='ocrx_word' id='word_1_375' title='bbox 2598 4115 3027 4183; x_wconf 87' lang='lat' dir='ltr'><strong>immunitates</strong></span> <span class='ocrx_word' id='word_1_376' title='bbox 3072 4113 3203 4180; x_wconf 75' lang='lat' dir='ltr'><strong>ho·-</strong></span> 
     </span>
     <span class='ocr_line' id='line_1_37' title="bbox 321 4218 3184 4307; baseline 0.001 -22"><span class='ocrx_word' id='word_1_377' title='bbox 321 4218 541 4307; x_wconf 89' lang='lat' dir='ltr'><strong>spitali</strong></span> <span class='ocrx_word' id='word_1_378' title='bbox 586 4226 796 4287; x_wconf 89' lang='lat' dir='ltr'><strong>vestro</strong></span> <span class='ocrx_word' id='word_1_379' title='bbox 841 4240 1167 4290; x_wconf 87' lang='lat' dir='ltr'><strong>concessas</strong></span> <span class='ocrx_word' id='word_1_380' title='bbox 1213 4242 1454 4289; x_wconf 87' lang='lat' dir='ltr'><strong>necnon</strong></span> <span class='ocrx_word' id='word_1_381' title='bbox 1498 4222 1904 4291; x_wconf 89' lang='lat' dir='ltr'><strong>rationabiles</strong></span> <span class='ocrx_word' id='word_1_382' title='bbox 1950 4226 2429 4291; x_wconf 87' lang='lat' dir='ltr'><strong>consuetudines</strong></span> <span class='ocrx_word' id='word_1_383' title='bbox 2473 4222 2776 4291; x_wconf 88' lang='lat' dir='ltr'><strong>hactenus</strong></span> <span class='ocrx_word' id='word_1_384' title='bbox 2821 4222 3184 4289; x_wconf 88' lang='lat' dir='ltr'><strong>observatas</strong></span> 
     </span>
     <span class='ocr_line' id='line_1_38' title="bbox 319 4327 3185 4417; baseline 0.001 -23"><span class='ocrx_word' id='word_1_385' title='bbox 319 4331 498 4394; x_wconf 85' lang='lat' dir='ltr'><strong>ratas</strong></span> <span class='ocrx_word' id='word_1_386' title='bbox 541 4327 843 4395; x_wconf 89' lang='lat' dir='ltr'><strong>habemus</strong></span> <span class='ocrx_word' id='word_1_387' title='bbox 890 4335 956 4395; x_wconf 90' lang='lat' dir='ltr'><strong>et</strong></span> <span class='ocrx_word' id='word_1_388' title='bbox 1000 4350 1104 4397; x_wconf 89' lang='lat' dir='ltr'><strong>eas</strong></span> <span class='ocrx_word' id='word_1_389' title='bbox 1149 4331 1377 4397; x_wconf 87' lang='lat' dir='ltr'><strong>futuris</strong></span> <span class='ocrx_word' id='word_1_390' title='bbox 1422 4331 1810 4417; x_wconf 89' lang='lat' dir='ltr'><strong>temporibus</strong></span> <span class='ocrx_word' id='word_1_391' title='bbox 1855 4330 2131 4399; x_wconf 85' lang='lat' dir='ltr'><strong>illibatas</strong></span> <span class='ocrx_word' id='word_1_392' title='bbox 2166 4352 2424 4399; x_wconf 88' lang='lat' dir='ltr'><strong>manere</strong></span> <span class='ocrx_word' id='word_1_393' title='bbox 2453 4332 2822 4398; x_wconf 86' lang='lat' dir='ltr'><strong>sanccimus.</strong></span> <span class='ocrx_word' id='word_1_394' title='bbox 2891 4329 3185 4397; x_wconf 85' lang='lat' dir='ltr'><strong>Auctori-</strong></span> 
     </span>
     <span class='ocr_line' id='line_1_39' title="bbox 319 4434 3187 4527; baseline 0.002 -27"><span class='ocrx_word' id='word_1_395' title='bbox 319 4438 456 4501; x_wconf 88' lang='lat' dir='ltr'><strong>tate</strong></span> <span class='ocrx_word' id='word_1_396' title='bbox 502 4434 760 4523; x_wconf 86' lang='lat' dir='ltr'><strong>insuper</strong></span> <span class='ocrx_word' id='word_1_397' title='bbox 805 4437 1149 4524; x_wconf 86' lang='lat' dir='ltr'><strong>apostolica</strong></span> <span class='ocrx_word' id='word_1_398' title='bbox 1192 4438 1368 4506; x_wconf 89' lang='lat' dir='ltr'><strong>vobis</strong></span> <span class='ocrx_word' id='word_1_399' title='bbox 1415 4439 1833 4523; x_wconf 91' lang='lat' dir='ltr'><strong>concedimus,</strong></span> <span class='ocrx_word' id='word_1_400' title='bbox 1879 4445 1952 4505; x_wconf 91' lang='lat' dir='ltr'><strong>ut</strong></span> <span class='ocrx_word' id='word_1_401' title='bbox 1996 4439 2267 4527; x_wconf 85' lang='lat' dir='ltr'><strong>eligendi</strong></span> <span class='ocrx_word' id='word_1_402' title='bbox 2310 4440 2702 4523; x_wconf 84' lang='lat' dir='ltr'><strong>magistrum,</strong></span> <span class='ocrx_word' id='word_1_403' title='bbox 2750 4439 2858 4525; x_wconf 94' lang='lat' dir='ltr'><strong>qui</strong></span> <span class='ocrx_word' id='word_1_404' title='bbox 2899 4438 3075 4506; x_wconf 90' lang='lat' dir='ltr'><strong>vobis</strong></span> <span class='ocrx_word' id='word_1_405' title='bbox 3122 4442 3187 4505; x_wconf 90' lang='lat' dir='ltr'><strong>et</strong></span> 
     </span>
     <span class='ocr_line' id='line_1_40' title="bbox 321 4544 3183 4634; baseline 0.001 -23"><span class='ocrx_word' id='word_1_406' title='bbox 321 4544 538 4611; x_wconf 86' lang='lat' dir='ltr'><strong>domui</strong></span> <span class='ocrx_word' id='word_1_407' title='bbox 584 4549 792 4610; x_wconf 88' lang='lat' dir='ltr'><strong>vestre</strong></span> <span class='ocrx_word' id='word_1_408' title='bbox 834 4546 1065 4630; x_wconf 90' lang='lat' dir='ltr'><strong>presit,</strong></span> <span class='ocrx_word' id='word_1_409' title='bbox 1124 4545 1406 4613; x_wconf 89' lang='lat' dir='ltr'><strong>habeatis</strong></span> <span class='ocrx_word' id='word_1_410' title='bbox 1462 4545 1808 4631; x_wconf 86' lang='lat' dir='ltr'><strong>plenariam</strong></span> <span class='ocrx_word' id='word_1_411' title='bbox 1863 4552 2241 4634; x_wconf 88' lang='lat' dir='ltr'><strong>potestatem</strong></span> <span class='ocrx_word' id='word_1_412' title='bbox 2288 4552 2353 4614; x_wconf 89' lang='lat' dir='ltr'><strong>et</strong></span> <span class='ocrx_word' id='word_1_413' title='bbox 2395 4546 2663 4613; x_wconf 83' lang='lat' dir='ltr'><strong>obeunte</strong></span> <span class='ocrx_word' id='word_1_414' title='bbox 2705 4544 2846 4631; x_wconf 87' lang='lat' dir='ltr'><strong>illo,</strong></span> <span class='ocrx_word' id='word_1_415' title='bbox 2906 4546 3015 4630; x_wconf 87' lang='lat' dir='ltr'><strong>qui</strong></span> <span class='ocrx_word' id='word_1_416' title='bbox 3068 4564 3183 4632; x_wconf 92' lang='lat' dir='ltr'><strong>pro</strong></span> 
     </span>
     <span class='ocr_line' id='line_1_41' title="bbox 321 4652 3184 4741; baseline 0 -23"><span class='ocrx_word' id='word_1_417' title='bbox 321 4657 610 4737; x_wconf 88' lang='lat' dir='ltr'><strong>tempore</strong></span> <span class='ocrx_word' id='word_1_418' title='bbox 655 4652 832 4719; x_wconf 91' lang='lat' dir='ltr'><strong>vobis</strong></span> <span class='ocrx_word' id='word_1_419' title='bbox 890 4657 955 4719; x_wconf 90' lang='lat' dir='ltr'><strong>et</strong></span> <span class='ocrx_word' id='word_1_420' title='bbox 1009 4653 1136 4740; x_wconf 89' lang='lat' dir='ltr'><strong>ipsi</strong></span> <span class='ocrx_word' id='word_1_421' title='bbox 1192 4653 1406 4720; x_wconf 89' lang='lat' dir='ltr'><strong>domui</strong></span> <span class='ocrx_word' id='word_1_422' title='bbox 1453 4659 1659 4721; x_wconf 88' lang='lat' dir='ltr'><strong>vestre</strong></span> <span class='ocrx_word' id='word_1_423' title='bbox 1712 4654 1980 4741; x_wconf 86' lang='lat' dir='ltr'><strong>preerit,</strong></span> <span class='ocrx_word' id='word_1_424' title='bbox 2039 4654 2247 4721; x_wconf 88' lang='lat' dir='ltr'><strong>nullus</strong></span> <span class='ocrx_word' id='word_1_425' title='bbox 2299 4654 2391 4721; x_wconf 91' lang='lat' dir='ltr'><strong>ibi</strong></span> <span class='ocrx_word' id='word_1_426' title='bbox 2436 4653 2714 4739; x_wconf 90' lang='lat' dir='ltr'><strong>qualibet</strong></span> <span class='ocrx_word' id='word_1_427' title='bbox 2770 4652 3184 4739; x_wconf 86' lang='lat' dir='ltr'><strong>surreptionis</strong></span> 
     </span>
     <span class='ocr_line' id='line_1_42' title="bbox 323 4758 3187 4849; baseline 0 -24"><span class='ocrx_word' id='word_1_428' title='bbox 323 4758 564 4825; x_wconf 89' lang='lat' dir='ltr'><strong>astutia</strong></span> <span class='ocrx_word' id='word_1_429' title='bbox 611 4778 720 4826; x_wconf 89' lang='lat' dir='ltr'><strong>seu</strong></span> <span class='ocrx_word' id='word_1_430' title='bbox 767 4758 1065 4828; x_wconf 88' lang='lat' dir='ltr'><strong>violentia</strong></span> <span class='ocrx_word' id='word_1_431' title='bbox 1119 4766 1536 4849; x_wconf 88' lang='lat' dir='ltr'><strong>preponatur,</strong></span> <span class='ocrx_word' id='word_1_432' title='bbox 1591 4762 1719 4828; x_wconf 91' lang='lat' dir='ltr'><strong>nisi</strong></span> <span class='ocrx_word' id='word_1_433' title='bbox 1765 4783 1949 4848; x_wconf 89' lang='lat' dir='ltr'><strong>quem</strong></span> <span class='ocrx_word' id='word_1_434' title='bbox 1993 4762 2220 4829; x_wconf 86' lang='lat' dir='ltr'><strong>fratres</strong></span> <span class='ocrx_word' id='word_1_435' title='bbox 2274 4762 2551 4828; x_wconf 90' lang='lat' dir='ltr'><strong>eiusdem</strong></span> <span class='ocrx_word' id='word_1_436' title='bbox 2607 4760 2731 4827; x_wconf 91' lang='lat' dir='ltr'><strong>loci</strong></span> <span class='ocrx_word' id='word_1_437' title='bbox 2776 4759 2877 4827; x_wconf 86' lang='lat' dir='ltr'><strong>vel</strong></span> <span class='ocrx_word' id='word_1_438' title='bbox 2918 4758 3187 4827; x_wconf 87' lang='lat' dir='ltr'><strong>fratrum</strong></span> 
     </span>
     <span class='ocr_line' id='line_1_43' title="bbox 321 4864 3187 4958; baseline 0 -25"><span class='ocrx_word' id='word_1_439' title='bbox 321 4864 530 4933; x_wconf 88' lang='lat' dir='ltr'><strong>maior</strong></span> <span class='ocrx_word' id='word_1_440' title='bbox 561 4871 625 4932; x_wconf 92' lang='lat' dir='ltr'><strong>et</strong></span> <span class='ocrx_word' id='word_1_441' title='bbox 655 4868 867 4935; x_wconf 88' lang='lat' dir='ltr'><strong>sanior</strong></span> <span class='ocrx_word' id='word_1_442' title='bbox 911 4890 1060 4955; x_wconf 89' lang='lat' dir='ltr'><strong>pars</strong></span> <span class='ocrx_word' id='word_1_443' title='bbox 1106 4870 1450 4937; x_wconf 82' lang='lat' dir='ltr'><strong>secundum</strong></span> <span class='ocrx_word' id='word_1_444' title='bbox 1495 4868 1680 4936; x_wconf 89' lang='lat' dir='ltr'><strong>deum</strong></span> <span class='ocrx_word' id='word_1_445' title='bbox 1724 4870 2076 4958; x_wconf 89' lang='lat' dir='ltr'><strong>providerit</strong></span> <span class='ocrx_word' id='word_1_446' title='bbox 2119 4867 2493 4955; x_wconf 81' lang='lat' dir='ltr'><strong>eligendum.</strong></span> <span class='ocrx_word' id='word_1_447' title='bbox 2558 4866 2971 4937; x_wconf 87' lang='lat' dir='ltr'><strong>Decernimus</strong></span> <span class='ocrx_word' id='word_1_448' title='bbox 3017 4886 3187 4952; x_wconf 81' lang='lat' dir='ltr'><strong>ergo,</strong></span> 
     </span>
     <span class='ocr_line' id='line_1_44' title="bbox 321 4976 3188 5065; baseline -0 -21"><span class='ocrx_word' id='word_1_449' title='bbox 321 4982 400 5045; x_wconf 89' lang='lat' dir='ltr'><strong>ut</strong></span> <span class='ocrx_word' id='word_1_450' title='bbox 441 4976 602 5045; x_wconf 87' lang='lat' dir='ltr'><strong>nulli</strong></span> <span class='ocrx_word' id='word_1_451' title='bbox 648 4982 902 5049; x_wconf 90' lang='lat' dir='ltr'><strong>omnino</strong></span> <span class='ocrx_word' id='word_1_452' title='bbox 949 4980 1276 5047; x_wconf 87' lang='lat' dir='ltr'><strong>hominum</strong></span> <span class='ocrx_word' id='word_1_453' title='bbox 1321 4977 1510 5045; x_wconf 86' lang='lat' dir='ltr'><strong>liceat</strong></span> <span class='ocrx_word' id='word_1_454' title='bbox 1551 4979 1868 5065; x_wconf 86' lang='lat' dir='ltr'><strong>prefatum</strong></span> <span class='ocrx_word' id='word_1_455' title='bbox 1896 4977 2211 5065; x_wconf 88' lang='lat' dir='ltr'><strong>hospitale</strong></span> <span class='ocrx_word' id='word_1_456' title='bbox 2236 4982 2474 5047; x_wconf 86' lang='lat' dir='ltr'><strong>temere</strong></span> <span class='ocrx_word' id='word_1_457' title='bbox 2500 4976 2872 5065; x_wconf 87' lang='lat' dir='ltr'><strong>perturbare</strong></span> <span class='ocrx_word' id='word_1_458' title='bbox 2917 4980 3027 5043; x_wconf 88' lang='lat' dir='ltr'><strong>aut</strong></span> <span class='ocrx_word' id='word_1_459' title='bbox 3054 4976 3188 5044; x_wconf 88' lang='lat' dir='ltr'><strong>eius</strong></span> 
     </span>
    </p>
   </div>
  </div>
 </body>
</html>
