3892 5609
753 272 846 345 37
854 274 902 345 4
1718 280 2139 330 Pon‘nmotm
2182 280 2625 330 Romontm

747 444 1173 531 possessiones
1242 448 1305 509 et
1371 441 1496 509 alia
1567 442 1732 509 bona
1795 440 2053 507 mobilia
2118 446 2182 508 et
2252 440 2609 523 inmobilia,
2676 440 2953 527 exceptis
3022 439 3411 524 feudalibus,
3478 460 3611 525 que

747 552 977 617 liberas
1031 569 1331 637 personas
1387 551 1652 616 fratrum
1713 548 1792 614 ad
1850 549 2131 615 ordinem
2180 553 2453 615 vestrum
2508 548 2727 615 mundi
2779 548 2999 615 relicta
3049 548 3331 615 vanitate
3388 548 3608 615 volan-

749 659 916 726 cium
991 662 1054 724 et
1126 656 1577 744 professionem
1650 655 2021 722 faciencium
2098 658 2166 721 in
2240 655 2489 738 eodem,
2564 655 2621 720 si
2692 656 3144 721 remansissent
3216 654 3287 721 in
3366 656 3607 737 seculo,

747 766 1000 832 racione
1063 764 1471 831 successionis
1536 764 1638 830 vel
1713 782 2101 849 quocumque
2174 762 2297 829 alio
2370 763 2535 829 iusto
2608 760 2791 828 titulo
2859 762 3297 847 contigissent,
3364 768 3607 849 petere,

749 874 1030 959 recipere
1105 892 1178 938 ac
1248 873 1519 939 retinere
1590 871 1785 938 libere
1859 870 2153 956 valeatis,
2230 870 2406 937 vobis
2480 869 2849 936 auctoritate
2922 870 3321 956 presencium
3392 870 3607 936 indul-

751 1000 988 1064 gemus.
1079 979 1254 1045 Nulli
1298 999 1442 1063 ergo
1489 979 1739 1045 omnino
1785 978 2106 1046 hominum
2152 978 2339 1045 liceat
2379 978 2543 1044 hanc
2583 976 2877 1063 paginam
2920 990 3133 1044 nostre
3178 978 3607 1043 concessionis

748 1086 1092 1169 infringere
1136 1086 1237 1152 vel
1280 1087 1337 1152 ei
1384 1106 1538 1152 ausu
1584 1087 1915 1153 temerario
1964 1087 2292 1153 contraire.
2364 1084 2433 1151 Si
2478 1084 2616 1169 quis
2660 1088 2870 1151 autem
2903 1083 3021 1151 hoc
3050 1090 3429 1171 attemptare
3460 1106 3607 1172 pre-

755 1194 1114 1280 sumpserit,
1161 1193 1664 1277 indignacionem
1711 1193 2157 1280 omnipotentis
2201 1193 2303 1260 dei
2347 1200 2411 1260 et
2456 1192 2778 1259 beatorum
2823 1191 2994 1258 Petri
3040 1197 3105 1258 et
3128 1190 3313 1258 Pauli
3350 1198 3605 1277 aposto-

752 1301 958 1368 lorum
1018 1300 1150 1367 eius
1207 1322 1274 1367 se
1329 1300 1573 1367 noverit
1626 1301 2041 1368 incursurum.
2134 1300 2369 1367 Datum
2422 1299 2617 1366 Asisii
2674 1320 2759 1365 xv
2812 1298 2940 1365 kal.
2983 1298 3141 1364 iunii
3197 1297 3602 1385 pontificatus

754 1408 956 1475 nostri
1001 1427 1164 1474 anno
1209 1408 1555 1474 undecimo.

965 1557 1087 1609 Sine
1135 1558 1278 1609 dato:
1326 1558 1390 1609 A.
1415 1557 1484 1607 20
1527 1574 1578 1608 n.
1605 1556 1673 1608 89
1718 1557 1896 1608 Latine
1944 1568 1999 1607 et
2042 1556 2339 1608 Germanice
2384 1572 2495 1607 cum
2538 1562 2682 1607 nota:
2724 1555 2811 1621 „In
2846 1554 3019 1621 Bysen
3062 1564 3117 1605 et
3150 1554 3445 1607 Alexander
3488 1554 3603 1605 huie

755 1646 914 1697 simile
949 1646 999 1696 in
1029 1646 1352 1697 confluentia.
1408 1646 1682 1712 Gregorius
1716 1646 1940 1697 eiusdem
1968 1647 2206 1697 tenoris“.
2248 1647 2313 1697 A.
2345 1645 2408 1696 16
2442 1662 2494 1712 p.
2519 1645 2588 1697 99
2618 1645 2864 1711 „Iuncis“.
2890 1674 2953 1684 -—
2993 1645 3113 1695 Cum
3140 1644 3286 1695 dato:
3324 1644 3416 1704 tv,
3440 1643 3599 1695 206v.

755 1752 806 1785 n.
830 1734 879 1786 6.
936 1735 1126 1785 Citatur
1153 1736 1362 1798 „Asissii
1397 1737 1522 1787 etc.“
1562 1734 1624 1787 R.
1657 1734 1753 1785 157
1791 1736 1920 1786 inter
1942 1734 2220 1785 Iuneensia.
2275 1733 2361 1785 Or.
2398 1734 2649 1800 quondam
2670 1733 2915 1784 Iuncense
2950 1750 3062 1783 cum
3096 1732 3235 1784 bulla
3268 1732 3324 1783 in
3353 1732 3451 1783 filis
3476 1732 3597 1783 seri-

757 1823 858 1875 ceis
893 1824 1054 1874 rubris
1091 1832 1143 1874 et
1177 1821 1324 1874 luteis
1361 1840 1587 1889 appensa
1621 1823 1672 1874 in
1710 1824 1907 1874 archivo
1943 1823 2131 1875 ordinis
2166 1822 2459 1875 Theutonici
2494 1822 2887 1875 Vindobonensi.

763 2150 936 2222 529.
982 2152 1186 2234 (Inter
1231 2152 1407 2219 1243
1459 2156 1626 2219 iunii
1665 2154 1756 2219 28
1801 2158 1860 2219 ei
1913 2155 2089 2221 1254
2133 2155 2335 2220 decbr.
2365 2154 2465 2237 7.)
2544 2153 2941 2220 Innocentius
2986 2151 3091 2218 IV
3130 2153 3351 2218 ordini
3400 2150 3595 2217 Theu-

978 2263 1184 2325 tonico
1241 2262 1546 2341 concedit,
1602 2274 1672 2327 ut
1725 2264 1792 2325 in
1843 2262 2165 2348 parochiis
2222 2262 2617 2327 ecclesiarum
2672 2284 2929 2327 suarum
2980 2260 3301 2327 novalium
3360 2280 3598 2345 quoque

977 2368 1248 2432 decimae
1291 2369 1662 2453 percipiant.

980 2498 1376 2566 Innocentius
1407 2500 1735 2586 episcopus
1767 2490 1983 2567 servus
2013 2520 2333 2567 servorum
2358 2501 2458 2568 dei
2488 2501 2730 2569 dilectis
2758 2498 2904 2566 filiis
2926 2506 3043 2566 etc.
3074 2498 3341 2565 salutem
3368 2504 3437 2565 et
3456 2518 3597 2585 apo·

759 2606 1046 2672 stolicam
1091 2606 1600 2674 benedictionem.
1779 2608 1934 2673 Cum
1978 2628 2017 2674 a
2054 2607 2235 2674 nobis
2272 2609 2529 2695 petitur,
2576 2608 2741 2693 quod
2771 2609 3005 2673 iustum
3034 2612 3130 2673 est
3160 2612 3224 2671 et
3248 2606 3599 2689 honestum,

759 2720 890 2779 tam
937 2714 1117 2796 vigor
1163 2714 1454 2798 equitatis
1502 2734 1688 2799 quam
1733 2715 1884 2781 ordo
1930 2715 2127 2798 exigit
2168 2716 2459 2799 racionis,
2504 2720 2576 2781 ut
2618 2715 2681 2780 id
2727 2735 2841 2801 per
2884 2714 3369 2780 sollicitudinem
3418 2712 3605 2779 officii

761 2821 962 2885 nostri
1017 2821 1097 2885 ad
1151 2820 1430 2887 debitum
1486 2821 1863 2907 perducatur
1918 2821 2225 2889 effectum.
2314 2822 2700 2909 Eapropter,
2766 2822 2978 2889 dilecti
3032 2823 3098 2887 in
3159 2821 3413 2888 domino
3468 2820 3605 2902 filii,

758 2927 987 2993 vestris
1054 2928 1238 2993 iustis
1303 2928 1836 3014 postulacionibus
1889 2935 2069 3013 grato
2128 2935 2564 2997 concurrentes
2618 2950 2911 3013 assensu,
2976 2929 3372 3015 presencium
3430 2927 3605 2994 vobis

763 3035 1134 3100 auctoritate
1179 3034 1592 3119 concedimus,
1637 3043 1710 3102 ut
1753 3038 1919 3103 infra
1960 3036 2323 3122 parrochias
2367 3036 2769 3103 ecclesiarum
2812 3041 3160 3103 vestrarum
3206 3056 3323 3122 pro
3352 3056 3431 3102 ca
3459 3056 3607 3122 por·

759 3142 951 3225 tione,
998 3161 1186 3226 quam
1230 3142 1462 3208 ibidem
1507 3142 1748 3209 habetis
1793 3150 1860 3209 et
1899 3144 2223 3230 percipitis
2266 3145 2535 3211 maiores
2580 3148 2645 3210 et
2686 3136 2949 3227 veteres,
2992 3142 3334 3209 novalium·
3360 3162 3607 3228 quoque

761 3248 1066 3332 decimas,
1113 3250 1190 3315 de
1237 3249 1460 3333 quibus
1507 3249 1733 3335 aliquis
1776 3249 2097 3317 hactenus.
2118 3270 2243 3317 non
2289 3252 2599 3338 percepit,
2645 3251 2779 3317 sine
2826 3250 3015 3317 alieni
3056 3250 3212 3316 iuris
3258 3249 3604 3335 preiudicio

760 3356 1083 3442 percipere
1126 3356 1407 3423 valeatis.
1475 3350 1646 3423 Nulli
1691 3376 1838 3440 ergo
1885 3358 2137 3424 omnino
2181 3358 2501 3424 hominum
2543 3358 2731 3425 liceat
2759 3359 2917 3424 hanc
2945 3360 3155 3423 nostre
3184 3357 3605 3423 concessionis

761 3463 1056 3548 paginam
1085 3463 1425 3547 infringere
1447 3464 1546 3530 vel
1579 3464 1634 3530 ei
1668 3484 1824 3530 ausu
1851 3466 2183 3531 temerario
2215 3465 2541 3533 contraire.
2591 3464 2823 3552 Siquis
2854 3471 3063 3531 autem
3086 3464 3203 3531 hoc
3224 3470 3603 3551 attemptare

762 3571 1236 3656 presumpserit,
1281 3571 1782 3655 indignacionem
1829 3573 2273 3659 omnipotentis
2317 3572 2419 3639 dei
2463 3578 2526 3639 et
2568 3571 2893 3640 beatorum
2922 3571 3093 3639 Petri
3137 3576 3201 3638 et
3226 3571 3411 3638 Pauli
3452 3592 3604 3658 apo-

763 3675 1066 3742 stolorum
1112 3677 1246 3743 eius
1292 3698 1360 3745 se
1403 3680 1650 3745 noverit
1690 3680 2103 3781 incursurum.
2172 3678 2406 3746 Datum
2454 3684 2569 3747 etc.

973 3816 1094 3868 Sine
1130 3817 1276 3870 dato:
1313 3818 1375 3869 R.
1405 3818 1504 3869 156
1541 3829 1594 3870 et
1629 3820 1690 3870 A.
1715 3820 1780 3870 16
1815 3838 1865 3886 p.
1891 3820 1960 3870 99
1996 3821 2255 3885 utrobique
2290 3821 2418 3871 inter
2446 3820 2723 3871 Iuncensia.

769 4108 942 4180 530.
985 4111 1192 4193 (Inter
1235 4113 1412 4178 1243
1469 4116 1636 4179 iunii
1675 4115 1765 4180 28
1819 4128 1876 4181 et
1927 4116 2105 4181 1254
2160 4116 2362 4181 decbr.
2404 4116 2502 4196 7.)
2603 4116 3001 4182 Innocentius
3046 4116 3156 4181 IV
3202 4112 3603 4195 (Deuotionis

985 4220 1208 4300 vestre)
1251 4226 1647 4307 praeceptori
1685 4236 1743 4288 et
1765 4222 2090 4306 fratribus
2119 4222 2177 4287 Ῐι.
2211 4246 2259 4287 e.
2294 4224 2386 4289 M.
2428 4223 2541 4289 Th.
2576 4227 2652 4290 de
2680 4224 3049 4310 Nurenbcry
3080 4224 3602 4311 Babinberyenoie

987 4330 1279 4393 dioecesis
1325 4330 1628 4410 concedit,
1675 4343 1773 4410 ut,
1823 4351 2015 4416 quum
2055 4330 2342 4413 qenerale
2385 4343 2587 4397 terrae
2610 4333 2821 4418 fuerit
2846 4333 3260 4411 interdictum,
3310 4332 3491 4397 liceat
3517 4335 3600 4396 eis

985 4435 1214 4501 clausis
1265 4438 1476 4501 ianuis
1519 4459 1646 4501 non
1687 4438 1956 4525 pulsatio
2001 4440 2325 4524 campanis
2370 4442 2911 4505 excommunicatis
2957 4440 3219 4505 exclusis
3262 4462 3408 4505 voce
3450 4462 3599 4526 eup-

985 4566 1206 4629 presea
1249 4546 1320 4607 in
1364 4544 1608 4630 capella
1643 4547 1919 4632 propria
1964 4546 2183 4609 divina
2230 4546 2438 4631 officia
2484 4546 2806 4613 celebrare.

972 4683 1036 4733 R.
1069 4681 1100 4733 ‘7
1156 4684 1284 4734 inter
1335 4683 1384 4735 N
1386 4684 1776 4751 orimbergensia
1828 4684 2089 4751 privilegia
2139 4701 2189 4735 n.
2224 4685 2284 4745 9,
2336 4686 2422 4736 ubi
2472 4686 2541 4737 33
2594 4694 2917 4749 memoratur,
2976 4684 3109 4751 quod
3162 4685 3385 4737 eiusdem
3436 4696 3597 4738 trans-

763 4779 976 4822 sumtum
1021 4789 1112 4837 per
1148 4772 1387 4824 Thomam
1435 4774 1540 4825 ord.
1577 4774 1750 4840 praed.
1788 4773 2119 4840 patriarcham
2164 4774 2625 4826 Ierusalemitanum
2670 4775 2976 4827 Acconensis
3020 4774 3264 4826 ecclesiae
3313 4775 3601 4837 ministrum,

763 4878 845 4925 ap.
883 4860 990 4911 sed.
1025 4858 1246 4926 legatum
1293 4863 1343 4912 in
1379 4864 1666 4929 praesentia
1699 4862 2069 4914 Bartholomaei
2104 4862 2168 4914 de
2205 4864 2369 4915 Firmo
2404 4864 2585 4915 notarii
2620 4864 2803 4929 publici
2838 4864 3023 4915 factum
3058 4865 3109 4914 in
3146 4864 3427 4931 Ellingensi
3462 4865 3602 4916 domo

765 4950 856 5005 sub
893 4967 944 5006 n.
973 4951 1036 5001 15
1073 4960 1372 5003 asservetur.
1426 4952 1546 5003 Siue
1584 4952 1734 5008 dubio
1769 4952 1864 5008 hoc
1900 4960 2009 5003 erat
2044 4952 2297 5017 generale.
2352 4952 2544 5007 Eadem
2580 4954 2832 5011 concessio
2869 4952 3099 5023 specialis
3129 4953 3193 5003 de
3224 4954 3361 5005 1249
3394 4955 3517 5005 iunii
3540 4953 3599 5005 17
