3892 5609
731 350 881 422 394
1702 360 2127 411 Pormncmr
2170 362 2613 415 somnontm

723 520 855 573 inter
885 520 1286 587 Mai-burgensis.
1339 520 1715 572 Transsumtmn
1749 519 1920 571 iudicii
1955 520 2253 588 episcopalis
2290 520 2541 588 Spirensis
2576 522 2629 575 d.
2654 522 2703 575 d.
2744 522 2882 575 1390
2914 522 3042 575 febr.
3064 522 3145 577 17.
3182 521 3335 589 spiro
3356 523 3411 573 in
3436 522 3581 575 domo

722 609 1034 662 'theutonica
1078 616 1216 660 extat
1259 609 1312 660 in
1358 609 1558 661 archivo
1593 608 1961 675 Regimontano
1972 647 1989 671 ‚
2034 610 2121 661 ubi
2156 612 2307 663 etism
2342 620 2732 679 transsumptum
2766 610 2995 665 officialis
3030 610 3415 678 Herbipolensis
3454 610 3504 663 d.
3530 611 3579 663 d.

729 698 864 750 1418
889 698 1057 750 decbr.
1078 698 1140 759 25
1176 697 1284 749 Ich.
1309 698 1394 749 38.
1441 697 1573 749 Edd.
1601 698 1866 749 Caorsinus
1902 698 1988 750 fol.
2016 698 2069 750 C.
2094 699 2185 751 4v.
2212 710 2265 751 et
2293 700 2488 753 Senner
2520 703 2583 753 E.
2601 702 2711 753 5.v.
2766 701 2879 752 Duo
2903 708 3207 753 transsumta
3236 698 3375 751 1258
3410 716 3531 765 aug.
3548 699 3581 749 8

721 787 825 839 ind.
850 788 875 839 I
911 788 976 839 de
1011 787 1249 839 mandato
1285 796 1338 838 et
1371 786 1667 838 auctoritate
1701 786 1940 838 Iohannis
1974 786 2207 839 Patavini
2243 797 2296 839 et
2328 790 2391 841 fr.
2424 790 2795 842 Bartholomaei
2818 789 3071 841 Vicentini
3106 790 3459 855 episcoporum
3492 805 3581 854 per

723 876 1046 928 Aicsrdinum
1079 876 1235 927 filium
1271 875 1522 942 quondam
1558 874 1744 926 Oliveri
1779 874 1843 925 de
1879 874 2110 939 Boceka,
2159 879 2288 928 sacri
2330 878 2507 945 palatii
2540 880 2813 941 notarium,
2861 886 2916 929 et
2952 877 3235 931 conradum
3246 914 3263 939 ,
3308 876 3581 943 imperalis

723 964 869 1017 aulae
891 966 1156 1026 notarium,
1179 963 1232 1015 in
1257 964 1458 1015 archivo
1482 963 1668 1015 ordinis
1692 963 1988 1015 'l'heutonici
2012 963 2406 1019 Vindobonensi.
2531 967 2577 1019 1.
2602 977 2661 1018 ut
2684 968 2741 1019 Τ.
2766 966 2919 1029 1390,
2941 967 3001 1019 Τ.
3024 966 3161 1018 1418
3185 966 3401 1029 Senner,
3424 982 3494 1017 ne
3514 964 3580 1015 11.

724 1053 775 1107 2.
811 1063 864 1106 et
897 1053 962 1106 11.
1113 1053 1164 1104 3.
1201 1052 1349 1104 alicui
1384 1052 1528 1103 deest
1559 1050 1628 1103 Π.
1777 1052 1826 1103 4.
1865 1052 2176 1105 decernimus
2213 1055 2271 1107 Τ.
2294 1055 2447 1119 1390,
2482 1056 2541 1108 Τ.
2565 1056 2720 1119 1415,
2756 1056 3064 1107 decrevimus
3087 1054 3153 1105 11.

730 1312 905 1383 575.
948 1314 1129 1380 1257
1171 1312 1386 1377 novbr.
1420 1311 1508 1378 17
1562 1311 1838 1378 Vim-bii.
1902 1312 2266 1379 Ale-eander
2305 1314 2416 1381 IV
2457 1317 2680 1403 repetit
2736 1314 3019 1381 Hom-ii
3054 1312 3182 1380 III
3226 1337 3291 1378 n.
3324 1312 3464 1379 338
3506 1314 3583 1378 de

943 1420 1117 1488 1221
1164 1421 1453 1485 ianuarii
1491 1418 1600 1485 20.

948 1559 1308 1628 Alexander
1353 1564 1468 1627 ete.
1692 1558 1926 1627 Dileeti
1969 1556 2085 1628 filii
2130 1611 2146 1629 .
2175 1610 2192 1628 .
2239 1562 2541 1647 magister
2584 1568 2647 1629 et
2688 1561 2917 1629 fratres
2958 1560 3292 1648 hospitalis
3338 1566 3459 1629 etc.
3490 1561 3585 1627 ita

727 1666 1086 1756 spiritualia
1114 1708 1197 1717 —
1233 1668 1498 1733 vicarios
1545 1666 1700 1733 alios
1731 1672 1953 1735 contra
1979 1669 2249 1737 formam
2277 1670 2670 1737 inhibitionis
2700 1668 2935 1738 dudum
2966 1690 3007 1735 a
3032 1668 3582 1756 predecessoribus

723 1775 955 1843 nostris
983 1776 1148 1841 facte
1189 1775 1518 1841 instituere
1561 1756 1688 1840 non
1717 1780 2087 1862 presumant
2116 1812 2197 1823 —
2233 1798 2347 1863 per
2373 1776 2574 1864 ipsius
2604 1774 2889 1844 beneficii
2918 1773 3438 1843 subtractionem¹
3470 1794 3585 1861 ap-

724 1882 1062 1972 pellatione
1107 1887 1350 1948 remota
1393 1882 1631 1963 cogatis
1677 1880 1866 1947 nullis
1909 1882 2142 1949 litteris
2188 1883 2581 1951 obstantibus
2622 1884 2875 1951 veritati
2920 1889 2987 1950 et
3026 1884 3275 1950 iusticie
3302 1881 3583 1969 preiudi-

723 1990 1008 2057 cantibus
1054 2010 1093 2055 a
1137 1988 1284 2055 sede
1331 1988 1673 2073 apostolica
1715 1990 2089 2076 impetratis,
2173 1988 2410 2058 Datum
2458 1991 2723 2058 Viterbii
2751 2012 2839 2059 xv
2882 1990 3187 2057 kalendas
3230 1988 3583 2057 decembris

721 2094 1120 2185 pontificatus
1165 2096 1368 2162 nostri
1411 2114 1575 2161 anno
1621 2095 1834 2162 tercio.

933 2228 1001 2290 11,
1029 2228 1130 2280 117
1143 2244 1190 2279 ν.
1223 2244 1275 2279 ιι.
1301 2226 1387 2279 72.
1571 2228 1616 2281 1.
1652 2244 1746 2295 pro
1780 2228 1937 2295 ipsius
1974 2228 2205 2281 beneficii
2240 2228 2581 2282 subtractione
2614 2228 2681 2283 IL
2790 2202 2805 2215 ο

731 2433 905 2506 576.
945 2434 1128 2502 1257
1172 2436 1374 2501 decbr.
1405 2434 1451 2501 7
1504 2433 1779 2501 Viterbii.
1846 2434 2208 2502 Alexander
2236 2436 2347 2504 IV
2380 2438 2603 2525 repetit
2640 2460 2706 2501 n.
2738 2435 2875 2504 571
2923 2436 3002 2502 de
3028 2435 3214 2503 1257
3254 2434 3481 2523 σφῶν.
3514 2434 3579 2500 7.

945 2568 1306 2635 Alexander
1352 2572 1468 2635 etc.
1684 2566 1840 2635 Cum
1889 2566 2101 2634 dilecti
2147 2573 2265 2635 etc.
2332 2568 2568 2637 Datum
2612 2568 2881 2637 Viterbii
2908 2569 2999 2637 vii
3040 2568 3183 2636 idus
3228 2566 3579 2635 decembris

723 2674 1123 2763 pontificatus
1168 2675 1370 2743 nostri
1414 2694 1578 2742 anno
1607 2674 1698 2741 iii.
2654 2674 2669 2686 ‘

731 2896 824 2969 57
838 2897 906 2968 7.
947 2900 1124 2967 1258
1149 2900 1480 2987 februarii
1506 2901 1549 2967 9
1591 2899 1871 2967 Viterbii.
1936 2897 2301 2963 Alexander
2329 2897 2441 2964 IV
2474 2902 2755 2966 coneedit
2797 2901 3016 2965 ordini
3060 2896 3467 2979 Πευιοπίοο,
3511 2909 3583 2964 stt

945 3020 1154 3074 castra
1211 3031 1328 3073 sua
1386 3008 1614 3093 ubique
1656 3029 1785 3072 non
1831 3006 2032 3072 solum
2076 3018 2293 3071 contra
2326 3030 2620 3095 paqanos
2664 3028 2878 3073 vemm
2922 3008 3109 3073 etiam
3151 3018 3374 3073 contra
3416 3004 3581 3071 alios

947 3115 1200 3202 auferre
1240 3115 1556 3181 molientes
1602 3114 1930 3201 defendere
1975 3116 2035 3179 ei
2070 3115 2289 3200 possit.

945 3248 1310 3317 Alexander
1340 3254 1455 3315 etc.
1489 3247 1732 3317 dilectis
1759 3245 1906 3313 filiis
1937 3295 1955 3314 .
1973 3295 1989 3313 .
2021 3246 2323 3330 magistro
2354 3250 2418 3312 et
2443 3246 2745 3315 fratribus
2774 3244 3105 3333 hospitalis
3134 3249 3354 3313 sancte
3378 3242 3581 3312 Maris

727 3356 1251 3424 Theutonicorum
1281 3354 1761 3423 Ierosolimitani
1791 3353 2059 3421 salutem
2091 3359 2155 3420 et
2183 3354 2593 3441 apostolicam
2623 3353 3139 3422 benedictionem.
3314 3350 3579 3419 Favoris

725 3464 925 3531 nostri
969 3464 1302 3551 provenire
1345 3464 1526 3531 decet
1569 3462 1824 3546 auxilio,
1872 3466 1963 3545 ut,
2010 3481 2131 3547 que
2174 3460 2361 3545 digne
2405 3480 2515 3527 seu
2559 3464 2723 3529 iuste
2766 3462 2999 3549 cupitis
3014 3510 3035 3545 ‚
3081 3460 3279 3528 libere
3322 3479 3399 3527 ac
3442 3460 3579 3526 sine

729 3570 1150 3658 trepidatione
1207 3570 1420 3657 aliqua
1475 3570 1776 3657 perficere
1823 3569 2099 3636 valeatis.
2182 3568 2349 3635 Sane
2402 3569 2779 3636 munitiones
2825 3574 2889 3636 et
2930 3574 3141 3637 castra
3182 3566 3453 3653 quedam
3498 3565 3579 3633 sd

727 3676 1026 3745 honorem
1077 3678 1177 3745 dei
1209 3684 1274 3745 et
1301 3683 1516 3745 sancte
1549 3678 1829 3747 Romane
1860 3676 2140 3760 ecclesie,
2188 3676 2349 3741 sicut
2377 3675 2752 3762 accepimuS,
2782 3678 3009 3744 tenetis
3038 3677 3106 3742 in
3135 3673 3579 3743 transmarinis

730 3790 794 3852 et
827 3784 1181 3852 cismarinis
1214 3785 1523 3871 partibus,
1555 3805 1675 3870 que
1705 3804 1833 3851 non
1864 3783 2065 3850 solum
2096 3782 2329 3870 pagani
2360 3784 2471 3850 sed
2500 3784 2688 3850 etiam
2722 3784 2831 3851 alii
2862 3782 3265 3871 quamplures
3292 3782 3579 3848 homines

725 3892 982 3980 reprobi
1025 3897 1090 3959 et
1132 3893 1414 3979 perversi
1459 3892 1705 3959 auferre
1747 3891 1925 3959 vobis
1972 3911 2087 3978 per
2115 3890 2477 3957 violentiam
2522 3890 2884 3959 moliuntur.
2954 3890 3115 3971 Quia
3142 3910 3291 3957 vero
3337 3889 3419 3956 de
3446 3908 3577 3955 am-

727 4000 1026 4067 missione
1071 4000 1489 4066 munitionum
1537 4004 1601 4066 et
1644 4004 1991 4065 castrorum
2035 3998 2318 4085 ipsorum
2351 3998 2526 4065 vobis
2557 4004 2620 4065 et
2646 4000 2896 4083 negotio
2925 3998 3092 4083 fidei,
3126 3998 3295 4083 quod
3322 4018 3439 4084 per
3468 4016 3577 4063 vos

725 4107 794 4174 in
839 4114 1010 4175 terra
1054 4113 1273 4174 sancta
1315 4126 1556 4174 necnon
1600 4107 1669 4172 in
1698 4106 1967 4173 Livonia
2009 4110 2073 4173 et
2100 4104 2361 4172 Pruscia
2402 4126 2515 4173 seu
2561 4106 3053 4191 quibuscumque
3096 4104 3239 4171 aliis
3278 4104 3435 4171 locis
3466 4124 3580 4193 per

607 4284 611 4288 ,
727 4214 829 4282 dei
873 4216 1142 4298 gratiam
1188 4213 1427 4282 utiliter
1459 4219 1522 4281 et
1565 4218 1853 4301 potenter
1899 4215 2127 4299 agitur,
2172 4234 2363 4297 grave
2393 4214 2787 4299 dispendium
2820 4214 3199 4298 immineret,
3240 4231 3359 4280 nos
3390 4214 3577 4281 devo-

727 4322 918 4389 tionis
964 4326 1170 4389 vestre
1214 4322 1504 4407 precibus
1548 4322 1854 4406 inclinati,
1899 4328 1973 4389 ut
2016 4322 2396 4389 munitiones
2443 4326 2507 4386 et
2537 4327 2746 4388 castra
2775 4320 3059 4408 predicta
3086 4320 3422 4388 defendere
3448 4321 3577 4386 vim

727 4431 792 4497 vi
835 4428 1193 4515 repellendo
1239 4448 1382 4495 cum
1427 4428 1746 4516 inculpate
1789 4429 1983 4497 tutele
2027 4428 2454 4497 moderamine
2484 4427 2769 4513 valeatis,
2807 4427 2983 4495 vobis
3030 4428 3402 4495 auctoritate
3436 4448 3577 4515 pre-

727 4538 997 4604 sentium
1041 4536 1438 4603 concedimus
1479 4536 1862 4603 facultatem.
1921 4536 2096 4605 Nulli
2126 4558 2272 4621 ergo
2306 4541 2420 4604 etc.
2464 4542 2677 4602 nostre
2708 4535 3127 4602 concessionis
3158 4541 3275 4603 etc.
3336 4534 3406 4603 Si
3436 4536 3575 4623 quis

728 4650 938 4712 autem
984 4650 1099 4711 etc.
1169 4643 1407 4712 Datum
1450 4642 1718 4710 Viterbii
1764 4664 1802 4709 v
1847 4644 1932 4710 id.
1978 4644 2133 4711 febr.
2180 4640 2581 4732 pontificatus
2625 4643 2827 4711 nostri
2872 4662 3035 4709 anno
3080 4648 3325 4729 quarto.

938 4777 1059 4829 Sine
1096 4776 1240 4828 dato:
1284 4776 1360 4838 11,
1389 4776 1491 4828 119
1524 4793 1576 4828 n.
1599 4775 1693 4838 7⁷3
1739 4774 1890 4828 A.20
1923 4776 2064 4828 msc
2098 4776 2277 4827 Latine
2320 4785 2375 4827 et
2408 4776 2707 4828 Germanice
2752 4792 2865 4827 cum
2898 4784 3046 4829 notat
3091 4776 3153 4827 In
3190 4776 3413 4829 Colonia.
3470 4776 3575 4829 Sub

725 4866 854 4919 falso
891 4884 1022 4918 anno
1063 4865 1198 4917 1256
1243 4865 1424 4917 citatur
1467 4866 1521 4917 in
1569 4864 1916 4932 designatione
1960 4864 2285 4917 Mitcwiensis
2330 4865 2516 4917 archivi
2556 4865 2686 4916 1621
2724 4864 2977 4917 Holmiam
3022 4864 3179 4918 delati
3222 4882 3311 4933 ap.
3344 4866 3575 4918 Scbirren

728 4973 778 5023 p.
800 4956 894 5007 131
935 4972 986 5007 ιι.
1010 4954 1126 5006 118.
1153 4984 1216 4993 -
1255 4954 1380 5007 Cum
1403 4954 1546 5006 dato:
1569 4972 1634 5005 ex
1657 4954 1888 5021 originali
1909 4954 2101 5006 bullato
2128 4956 2181 5005 in
2206 4955 2406 5007 archivo
2427 4954 2797 5021 Regimontano
2818 4954 2939 5007 odd.
2955 4955 3111 5021 Voigt
3134 4956 3259 5007 eod.
3278 4956 3399 5023 dipl.
3418 4954 3573 5007 Prus-

729 5044 835 5097 sise
868 5044 913 5108 1,
941 5044 1035 5097 111
1076 5061 1128 5097 ιι.
1151 5042 1268 5097 113.
1319 5044 1448 5097 Livi.
1471 5042 1536 5097 U.
1561 5043 1622 5096 Β.
1643 5044 1688 5107 1,
1711 5042 1816 5097 407
1851 5062 1904 5095 n.
1925 5043 2062 5106 3193
2095 5039 2163 5097 ex'
2193 5044 2423 5111 originali
2456 5042 2617 5095 musei
2650 5042 3000 5111 antiquitatum
3022 5042 3329 5103 Holmiensis
3360 5044 3447 5097 ed.
3468 5042 3571 5096 Lil-
