3892 5609
1372 281 1795 330 annuam.
1867 281 2183 330 souma
3063 271 3208 344 183

330 439 573 523 ciatas,
634 461 761 506 non
807 438 1183 507 cancellatas
1238 459 1355 507 nec
1412 440 1479 506 in
1526 437 1737 525 aliqua
1782 440 1881 506 sui
1926 445 2109 526 parte
2153 444 2509 525 suspectae,
2567 441 2677 506 sed
2734 461 2994 526 prorsus
3042 443 3213 507 omni

332 545 508 612 vicio
557 551 621 612 et
664 546 1023 632 suspicione
1052 552 1337 613 carentes
1368 565 1581 613 coram
1610 547 1793 614 nobis
1824 546 2110 613 exhibuit
2153 553 2218 613 et
2260 546 2580 633 produxit,
2624 552 2846 633 petens
2892 547 3216 614 humiliter
3263 611 3268 622 ,

338 656 409 718 et
452 652 766 719 instanter
813 673 852 719 a
892 652 1108 736 nobie,
1167 657 1239 719 ut
1288 651 1649 720 huiusmodi
1706 652 1950 720 litteras
2007 651 2418 739 apostolicas,
2480 651 2813 739 privilegia
2863 658 2928 718 et
2969 653 3215 720 indulta

334 759 689 824 transsumi
733 764 799 826 et
842 758 1189 846 exemplari
1246 779 1319 827 ac
1370 761 1439 826 in
1482 763 1986 845 transsumptum
2031 764 2098 825 et
2141 759 2464 846 exemplar
2507 757 2828 844 publicum
2874 778 2953 824 ex
2997 765 3213 826 aucto-

334 865 603 932 toritate
632 864 973 950 legacionis
1002 870 1219 933 nostre
1246 867 1341 932 ita
1368 866 1681 950 videlicet,
1728 866 1897 952 quod
1924 864 2190 932 ubilibet
2217 871 2353 932 tam
2395 866 2462 932 in
2503 866 2754 932 iudiciis
2799 886 2988 951 quam
3033 870 3215 932 extra

340 970 531 1038 dictis
577 973 1025 1061 transsumptis
1084 979 1148 1040 et
1204 972 1509 1058 exemplis
1564 971 1835 1059 publicis
1880 975 2158 1038 staretur
2201 989 2276 1038 ac
2318 971 2508 1057 plena
2552 977 2616 1039 et
2658 972 3014 1038 indubitata
3058 971 3213 1039 fides

341 1077 766 1164 adhiberetur,
815 1079 977 1146 sicut
1006 1077 1191 1146 dictis
1224 1079 1455 1145 litteris
1487 1077 1919 1162 originalibus,
1967 1078 2023 1143 si
2053 1078 2123 1144 in
2150 1077 2430 1144 medium
2476 1079 2988 1166 producerentur,
3033 1099 3214 1145 man-

340 1185 499 1252 dare
544 1185 964 1269 dignaremur.
1039 1184 1171 1252 Nos
1217 1205 1365 1252 vero
1412 1185 1690 1252 Iulianus
1736 1183 2074 1251 cardinalis
2132 1188 2198 1250 et
2239 1183 2482 1268 legatus
2527 1185 2810 1270 prefatus
2855 1184 3214 1251 huiusmodi
3319 1233 3326 1238 -

342 1291 645 1379 peticioni
675 1297 999 1378 tamquam
1027 1293 1267 1359 racioni
1296 1310 1568 1358 consone
1597 1290 2028 1358 favorabiliter
2058 1295 2406 1358 annuentes
2438 1291 2842 1377 volentesque
2885 1291 2954 1356 in
2996 1291 3214 1357 huius-

338 1398 519 1464 modi
561 1398 819 1482 negocio
863 1399 985 1465 rite
1031 1403 1097 1466 et
1137 1397 1447 1482 legittime
1490 1398 1830 1484 procedere
1861 1398 2168 1483 quasdam
2198 1397 2445 1464 litteras
2490 1398 2814 1464 citatorias
2860 1403 3012 1464 tunc
3057 1398 3214 1464 emi-

340 1505 545 1571 simus
590 1509 655 1570 et
694 1503 1167 1572 fulminavimus
1213 1510 1278 1572 et
1318 1504 1463 1572 illas
1492 1524 1607 1590 per
1639 1504 2032 1571 audienciam
2062 1503 2381 1591 publicam
2407 1504 2765 1572 litterarum
2797 1504 3214 1570 contradicta-

338 1631 487 1677 rum
532 1615 928 1678 sacrosancte
972 1610 1283 1694 generalis
1328 1609 1698 1678 Basiliensis
1743 1611 1971 1696 synodi
2014 1611 2168 1695 legi,
2217 1611 2445 1697 exequi
2491 1615 2554 1678 et
2597 1610 2908 1698 publicari
2953 1611 3214 1677 manda-

342 1717 585 1801 vimus,
642 1737 756 1804 per
801 1737 959 1803 quas
1004 1717 1187 1784 citari
1232 1718 1493 1784 fecimus
1541 1720 1605 1783 et
1648 1717 1982 1784 citavimus
2029 1737 2245 1785 omnes
2304 1722 2369 1784 et
2424 1716 2703 1802 singulos
2749 1736 2866 1784 sua
2909 1717 3214 1785 interesse

338 1829 645 1911 putantes
690 1843 1029 1909 eorumque
1084 1829 1553 1911 procuratores,
1613 1825 1667 1891 si
1713 1824 1823 1910 qui
1865 1829 2017 1890 tunc
2063 1829 2273 1891 essent
2315 1811 2383 1891 in
2429 1823 2599 1892 dicta
2642 1825 2883 1910 synodo
2929 1844 3048 1911 pro
3093 1824 3214 1891 eis-

340 1930 513 2015 dem,
559 1933 867 2017 quatenus
897 1936 1065 1998 certo
1113 1933 1537 2018 peremptorio
1568 1931 1837 1998 termino
1869 1931 2252 2017 competenti
2295 1931 2364 1996 in
2401 1930 2586 1996 dictis
2631 1930 2939 1997 citatoriis
2982 1931 3215 1998 litteris

342 2056 648 2123 expresso
694 2043 1130 2124 comparerent
1173 2057 1384 2105 coram
1431 2039 1613 2106 nobis
1670 2038 1738 2103 in
1796 2037 2030 2103 iudicio
2089 2041 2154 2102 et
2206 2036 2586 2105 iudicialiter
2629 2038 2710 2104 ad
2753 2036 3094 2104 videndum
3151 2043 3217 2105 et

341 2143 727 2210 audiendum
770 2142 1087 2229 predictas
1130 2144 1377 2212 litteras
1422 2144 1821 2233 apostolicas,
1866 2143 2205 2230 privilegia
2247 2150 2313 2210 et
2354 2143 2599 2211 indulta
2643 2163 2787 2211 cum
2821 2144 3058 2211 decreti
3101 2163 3215 2210 no-

340 2251 467 2316 stri
507 2249 993 2337 interposicione
1036 2252 1382 2318 transsumi
1427 2255 1493 2318 et
1536 2251 1882 2337 exemplari
1927 2251 2229 2317 mandare
2287 2250 2367 2316 ad
2420 2255 2791 2337 perpetuam
2835 2251 2931 2317 rei
2973 2270 3210 2317 memo-

338 2357 507 2424 riam
539 2357 641 2424 vel
684 2356 765 2422 ad
798 2356 1131 2423 dicendum
1161 2376 1439 2441 causam,
1486 2358 1541 2423 si
1575 2378 1763 2442 quam
1809 2358 2116 2425 haberent
2146 2356 2615 2441 racionabilem,
2663 2377 2856 2443 quare
2898 2356 3211 2442 premissa

340 2463 607 2530 minime
658 2460 797 2530 fieri
842 2462 1171 2548 deberent,
1230 2463 1627 2548 allegandum
1672 2470 1738 2530 et
1782 2465 2268 2546 ostendendum3
2307 2463 2634 2549 alioquin,
2689 2469 2880 2550 prout
2930 2463 3088 2529 iuris
3146 2469 3210 2530 et

339 2572 598 2638 iustum-
626 2570 819 2654 foret,
878 2570 1047 2637 circa
1099 2571 1385 2657 predicta
1438 2570 1920 2657 procederemus
1967 2572 2280 2639 dictorum
2325 2570 2656 2637 citatorum
2702 2569 3096 2637 contumacia
3137 2569 3207 2635 in

342 2677 557 2762 aliquo
601 2697 729 2744 non
776 2677 1083 2745 obstante.
1155 2677 1436 2762 Cumque
1480 2679 1549 2743 in
1592 2676 1954 2744 huiusmodi
1982 2677 2306 2744 citacionis
2341 2677 2610 2744 termino
2658 2697 2786 2743 non
2816 2680 3210 2762 compareret

343 2783 679 2869 quisquam
722 2804 839 2870 pro
884 2789 1066 2870 parte
1112 2784 1422 2851 dictorum
1468 2785 1803 2851 citatorum
1818 2834 1837 2868 ,
1892 2785 2002 2868 qui
2046 2802 2298 2850 causam
2345 2783 2620 2869 aliquam
2633 2831 2652 2867 ,
2710 2787 2970 2868 propter
3015 2801 3206 2867 quam

342 2889 705 2957 huiusmodi
731 2890 943 2958 littere
972 2890 1312 2978 apostolice
1341 2890 1694 2976 privilegia,
1726 2891 2139 2975 munimenta,
2171 2891 2602 2957 concessiones
2635 2894 2698 2957 et
2725 2888 2972 2955 indulta
3000 2892 3207 2955 trans-

346 2997 517 3062 sumi
560 3003 626 3064 et
667 2997 1017 3085 exemplari
1061 3017 1187 3064 non
1232 2997 1564 3081 debebant,
1612 2996 1978 3082 allegarent,
2023 3017 2139 3064 nos
2169 2995 2446 3064 Iulianus
2491 2996 2828 3063 cardinalis
2864 3000 2931 3062 et
2960 2995 3208 3080 legatus

306 3170 314 3180 ,
345 3103 631 3190 prefatus
686 3108 836 3170 tunc
891 3105 973 3170 ad
1022 3106 1165 3171 iura
1206 3103 1595 3170 reddendum
1642 3103 1708 3170 in
1756 3105 1939 3171 domo
1985 3103 2398 3171 habitacionis
2442 3109 2657 3170 nostre
2703 3107 2768 3170 et
2808 3103 2944 3170 loco
2989 3106 3207 3168 nostro

346 3209 535 3277 solito
580 3213 643 3276 et
684 3217 979 3278 consueto
1026 3231 1141 3297 pro
1172 3209 1474 3276 tribunali
1504 3209 1793 3276 sedentes
1840 3215 1904 3276 et
1934 3210 2166 3297 prefati
2194 3211 2412 3277 fratris
2441 3208 2735 3277 Iohannis
2779 3210 3206 3296 procuratoris

346 3337 561 3384 coram
604 3317 786 3384 nobis
832 3317 997 3383 dicto
1043 3315 1295 3382 nomine
1346 3315 1411 3380 in
1460 3315 1691 3380 iudicio
1738 3316 2160 3400 comparentis
2219 3322 2284 3383 et
2337 3317 2538 3383 dictas
2592 3315 2839 3380 litteras
2883 3316 3207 3382 citatorias

344 3425 416 3490 in
473 3423 799 3491 audiencia
854 3421 1109 3510 publica
1161 3423 1521 3490 litterarum
1564 3420 2096 3488 contradictarum
2143 3423 2307 3489 dicte
2352 3440 2529 3488 sacre
2573 3421 2830 3506 synodi,
2887 3424 2959 3487 ut
3011 3423 3207 3488 moris

348 3535 479 3615 est,
536 3535 829 3598 executas
882 3509 1356 3616 reproducentis
1408 3528 1786 3594 instanciam
1840 3529 1908 3594 in
1967 3529 2302 3596 eorundem
2353 3529 2690 3595 citatorum
2746 3529 3208 3595 contumaciam

345 3637 523 3724 ipsas
565 3637 809 3703 litteras
856 3636 937 3702 ad
981 3657 1095 3702 nos
1129 3637 1481 3723 recepimus
1512 3633 1846 3718 diligenter
1892 3641 1957 3701 et
1999 3635 2410 3721 inspeximus,
2457 3633 2731 3700 vidimus
2778 3639 2844 3700 et
2886 3635 3208 3702 examina-

347 3744 575 3810 vimus.
642 3742 729 3808 Et
772 3743 921 3828 quia
962 3742 1134 3829 ipsas
1178 3742 1423 3809 litteras
1470 3740 1844 3828 apostolicas
1888 3740 2222 3827 privilegia
2266 3745 2332 3808 et
2371 3739 2617 3806 indulta
2660 3745 2806 3826 post
2843 3740 3208 3824 diligentem

347 3849 656 3916 visionem
700 3849 930 3933 salvas,
976 3867 1163 3916 sanas
1210 3855 1274 3916 et
1316 3850 1616 3932 integras,
1661 3867 1787 3914 non
1818 3847 2103 3931 viciatas,
2148 3867 2276 3914 non
2305 3845 2680 3915 cancellatas
2726 3867 2842 3914 nec
2885 3848 2954 3913 in
2997 3847 3211 3932 aliqua

350 3958 451 4024 sui
494 3960 677 4042 parte
722 3959 1066 4042 suspectas,
1114 3955 1227 4023 sed
1270 3955 1445 4020 omni
1489 3973 1747 4041 prorsus
1776 3955 1939 4021 vicio
1977 3959 2042 4020 et
2070 3954 2427 4040 suspicione
2456 3959 2741 4021 carentes
2787 3953 3208 4039 comperimus

349 4067 417 4129 et
456 4062 832 4146 invenimus,
877 4062 1109 4128 idcirco
1153 4063 1327 4148 ipsas
1371 4061 1619 4127 litteras
1654 4061 2056 4146 apostolicas,
2101 4061 2452 4148 privilegia,
2500 4061 2908 4143 munimenta,
2955 4079 3207 4127 conces-

350 4169 561 4236 siones
620 4174 684 4236 et
739 4167 985 4235 indulta
1038 4188 1152 4255 per
1197 4168 1499 4234 discretos
1546 4167 1715 4233 viros
1760 4165 2272 4235 Bartholomeum
2329 4167 2645 4254 imperiali
2703 4172 2767 4234 et
2805 4165 3209 4233 Wilhelmum

351 4275 697 4362 apostolica
741 4280 806 4341 et
846 4273 1163 4361 imperiali
1207 4273 1685 4342 auctoritatibus
1718 4274 1998 4340 notarios
2043 4279 2293 4341 nostros
2337 4273 2773 4360 infrascriptos
2819 4274 3208 4358 transscribi,

350 4381 661 4468 publicari
706 4400 780 4448 ac
822 4380 891 4446 in
932 4382 1201 4447 formam
1245 4380 1562 4468 publicam
1617 4386 1682 4446 et
1724 4381 2046 4467 exemplar
2091 4381 2294 4466 redigi
2339 4381 2726 4448 decrevimus
2777 4385 2842 4446 et
2884 4381 3211 4447 mandavi-

349 4507 512 4556 mus.
582 4487 786 4554 Tenor
830 4507 979 4554 vero
1026 4488 1311 4554 mandati
1353 4486 1643 4573 predicti,
1691 4486 1769 4554 de
1817 4506 1937 4572 quo
1983 4507 2196 4574 supra,
2244 4487 2527 4574 sequitur
2572 4492 2637 4556 et
2680 4491 2777 4554 est
2819 4487 3000 4554 talis:

668 4593 744 4660 In
786 4595 1039 4660 nomine
1084 4593 1323 4660 domini
1369 4613 1571 4661 amen.
1648 4593 1779 4660 Nos
1824 4595 2019 4661 frater
2061 4594 2466 4664 Eberhardus
2513 4595 2592 4662 de
2637 4593 3046 4681 Sawnsheym
3092 4599 3206 4660 etc.

671 4701 749 4768 de
798 4702 970 4766 1424
1017 4720 1157 4783 aug.
1194 4700 1275 4764 12
1324 4701 1544 4787 (supra
1586 4721 1649 4766 n.
1688 4701 1860 4782 193).

350 4809 627 4876 Tenores
657 4827 803 4875 vero
850 4806 1239 4894 prefatarum
1268 4806 1595 4874 literarum
1629 4806 2113 4894 apostolicarum
2160 4813 2226 4874 et
2267 4809 2472 4894 primo
2516 4807 2717 4877 felicis
2751 4807 3212 4875 recordacionis

350 4915 591 4983 domini
634 4914 897 4984 Honorii
942 4933 1109 5001 pape
1150 4915 1331 4982 tercii
1376 4919 1724 5000 sequuntur
1770 4918 1835 4980 et
1877 4918 2026 4979 sunt
2065 4912 2254 4981 tales:
