3892 5609
1365 339 1754 390 PR1v1LnG1A
1799 339 2189 387 GBNERALIA
3045 329 3196 398 445

346 499 627 566 ecclesiis
673 499 945 586 capellas
992 507 1056 568 et
1101 501 1324 568 altaria
1369 501 1448 568 de
1482 521 1642 568 novo
1675 499 1934 583 erigere,
1980 499 2199 565 dotare
2232 504 2295 565 et
2322 498 2605 581 fundare,
2654 498 2953 564 ordinarii
2982 499 3101 564 loci
3142 505 3204 565 et

344 607 794 691 cuiuscumque
839 607 1096 674 alterius
1141 609 1396 675 licentia
1441 629 1630 694 super
1674 607 1792 673 hoc
1835 606 2095 672 minime
2140 606 2463 691 requisita,
2512 605 2820 691 quodque,
2867 607 2922 672 si
2952 607 3201 672 ordina-

344 713 481 778 rius
524 713 669 796 loci,
715 715 792 780 ad
825 715 942 781 hoc
975 715 1130 782 alias
1162 716 1368 783 debite
1399 715 1757 799 requisitae,
1805 713 2078 799 capellas
2111 718 2173 780 et
2205 713 2429 779 altaria
2457 713 2812 778 huiusmodi
2844 712 2935 778 sic
2967 713 3045 777 ad
3077 713 3202 777 alia

343 816 486 884 loca
529 821 808 906 reposita
851 842 960 888 seu
1007 823 1084 888 de
1129 845 1289 889 novo
1338 829 1544 890 erecta
1589 841 1955 887 consecrare
1999 842 2105 886 seu
2154 821 2507 886 consecrari
2562 820 2767 886 facere
2810 817 3089 884 differret
3141 824 3203 884 et

343 934 680 1012 resusaret,
726 928 946 996 liceret
988 930 1280 996 similiter
1325 929 1500 996 vobis
1549 935 1614 995 et
1657 927 1911 994 cuilibet
1956 935 2264 1011 vestrum,
2314 928 2499 994 etiam
2550 927 2785 1012 absque
2827 924 3201 1012 specialibus

343 1035 646 1100 mandato
691 1041 756 1102 et
795 1036 1051 1102 licentia
1093 1037 1396 1104 ordinarii
1443 1037 1642 1123 ipsius
1687 1041 1753 1101 et
1795 1035 2239 1119 cuiuscumque
2283 1033 2559 1118 alteriuS,
2606 1035 2778 1121 ipsas
2824 1033 3095 1119 capellas
3140 1039 3203 1098 et

345 1139 574 1207 altaria
619 1141 698 1208 ad
743 1142 1098 1210 huiusmodi
1145 1144 1271 1210 alia
1313 1143 1470 1227 loca,
1519 1149 1592 1209 ut
1635 1143 1969 1228 prefertur,
2016 1143 2293 1228 reposita
2336 1161 2447 1207 seu
2492 1141 2571 1207 de
2616 1161 2779 1207 11010
2826 1145 3029 1206 erecta
3087 1160 3200 1226 per

346 1246 539 1314 alium
599 1249 972 1316 catholicum
1033 1251 1378 1318 antistitem
1435 1251 1704 1333 gratiam
1763 1255 1827 1314 61
1883 1249 2381 1315 communionem
2438 1248 2601 1314 dicte
2657 1248 2823 1314 sedis
2867 1247 3197 1314 habentem

345 1354 554 1424 facere
607 1359 988 1442 consecrari,
1043 1359 1218 1425 vobis
1266 1363 1329 1424 et
1374 1356 1628 1424 cuilibet
1672 1363 1949 1422 vestrum
1995 1357 2287 1422 duximus
2333 1354 2809 1438 indulgendum3
2870 1361 2934 1420 61
2977 1354 3199 1420 deinde

343 1481 462 1546 pro
511 1467 690 1546 parte
738 1470 946 1531 vestra
987 1465 1168 1532 nobis
1215 1465 1520 1552 exposito,
1577 1465 1741 1548 quod
1788 1462 2050 1548 quilibet
2096 1469 2403 1546 vestrum,
2464 1467 2793 1549 postquam
2846 1461 3199 1545 regularem

343 1568 798 1653 professionem
843 1571 994 1638 dicti
1038 1571 1367 1658 hospitalis
1413 1571 1795 1654 emiseratis,
1853 1591 1932 1635 ex
1986 1569 2287 1637 laudabili
2340 1570 2787 1638 consuetudine
2842 1569 3073 1656 septies
3127 1569 3197 1635 in

345 1694 546 1759 anno,
603 1677 896 1744 videlicet
937 1680 1004 1744 in
1047 1681 1378 1746 nativitate
1423 1679 1659 1744 domini
1704 1678 1902 1744 nostri
1946 1676 2087 1742 Iesu
2134 1675 2367 1744 Christi
2412 1682 2477 1744 et
2519 1675 2971 1763 purificationis
3016 1677 3195 1743 beate

341 1780 542 1848 Maris
590 1784 848 1867 virginis
907 1807 1147 1853 necnon
1203 1787 1272 1852 in
1325 1787 1428 1852 (116
1473 1786 1636 1853 10118
1693 1790 1912 1849 8811618
1971 1803 2043 1848 86
2086 1784 2153 1849 111
2197 1784 2670 1850 1681111661101118
2716 1784 2951 1850 domini
2995 1784 3196 1850 nostri

342 1887 484 1954 Iesu
530 1889 765 1958 Christi
825 1913 896 1958 ac
951 1893 1018 1959 in
1077 1898 1464 1979 pentecostes
1519 1912 1760 1958 necnon
1813 1890 2262 1977 assumptionis
2319 1891 2483 1957 dicte
2546 1890 2725 1956 beate
2768 1890 2967 1956 Marie
3019 1891 3195 1956 festi-

343 1996 644 2062 vitatibus
699 2019 774 2064 86
827 1999 1188 2067 celebritate
1245 2001 1521 2066 omnium
1579 2005 1934 2064 sanctorum
2004 1997 2375 2064 eucharistie
2434 2002 2889 2063 sacramentum
2948 2017 3195 2063 sumere

341 2107 840 2189 consueveratis,
887 2127 1000 2172 nos
1049 2108 1223 2174 vobis
1270 2113 1333 2174 et
1375 2105 1788 2173 familiaribus
1835 2104 2061 2171 vestris
2108 2125 2252 2171 vere
2294 2105 2719 2191 penitentibus
2765 2111 2831 2170 et
2872 2105 3193 2187 confessis,

344 2211 453 2294 qui
497 2212 852 2278 huiusmodi
899 2220 1138 2299 septem
1171 2214 1408 2280 vicibus
1439 2219 1898 2280 sacramentum
1935 2212 2285 2298 predictum
2318 2212 2539 2278 devote
2570 2216 2906 2296 sumerent,
2954 2217 3021 2278 111
3051 2231 3195 2298 pre-

341 2317 579 2403 fertur,
625 2319 800 2385 illam
845 2321 1294 2405 indulgentiam
1344 2327 1406 2388 et
1450 2321 1879 2386 remissionem
1925 2327 2322 2406 peccatorum
2368 2338 2623 2385 suorum
2668 2339 3193 2402 concesseramus,
3228 2307 3231 2310 ⁴

345 2444 532 2509 quam
591 2426 814 2494 devote
869 2428 1268 2495 visitantibus
1325 2427 1647 2495 ecclesiam
1706 2427 2161 2494 Warmiensem
2216 2427 2285 2491 in
2340 2432 2563 2492 octava
2616 2427 2779 2492 dicte
2833 2426 3193 2492 festivitatis

345 2534 792 2619 assumptionis
853 2535 1016 2602 dicte
1071 2535 1249 2602 beate
1293 2535 1492 2602 Marie
1537 2535 1873 2601 autoritate
1919 2531 2264 2620 apostolica
2309 2539 2444 2600 erat
2496 2553 2808 2600 concessa.
2898 2532 2984 2598 Et
3029 2533 3193 2617 quod

343 2639 712 2725 plerumque
757 2642 1158 2725 contingebat
1198 2643 1530 2708 nonnullas
1579 2663 1876 2728 personas
1920 2641 2171 2707 laicales
2218 2661 2409 2706 causa
2453 2640 2799 2707 devotionis
2834 2630 3200 2707 fraternita-‘

343 2752 472 2812 tem
518 2752 792 2814 vestram
853 2769 1169 2816 assumere
1229 2769 1302 2815 ac
1357 2771 1424 2815 se
1470 2755 1534 2815 et
1577 2748 1742 2816 bona
1787 2771 1932 2833 sua,
1980 2769 2098 2814 usu
2142 2753 2353 2814 tamen
2400 2734 2704 2813 bonorum
2748 2749 3027 2834 ipsorum
3074 2747 3193 2814 sibi

344 2853 426 2918 ad
455 2873 672 2920 eornm
703 2855 896 2920 vitam
928 2856 1259 2922 dumtaxat
1287 2864 1625 2939 reservato,
1659 2856 1738 2922 ad
1768 2857 2047 2924 diversas
2077 2855 2295 2921 domos
2326 2854 2654 2940 hospitalis
2684 2875 2735 2920 8.
2762 2854 2959 2921 Μ8116
2992 2854 3193 2920 Theu-

341 2961 692 3027 tonicorum
747 2963 812 3028 in
872 2969 1246 3049 perpetuum
1290 2962 1512 3030 offerre
1556 2969 1622 3029 et
1664 2964 1897 3030 donare
1956 2970 2021 3030 et
2080 2963 2171 3028 sic
2226 2962 2293 3026 in
2351 2961 2557 3027 seculo
2616 2968 3011 3028 remanentes
3066 2962 3191 3027 vir-

343 3073 546 3134 tutum
579 3070 830 3136 domino
861 3070 1182 3153 famulari3
1212 3090 1328 3136 nos
1360 3071 1644 3137 omnibus
1671 3092 1747 3137 ex
1781 3071 2016 3137 eisdem
2048 3069 2335 3157 personis
2366 3068 2657 3135 similiter
2680 3067 3101 3155 penitentibus
3130 3073 3194 3134 et

340 3176 666 3260 confessis,
712 3177 817 3262 qui
863 3178 954 3244 sic
996 3177 1454 3244 fraternitatem
1501 3178 1844 3263 predictam
1877 3183 2351 3263 assumpserant
2396 3183 2460 3243 et
2498 3179 2663 3245 bona
2694 3196 2809 3242 sua
2853 3175 2933 3242 ad
2974 3175 3190 3242 domos

340 3282 494 3348 dicti
523 3282 850 3370 hospitalis
879 3285 1272 3352 contulerant
1302 3291 1366 3354 et
1395 3286 1781 3352 donaverant
1809 3292 1874 3352 61
1901 3286 2156 3351 inantea
2188 3289 2598 3368 assumerent,
2646 3282 2959 3366 offerrent,
2992 3282 3185 3348 dona-

340 3395 504 3473 rent,
551 3396 616 3457 et
659 3391 766 3474 qui
809 3391 988 3458 iuxta
1029 3393 1340 3478 prefatam
1372 3392 1882 3459 consuetudinem
1915 3392 2271 3458 huiusmodi
2302 3397 2541 3478 septem
2574 3391 2813 3457 vicibus
2841 3390 3191 3476 predictum

340 3503 800 3564 sacramentum
846 3497 1068 3564 devote
1111 3506 1430 3566 sumerent
1473 3497 1850 3582 annuatim²,
1898 3499 2135 3566 similes
2174 3497 2625 3582 indulgentiam
2668 3503 2733 3564 et
2758 3496 3193 3564 remissionem

338 3609 740 3691 peccatorum
785 3625 1040 3672 suorum
1087 3607 1527 3690 concessimus,
1573 3627 1694 3692 que
1737 3605 1914 3672 vobis
1963 3627 2077 3692 per
2105 3626 2239 3688 noe,
2286 3611 2358 3671 ut
2386 3607 2793 3692 premittitur,
2836 3610 3017 3670 erant
3043 3624 3190 3670 con-

339 3731 533 3796 cesse,
581 3713 860 3799 ipsisque
903 3713 1210 3800 personis,
1265 3710 1368 3778 ut³¹
1415 3713 1702 3780 omnibus
1749 3719 1812 3781 et
1855 3713 2145 3796 singulis,
2166 3713 2305 3778 aliis
2350 3712 2777 3796 indulgentiis,
2822 3711 3188 3798 privilegiis,

338 3818 874 3903 immunitatibuS,
931 3819 1325 3888 libertatibus
1383 3827 1447 3887 61
1501 3821 2002 3907 exemptionibus
2064 3821 2157 3886 uti
2212 3826 2277 3886 et
2318 3820 2589 3904 gaudere
2634 3825 2918 3906 possent,
2966 3820 3191 3905 quibus

338 3947 450 3992 vos
505 3927 916 4012 potiebamini
961 3947 1070 3994 seu
1116 3928 1580 4012 quomodolibet
1621 3928 2018 4012 gaudebatis,
2080 3927 2373 3993 duximus
2427 3927 2893 4011 indulgendum.
2987 3926 3189 3993 Privi-

339 4029 594 4116 legia⁸',
652 4035 1078 4101 immunitates
1139 4041 1204 4102 et
1257 4036 1492 4118 gratias
1549 4037 1725 4103 vobis
1783 4042 1846 4102 et
1899 4036 2124 4102 vestris
2186 4035 2599 4121 hospitalibus
2656 4056 2728 4100 86
2784 4034 3069 4102 domibus
3128 4040 3192 4101 et

338 4140 748 4227 preceptoriis
795 4163 832 4207 a
876 4141 1420 4228 predecessoribus
1466 4144 1698 4209 nostris
1744 4142 2043 4209 Romanis
2088 4141 2485 4228 pontificibus
2530 4164 2605 4208 ac
2650 4165 2687 4208 a
2722 4142 3191 4227 quibuscunque

338 4247 598 4334 prelatis
647 4253 711 4314 et
751 4249 1037 4334 personis
1083 4249 1549 4333 66616818811618,
1607 4250 1792 4315 6118111
1855 4271 1893 4314 8
1937 4250 2187 4333 regibus
2234 4256 2299 4316 et
2342 4249 2729 4336 principibus
2776 4270 2849 4316 ac
2893 4249 3033 4315 aliis
3079 4250 3190 4315 do-

341 4355 530 4421 minis
575 4356 1023 4441 temporalibus
1069 4361 1132 4422 et
1175 4376 1289 4442 per
1333 4377 1446 4422 nos
1493 4357 1724 4422 eisdem
1772 4356 2183 4443 hospitalibus
2230 4362 2295 4423 et
2337 4356 2623 4422 domibus
2668 4377 2741 4423 86
2781 4357 3189 4444 preceptoriis

337 4462 636 4548 predictis
667 4483 962 4530 concessa
999 4463 1438 4530 confirmamus
1469 4470 1534 4530 et
1560 4462 1910 4528 litterarum
1943 4469 2299 4530 nostrarum
2330 4464 2680 4550 patrocinio
2711 4465 3185 4530 communimus.

337 4567 424 4635 Et
469 4570 635 4654 quia,
681 4571 845 4636 sicut
885 4592 1000 4656 pro
1046 4576 1224 4657 parte
1271 4576 1480 4636 vestra
1525 4569 1704 4636 nobis
1752 4569 2101 4654 significato
2147 4592 2257 4638 vos
2294 4569 2623 4636 nonnullos
2654 4573 3045 4655 questuarios
3077 4571 3187 4637 ha-

339 4676 612 4761 bebatis,
661 4677 1114 4744 declaravimus
1159 4677 1664 4744 constitutionem
1713 4677 1914 4744 felicis
1954 4679 2403 4745 recordationis
2436 4677 2771 4744 Clementis
2816 4679 3015 4762 quinti
3048 4699 3190 4764 pre·

337 4781 680 4850 decessoris
724 4785 926 4850 nostri
971 4785 1038 4850 in
1084 4784 1344 4850 concilio
1393 4784 1730 4852 Viennensi
1775 4790 1997 4851 contra
2040 4786 2431 4872 questuarios
2478 4784 2742 4868 editam,
2801 4805 2923 4870 que
2965 4787 3191 4873 incipit

335 4889 826 4976 ,Abusionibus’,
860 4891 940 4957 ad
969 4911 1083 4958 vos
1113 4890 1212 4958 vel
1243 4891 1582 4978 hospitalia
1613 4913 1684 4958 ac
1715 4891 1936 4958 domus
1969 4899 2033 4958 et
2060 4893 2199 4960 loca
2228 4914 2339 4960 seu
2368 4892 2701 4980 privilegia
2728 4892 2830 4957 vel
2858 4891 3187 4978 indulgen-

335 4997 458 5066 tias
489 5005 700 5066 vestra
727 5005 792 5066 et
821 4999 996 5066 vobis
1027 5018 1322 5067 concessa
1351 4999 1707 5084 aliqualiter
1743 5019 1868 5066 non
1911 4999 2183 5068 extendi.
2242 4997 2395 5066 Et³‘
2426 4999 2671 5085 deinde,
2704 5001 2785 5066 ad
2816 4999 3185 5069 dilectorum
