3892 5609
2454 176 2497 187 ,-

721 326 871 397 256
1445 337 1955 385 ῙΜΡΕΒΑΤΟΒΠΜ
1998 338 2086 384 ΕΤ
2130 292 2375 385 Rham
2418 334 2865 385 Romanorum

718 515 983 581 cumque
1031 495 1356 579 dignitatis
1403 502 1512 563 aut
1556 496 1939 564 condicionis
1974 498 2271 581 existant,
2314 496 2530 563 fideles
2562 497 2765 563 nostri
2800 495 3033 579 dilecti,
3079 513 3236 579 quos
3269 488 3490 561 alias*
3524 494 3609 561 ad

716 600 1170 688 pacificandam
1225 624 1518 687 guerram
1543 600 1704 696 ad⁸⁷
1764 605 2077 690 prefatum
2134 604 2396 670 fratrem
2444 610 2764 687 nostrum,
2822 602 3149 669 dominum
3181 601 3609 669 wladislaum

716 729 926 792 regem
959 708 1239 794 Polouie,
1273 717 1339 777 et
1383 712 1737 798 predictum
1767 712 2142 795 magistrum
2174 711 2527 793 generalem
2564 709 2802 777 ordinis
2826 710 3357 776 Theutonicorum
3386 714 3609 774 traus-

717 817 1027 899 misimuS,
1077 817 1156 884 ab
1202 822 1468 903 utraque
1513 823 1696 903 parte
1742 819 1876 883 sine
1913 819 2086 884 omni
2132 818 2535 885 oblocucione
2580 822 2645 883 et
2689 818 3043 903 suspicione
3088 816 3261 883 mala
3306 836 3449 882 eme
3494 815 3605 881 de-

719 922 909 989 beant
953 943 1068 989 nec
1115 924 1205 990 eis
1250 923 1317 990 id
1362 925 1572 1011 ipsum
1618 926 1685 990 in
1731 924 1969 991 malum
2017 924 2177 991 verti
2224 946 2334 991 seu
2380 924 2683 1011 imputari
2730 924 2953 991 debeat
2999 923 3474 1009 quoquomodo,
3522 942 3606 987 ex

719 1051 792 1096 eo
840 1030 1194 1115 presertim,
1245 1030 1394 1115 quia
1436 1032 1561 1117 ipsi
1607 1032 1960 1118 predictum
2006 1033 2338 1116 negocium
2385 1052 2500 1118 pro
2548 1037 2813 1116 utraque
2860 1036 3061 1118 parte,
3108 1035 3301 1116 prout
3346 1029 3605 1116 plenius

719 1157 934 1203 sumus
963 1137 1308 1221 informati,
1353 1136 1624 1205 fideliter
1655 1143 1718 1205 et
1747 1140 1884 1206 sine
1915 1139 2087 1205 omni
2121 1138 2263 1205 dolo
2302 1139 2582 1223 quolibet
2608 1144 2827 1205 nostro
2856 1138 3111 1203 nomine
3141 1142 3600 1203 tractaverunt.

940 1243 1100 1310 Item
1145 1246 1634 1330 pronunciamus
1681 1265 1794 1331 pro
1829 1266 1975 1312 vero
2006 1246 2143 1312 iure
2189 1251 2253 1311 et
2282 1246 2569 1327 dicimuS,
2617 1246 2787 1330 quod
2814 1244 3099 1331 prefatus
3128 1245 3330 1311 frater
3358 1250 3602 1325 noster,

610 1432 621 1439 ὴ
718 1350 1009 1416 dominus
1039 1348 1418 1418 wladislaus
1463 1372 1576 1419 rex
1622 1351 1913 1433 Polouie,
1975 1358 2041 1418 et
2082 1372 2299 1419 omnes
2346 1353 2444 1419 sui
2488 1352 2838 1439 principes,
2897 1351 3195 1436 baroneS,
3250 1352 3491 1418 milites
3538 1354 3605 1417 et

717 1456 999 1541 clientes,
1047 1458 1216 1524 cives
1263 1465 1327 1525 et
1371 1458 1605 1526 subditi
1641 1458 2002 1544 spirituales
2049 1464 2113 1525 et
2142 1460 2454 1527 seculares
2500 1459 2733 1544 prefati
2776 1460 3067 1542 magistri
3110 1460 3448 1543 generalia,
3498 1478 3601 1525 or-

719 1564 885 1631 dinis
931 1565 1061 1649 sui,
1107 1566 1309 1651 ipsius
1356 1570 1796 1652 preceptorum
1807 1558 1876 1648 ³⁸,
1923 1565 2343 1651 prelatorum,
2390 1566 2697 1649 militum,
2744 1565 3183 1632 clientulorum
3200 1616 3219 1651 ,
3268 1566 3506 1633 civium
3538 1570 3605 1632 et

719 1672 1116 1738 subditorum
1162 1672 1590 1758 spiritualium
1636 1677 1700 1739 et
1745 1672 2121 1739 secularium
2170 1680 2233 1739 et
2275 1675 2559 1760 ipsorum
2606 1672 2961 1739 adiuturum
3000 1678 3065 1739 et
3109 1674 3395 1739 omnium
3440 1672 3601 1739 alio-

717 1799 882 1861 rum,
931 1780 1037 1864 qui
1081 1780 1146 1845 in
1193 1779 1312 1845 hac
1357 1797 1549 1846 causa
1593 1780 1870 1865 suspecti
1913 1778 2255 1863 habentur,
2310 1781 2458 1847 boni
2506 1786 2569 1847 et
2613 1781 2841 1846 sinceri
2898 1778 3087 1845 amici
3145 1799 3285 1846 esse
3340 1780 3597 1863 debent,

719 1888 781 1952 et
829 1885 1122 1952 similiter
1177 1886 1460 1971 prefatus
1514 1888 1819 1970 magister
1863 1907 2003 1953 cum
2064 1888 2283 1954 ordine
2328 1909 2442 1953 suo
2488 1892 2551 1953 et
2596 1887 2886 1953 omnibus
2932 1887 3063 1951 suis
3118 1885 3597 1971 preceptoribus

719 1996 782 2058 et
827 1992 1094 2059 subditis
1139 1994 1370 2079 prefati
1413 1994 1630 2059 fratris
1676 1994 1878 2059 nostri
1922 1993 2163 2060 domini
2194 1994 2543 2078 Wladislai,
2590 1994 2758 2077 regis
2789 1991 3068 2077 Polouie,
3114 2012 3377 2058 suorum
3419 1994 3597 2078 prin-

717 2100 952 2185 cipum,
1012 2101 1338 2184 baronum,
1393 2100 1667 2166 militum
1715 2106 1780 2167 et
1825 2100 2215 2168 subditorum
2266 2107 2330 2167 et
2373 2121 2591 2167 eorum
2620 2100 2996 2171 ,adiuturum
3040 2104 3107 2165 et
3148 2099 3429 2182 illorum,
3488 2099 3596 2183 qui

715 2206 784 2272 in
828 2206 949 2272 hac
993 2225 1186 2273 causa
1229 2208 1506 2293 suspecti
1549 2208 1880 2291 habentur,
1928 2208 2077 2274 boni
2122 2214 2188 2274 et
2230 2207 2461 2275 sinceri
2506 2208 2693 2275 amici
2738 2227 2876 2273 esse
2922 2207 3222 2289 debeant,
3278 2212 3345 2273 et
3390 2206 3593 2271 omnis

714 2313 1058 2381 inimicicia
1101 2319 1176 2379 et.
1217 2334 1444 2381 rancor
1485 2314 1652 2381 inter
1694 2315 1868 2401 ipsos
1913 2336 1995 2381 ex
2045 2320 2311 2399 utraque
2357 2321 2539 2402 parte
2585 2334 2843 2399 prorsus
2896 2313 3155 2381 tollatur
3216 2315 3354 2379 sine
3414 2312 3590 2394 dolo;

717 2426 782 2488 et
825 2407 1014 2506 supe}
1047 2420 1168 2487 hoc
1211 2422 1494 2507 prefatus
1521 2421 1716 2487 frater
1747 2425 1981 2506 noster,
2028 2444 2139 2488 rex
2173 2422 2450 2505 Polouie,
2498 2442 2639 2488 cum
2688 2422 2818 2487 suis
2864 2420 3279 2507 principibuS,
3326 2420 3591 2507 prelatis

719 2534 784 2595 et
825 2527 1166 2594 baronibus
1211 2547 1454 2594 necnon
1511 2528 1812 2611 magister
1867 2534 1932 2595 et
1976 2524 2189 2595 ordo⁸⁹
2234 2550 2375 2596 cum
2424 2530 2556 2595 suis
2606 2529 2949 2615 episcopis,
3010 2526 3273 2613 prelatis
3332 2534 3397 2594 et
3451 2546 3591 2613 pre-

717 2634 1077 2719 ceptoribus
1124 2636 1448 2718 antiquam
1459 2631 1506 2663 ⁴⁰
1552 2641 1922 2722 perpetuam
1968 2656 2186 2723 pacem
2233 2636 2618 2703 serenissimi
2662 2636 2966 2723 principis
3003 2634 3322 2719 quondam
3352 2632 3593 2699 domini

591 2814 620 2823 ἦ
717 2740 1026 2806 Kazimiri
1069 2742 1237 2825 regis
1283 2740 1542 2809 Polouie
1596 2748 1662 2810 et
1717 2744 1916 2809 eciam
1972 2750 2341 2829 perpetuam
2401 2763 2619 2830 pacem
2671 2744 2839 2809 inter
2883 2743 3055 2829 ipsos
3100 2742 3423 2827 utrimque
3477 2761 3590 2827 per

717 2850 1031 2935 prefatum
1091 2847 1412 2915 dominum
1457 2848 1872 2917 wladislaum
1929 2870 2143 2933 regem
2199 2850 2458 2917 Polouie
2512 2849 2914 2930 modernum,
2983 2849 3247 2915 fratrem
3302 2852 3587 2913 nostrum

633 2939 640 2949 ⁸
715 2956 1134 3039 carissimum,
1159 2962 1547 3042 conceptam,
1579 2956 1946 3041 stabilitam,
1966 2958 2199 3025 factam
2226 2962 2289 3023 et
2308 2956 2627 3023 firmatam
2650 2958 2972 3038 innovare,
3002 2956 3335 3038 ratificare,
3363 2974 3588 3041 appro-

717 3062 868 3129 bare
915 3068 981 3128 et
1023 3060 1394 3129 confirmare
1440 3063 1753 3130 debebunt
1799 3070 1864 3130 et
1907 3066 2105 3130 eciam
2152 3064 2375 3147 sigillis
2389 3060 2426 3093 ⁴¹
2472 3064 2790 3148 roborare,
2846 3064 2937 3129 sic
2982 3062 3150 3147 quod
3194 3062 3421 3129 eadem
3465 3082 3587 3147 pax

714 3189 831 3255 per
875 3168 1197 3235 dominum
1245 3170 1658 3255 apostolicum
1715 3171 1832 3236 sub
1877 3171 2549 3239 excommunicacionis
2608 3192 2799 3256 pena·
2824 3176 2889 3237 et
2944 3191 3057 3256 per
3103 3190 3219 3236 nos
3264 3175 3585 3253 tamquam

649 3288 664 3298 ‘
714 3275 1142 3343 Romanorum
1185 3296 1397 3361 regem
1445 3277 1561 3344 sub
1607 3278 1786 3363 penis
1831 3279 2203 3344 necessariis
2248 3277 2682 3360 confirmetur,
2736 3283 2801 3343 et
2844 3277 2927 3343 ad
2969 3277 3089 3342 hoc
3134 3275 3529 3342 consiliarios
3542 3270 3586 3303 ⁴³

717 3388 782 3448 et
827 3382 1310 3449 ambassiatores
1357 3392 1605 3450 nostros
1651 3382 2005 3470 solempnes
2052 3404 2165 3469 per
2194 3385 2427 3451 festum
2463 3384 2901 3470 penthecostes
2930 3390 3269 3449 venturum
3298 3383 3585 3469 proxime

713 3490 783 3557 in
829 3490 1151 3557 civitatem
1197 3496 1478 3557 nostram
1508 3490 2091 3560 wratislaviensem
2126 3490 2411 3556 volumus
2456 3491 2791 3574 destinare,
2840 3491 2907 3555 in
2954 3510 3145 3576 quam
3188 3490 3389 3556 eciam
3436 3488 3585 3554 civi·

715 3601 910 3663 tatem
957 3598 1188 3683 prefati
1233 3599 1523 3665 dominus
1551 3598 1935 3665 wladislaus
1982 3618 2096 3664 rex
2134 3596 2391 3663 Polouie
2436 3598 2633 3664 frater
2678 3602 2893 3663 noster
2905 3592 2949 3625 ⁴³
2996 3618 3109 3663 suo
3156 3601 3220 3663 et
3264 3595 3447 3679 regni
3490 3594 3584 3661 sui

716 3704 970 3770 nomine
1015 3708 1078 3770 et
1124 3706 1425 3789 magister
1471 3725 1584 3771 suo
1631 3711 1695 3772 et
1739 3705 1977 3771 ordinis
2024 3706 2122 3771 sui
2166 3706 2421 3771 nomine
2465 3706 2747 3791 ipsorum
2796 3704 3184 3771 consiliarios
3196 3698 3241 3731 ⁴⁴
3288 3723 3431 3769 cum
3475 3722 3583 3787 po-

713 3815 946 3877 testate
989 3810 1278 3896 plenaria
1321 3812 1752 3878 transmittere
1797 3817 1860 3878 et
1889 3812 2207 3879 destinare
2237 3812 2553 3879 debebunt
2596 3811 2678 3879 ad
2722 3810 3145 3879 innovandam
3156 3806 3224 3894 ⁴⁵,
3269 3809 3583 3876 ratifican-

717 3918 884 4002 dam,
931 3918 1405 4005 approbandam
1453 3923 1518 3985 et
1547 3918 2041 3985 confirmandam
2084 3939 2159 3985 ac
2190 3920 2358 3985 inter
2388 3920 2559 4005 ipsas
2602 3924 2814 4006 partes
2846 3919 3163 4002 utrimque
3193 3918 3432 3983 dictam
3475 3936 3581 4004 pa·

716 4044 850 4092 cem
884 4030 1254 4111 perpetuam
1279 4024 1708 4108 sigillandam3
1741 4031 1824 4108 et,
1857 4030 2191 4111 postquam
2224 4026 2470 4111 prefata
2500 4046 2624 4112 pax
2650 4046 2862 4092 coram
2892 4022 3331 4092 consiliariis⁴⁶
3354 4024 3582 4092 nostris

716 4132 810 4199 sic
852 4132 1172 4216 innovata,
1219 4133 1569 4219 approbata
1613 4138 1678 4199 et
1720 4153 1836 4220 per
1866 4136 2199 4216 utramque
2244 4139 2489 4217 partem
2536 4131 2907 4198 confirmata
2942 4137 3007 4199 et
3034 4132 3261 4215 sigillis
3294 4133 3583 4199 roborata

712 4238 924 4321 fuerit,
971 4243 1202 4305 extunc
1247 4238 1506 4305 cuilibet
1549 4239 1718 4325 parti
1762 4237 1840 4304 de
1885 4244 2057 4304 terra
2101 4260 2218 4304 sua
2262 4258 2405 4306 cum
2453 4240 2851 4325 pertinentiis
2882 4240 3014 4305 suis
3046 4259 3120 4307 ac
3150 4241 3353 4307 eciam
3385 4238 3581 4305 homi-

713 4346 902 4412 nibus
946 4344 1180 4411 ibidem
1211 4344 1579 4430 degentibus
1613 4350 1676 4411 et
1704 4346 2118 4429 morantibus,
2152 4346 2329 4412 sicud
2358 4345 2786 4432 prescribitur,
2819 4346 3233 4413 condescendi
3260 4345 3583 4413 debebitur

716 4455 780 4517 et
823 4450 944 4519 sibi
992 4453 1210 4520 eadem
1255 4452 1426 4519 tradi
1467 4454 1534 4519 in
1581 4472 1762 4519 suam
1807 4453 1942 4519 vice
1989 4473 2173 4519 versa
2219 4453 2645 4519 omnimodam
2691 4458 3071 4538 potestatem
3083 4449 3145 4518 ⁴⁷.

937 4558 1094 4626 Item
1141 4559 1406 4626 dicimus
1453 4565 1518 4627 et
1563 4579 1676 4646 pro
1722 4560 1860 4625 iure
1919 4560 2440 4644 pronunciamuS,
2500 4560 2665 4644 quod
2722 4559 3080 4626 huiusmodi
3124 4559 3301 4646 pacis
3346 4564 3580 4642 treuge,

715 4686 836 4750 que
882 4666 1047 4732 inter
1093 4666 1406 4752 prefatum
1449 4668 1708 4733 fratrem
1767 4672 2055 4733 nostrum
2100 4686 2313 4749 regem
2359 4664 2616 4732 Polouie
2664 4670 2727 4731 et
2781 4686 3045 4749 regnum
3091 4686 3278 4732 suum
3324 4685 3399 4732 ac
3442 4666 3581 4731 sub·

714 4771 878 4838 ditos
923 4772 1209 4858 ipsorum
1256 4773 1334 4839 ab
1393 4793 1518 4838 una
1563 4778 1628 4839 et
1684 4772 2035 4858 predictum
2092 4772 2465 4856 magistrum
2520 4772 2877 4856 generalem
2940 4777 3005 4837 et
3057 4773 3347 4838 ordinem
3405 4792 3583 4837 suum

714 4898 788 4946 ac
831 4879 1115 4946 subditos
1161 4896 1376 4946 eorum
1407 4886 1589 4966 parte
1619 4901 1700 4946 ex
1739 4879 1942 4947 altera
1986 4887 2135 4947 sunt
2164 4879 2321 4947 alias
2366 4878 2641 4946 stabilite
2672 4884 2737 4945 et
2764 4898 2962 4964 usque
2994 4878 3075 4945 ad
3118 4880 3355 4945 festum
3386 4877 3581 4945 sancti

711 4985 1008 5053 Iohannis
1037 4986 1328 5075 Baptiste
1370 4988 1658 5075 proxime
1687 4992 2027 5054 venturum
2070 4986 2391 5073 durature,
2438 4988 2505 5053 in
2537 4986 2899 5053 omnimoda
2929 4992 2995 5053 et
3020 4984 3223 5053 solida
3250 5008 3373 5053 sua
3410 4988 3579 5053 iuxta
