3892 5609
1347 308 1739 357 Pmmscu
1785 308 2179 393 sennenn
2661 278 2673 288 ’
2734 350 2743 361 .
3040 297 3139 369 30
3154 299 3187 367 1

321 462 501 534 334.
545 432 718 531 122'1
765 469 1055 533 ianuarii
1093 468 1182 533 19
1228 467 1552 533 Laterani.
1637 466 1965 535 Honorius
2012 469 2137 535 III
2180 481 2347 534 vetat
2396 470 2475 533 de
2531 469 2773 533 ordinis
2827 466 3199 533 Theutonici

539 574 1034 659 possessionibus
1081 576 1437 639 vicesimam
1481 588 1594 640 aut
1637 576 1802 641 alias
1847 579 2196 643 exactiones
2244 578 2617 661 extorqueri.

539 712 857 780 Honorius
904 714 1236 801 episcopus
1293 736 1512 782 servus
1572 736 1898 783 servorum
1946 716 2047 784 dei
2104 716 2565 784 venerabilibus
2621 715 2923 782 fratribus
2988 716 3191 783 archi-

316 818 632 907 episcopis
679 826 743 887 et
788 821 1100 907 episcopis
1147 828 1212 889 et
1255 821 1498 889 dilectis
1528 821 1677 889 filiis
1715 824 2069 908 abbatibuS,
2116 824 2453 910 prioribus,
2504 822 2861 909 prepositis,
2912 822 3187 907 decanis,

317 926 797 1011 archidiaconis,
846 927 1389 1014 archipresbiteris
1437 936 1501 996 et
1546 930 1686 997 aliis
1734 932 2139 998 ecclesiarum
2183 930 2467 1017 prelatiS,
2516 930 2595 995 ad
2640 950 2797 1015 quos
2830 928 3039 995 littere
3070 928 3192 997 iste

315 1035 738 1121 pervenerint,
769 1034 1035 1101 salutem
1069 1041 1133 1101 et
1164 1035 1574 1121 apostolicam
1603 1038 2121 1104 benedictionem.
2303 1035 2536 1103 Dilecti
2565 1035 2681 1102 filii
2712 1084 2727 1101 .
2748 1086 2763 1101 .
2798 1037 3100 1119 magister
3132 1042 3197 1103 et

314 1141 548 1208 fratres
606 1141 828 1207 domus
896 1142 1225 1228 hospitalis
1293 1150 1506 1209 sancte
1562 1143 1762 1210 Maris
1831 1144 2352 1213 Theotonicorum
2420 1141 2904 1208 lerosolimitani
2980 1148 3193 1209 nostro

318 1248 700 1335 apostolatui
759 1246 934 1314 sunt¹
991 1249 1346 1334 conquesti,
1409 1250 1574 1335 quod
1634 1251 1888 1337 quidam
1945 1255 2307 1334 magnates,
2364 1250 2624 1316 comites
2678 1256 2742 1316 et
2788 1248 2895 1315 alii
2951 1249 3193 1316 nobiles

313 1356 382 1421 in
428 1355 656 1423 vestris
694 1354 1054 1428 ,diocesibus
1100 1356 1422 1422 constituti
1468 1357 1545 1421 de
1606 1358 2141 1443 possessionibus,
2202 1376 2323 1441 que
2380 1356 2539 1442 ipsis
2586 1377 2624 1422 a
2677 1357 2839 1422 vivis
2896 1357 3029 1423 sive
3088 1356 3195 1423 de-
3282 1336 3290 1351 ’

313 1463 550 1529 functis
619 1462 1090 1530 racionabiliter
1159 1464 1596 1547 conferuntur,
1668 1485 1785 1551 pro
1842 1466 1973 1530 suis
2043 1462 2555 1550 expedicionibus
2624 1470 2688 1529 et
2754 1463 3034 1529 excubiis
3100 1464 3197 1531 fa-

314 1569 558 1636 ciendis
611 1568 975 1636 vicesimam
1035 1575 1320 1655 questam
1381 1576 1444 1636 et
1501 1572 1867 1637 exacciones
1912 1570 1993 1637 ab
2036 1570 2193 1657 ipsis
2252 1568 2565 1635 indebitas
2624 1574 2998 1654 extorquere
3051 1590 3193 1656 pre-

315 1680 592 1744 sumunt.
661 1676 966 1754 Quocirca
1019 1676 1416 1742 universitati
1463 1667 1672 1744 vestre
1729 1698 1844 1764 per
1890 1676 2237 1763 apostolica
2290 1678 2527 1763 scripta
2569 1677 2944 1743 mandamus
3004 1684 3192 1763 atque

313 1782 720 1870 precipimus,
767 1784 1063 1869 quatinus
1107 1783 1238 1849 iam
1295 1783 1496 1849 dictos
1543 1784 2013 1868 molestatores,
2072 1786 2145 1849 ut
2191 1784 2270 1850 ab
2314 1782 2675 1849 huiusmodi
2716 1778 3193 1849 molestatione²

315 1890 572 1955 omnino
619 1889 929 1956 desistant
975 1896 1038 1957 et
1081 1891 1224 1956 iura
1266 1891 1693 1977 predictorum
1737 1891 2009 1957 fratrum
2053 1890 2123 1955 in
2164 1890 2372 1973 aliquo
2402 1888 2613 1955 ledere
2642 1910 2769 1955 non
2799 1894 3188 1976 presumant,

311 1996 669 2063 municione
726 1998 1040 2083 premissa
1083 2018 1198 2084 per
1242 2018 1571 2064 censuram
1621 1997 2112 2063 ecclesiasticam
2166 1994 2591 2094 appellatione
2637 1996 2991 2082 postposita
3044 2014 3191 2063 con-

530 2244 652 2295 Sine
677 2245 824 2297 dato:
861 2245 902 2307 1,
923 2245 991 2296 69
1007 2263 1053 2296 v.
1069 2263 1084 2305 ς
1119 2244 1187 2307 ΙΙ,
1213 2245 1280 2295 97
1294 2262 1340 2296 v.
1377 2264 1427 2297 n.
1455 2244 1553 2307 26;
1589 2247 1654 2297 A.
1673 2244 1744 2297 20
1779 2264 1830 2296 n.
1850 2244 1920 2295 26
1956 2244 2136 2295 Latine
2162 2252 2214 2293 et
2238 2242 2536 2295 Germanice
2552 2262 2566 2302 ς
2602 2242 2665 2292 D.
2687 2242 2754 2292 25
2795 2241 3109 2294 Germanice.
3126 2272 3185 2281 -

313 2332 440 2383 Qum
477 2332 622 2385 dato:
661 2333 726 2385 A.
751 2334 814 2385 16
851 2352 901 2399 p.
920 2332 986 2384 41
1033 2332 1284 2399 „Baruli“.
1505 2336 1549 2386 1.
1587 2334 1850 2401 conquesti
1883 2334 2087 2385 fuerunt
2122 2331 2189 2383 Π.
2402 2330 2453 2383 2.
2492 2330 2839 2382 exaccionibus
2874 2330 2940 2381 ΙΙ.
2979 2330 3147 2383 A.20.

317 2730 496 2847 335.
538 2776 710 2843 1221
759 2778 1048 2863 ianuar-ii
1081 2778 1167 2844 19
1211 2777 1535 2842 Laterani.
1607 2776 1932 2842 Honorius
1967 2777 2090 2843 III
2123 2790 2289 2843 vetat
2324 2778 2647 2863 praelatos
2692 2780 2769 2843 de
2812 2776 3190 2845 haereditate

539 2884 860 2950 hominum
906 2887 1148 2967 ordinis
1203 2884 1573 2950 Theutonici
1609 2896 1857 2970 parte-m
1901 2886 2029 2949 sibi
2070 2886 2411 2949 vindicare.

537 3024 854 3093 Honorius
913 3026 1245 3112 episcopus
1303 3044 1520 3091 servus
1567 3044 1892 3091 servorum
1950 3024 2053 3091 dei
2107 3024 2570 3092 venerabilibus
2626 3026 2927 3093 fratribus
2982 3026 3187 3106 archi-

313 3132 628 3219 episcopis
672 3137 738 3199 et
783 3132 1094 3219 episcopis
1141 3138 1206 3198 et
1250 3131 1494 3199 dilectis
1540 3130 1686 3197 filiis
1719 3132 2072 3215 abbatibus,
2120 3132 2456 3218 prioribus,
2502 3133 2863 3219 prepositis,
2911 3133 3185 3217 decanis,

311 3239 792 3323 archidiaconis,
839 3238 1380 3325 archipresbiteris
1427 3244 1491 3304 et
1533 3237 1678 3305 aliis
1725 3238 2131 3307 ecclesiarum
2174 3238 2458 3325 prelatis,
2508 3239 2586 3305 ad
2634 3259 2789 3324 quos
2827 3238 3037 3305 littere
3067 3240 3187 3305 iste
3274 3272 3281 3279 ·

311 3347 750 3433 pervenerint,
785 3346 1054 3413 salutem
1101 3353 1167 3413 et
1212 3346 1618 3432 apostolicam
1671 3346 2187 3413 benedictionem.
2441 3344 2544 3412 Ex
2588 3352 2771 3431 parte
2815 3345 3185 3412 dilectorum

309 3452 608 3537 filiorum,
647 3454 918 3519 fratrum
966 3453 1188 3519 domus
1229 3452 1560 3539 hospitalis
1609 3459 1824 3519 sancte
1869 3452 2071 3521 Marie
2101 3452 2625 3519 Theotonicorum
2672 3452 3183 3537 Ierosolimitanh

307 3560 434 3627 fuit
477 3560 872 3646 propositum
918 3579 1130 3626 coram
1176 3558 1380 3643 nobis,
1429 3559 1616 3644 quod,
1661 3578 1807 3625 cum
1835 3560 1962 3647 ipsi
1993 3560 2253 3626 terciam
2284 3564 2529 3644 partem
2566 3560 2841 3627 omnium
2877 3559 3181 3627 bonorum
3238 3578 3259 3597 ‘

308 3686 568 3733 suorum
613 3666 960 3751 hominum,
1007 3666 1114 3751 qui
1159 3672 1306 3752 post
1349 3685 1417 3732 se
1460 3666 1825 3751 relinquunt
1867 3666 2149 3749 heredeS,
2196 3665 2367 3733 soliti
2410 3665 2542 3731 sint
2570 3666 2897 3752 percipere
2936 3686 3011 3731 ac
3052 3686 3185 3733 me-

308 3774 611 3868 dietatem
670 3773 920 3841 illorum
939 3822 960 3857 ,
1020 3774 1126 3858 qui
1185 3773 1421 3858 absque
1479 3772 1813 3839 heredibus
1869 3772 1971 3838 vel
2015 3792 2211 3840 uxore
2257 3772 2587 3857 decedunt,
2642 3774 2841 3839 eciam
2900 3773 3184 3839 homines

308 3880 438 3967 ipsi
494 3881 575 3946 ad
617 3881 736 3947 hoc
797 3880 916 3947 fide
959 3880 1336 3966 interposita
1389 3885 1755 3960 teneantur3
1822 3879 2161 3965 presbiteri
2222 3886 2287 3947 et
2341 3878 2551 3946 clerici
2618 3880 2881 3947 terciam
2938 3886 3186 3967 partem

309 3987 650 4073 porcionis,
699 4006 819 4072 que
863 3988 1036 4075 ipsos
1081 3988 1310 4065 fratres
1357 3986 1435 4053 de
1480 3988 1616 4053 iure
1663 3986 1989 4071 contingit,
2036 3987 2160 4054 sibi
2204 3990 2577 4072 presumunt
2606 3992 2827 4053 contra
2867 3986 3187 4053 iusticiam

309 4093 676 4177 vendicare,
733 4095 1050 4180 predictos
1105 4094 1336 4160 fratres
1393 4114 1583 4180 super
1629 4112 1706 4159 ea
1757 4092 2197 4161 molestatione
2254 4093 2535 4161 indebita
2588 4093 2946 4177 fatigantes.
3023 4091 3185 4159 Cum

307 4202 504 4284 igitur
549 4201 786 4267 eisdem
830 4201 1162 4283 fratribus,
1219 4201 1328 4286 qui
1374 4201 1710 4286 presertim
1754 4200 1874 4267 hoc
1915 4207 2203 4287 tempore
2245 4219 2361 4286 pro
2420 4201 2675 4267 servitio
2722 4199 2907 4267 Ihesu
2950 4198 3189 4269 Christi

311 4312 639 4395 exponunt
679 4328 748 4373 se
775 4307 993 4374 multis
1033 4306 1358 4375 laboribus
1407 4312 1471 4372 et
1513 4306 1830 4393 expensis,
1862 4306 2145 4374 indebita
2174 4305 2467 4373 nolumus
2512 4308 2747 4374 inferre
2790 4306 3183 4391 gravamina,

310 4414 424 4481 sed
467 4419 651 4499 grata
693 4412 976 4480 subsidia
1019 4414 1415 4495 ministrare;
1463 4413 1864 4479 universitati
1907 4420 2117 4480 vestre
2162 4433 2277 4500 per
2322 4414 2669 4501 apostolica
2722 4414 2961 4500 scripta
3006 4432 3183 4479 man-

307 4522 534 4588 damus
580 4526 768 4606 atque
811 4520 1220 4607 precipimus,
1267 4526 1576 4607 quatenus
1621 4521 2007 4607 presbiteros
2052 4526 2118 4587 et
2162 4521 2421 4587 clericos
2464 4521 2831 4605 antedictos,
2864 4527 2937 4587 ut
2970 4520 3048 4587 ab
3086 4520 3183 4586 in-

308 4628 525 4695 debita
577 4612 1018 4695 molestatione
1070 4628 1536 4695 nominatorum
1593 4628 1860 4693 fratrum
1921 4648 2114 4714 super
2166 4626 2465 4713 porcione
2523 4629 2651 4695 iam
2710 4627 2879 4693 dicta
2931 4626 3185 4713 penitus

307 4734 682 4803 desistentes
727 4754 867 4801 eam
905 4735 1276 4820 permittant
1307 4735 1464 4821 ipsis
1495 4734 1797 4803 fratribus
1826 4733 2089 4821 pacifice
2128 4734 2470 4821 possidere,
2504 4734 2845 4801 monitione
2873 4734 3185 4820 premissa

306 4862 426 4930 per
468 4861 798 4910 censuram
844 4840 1334 4909 ecclesiasticam
1387 4842 1633 4909 sublato
1681 4842 2123 4928 appellationis
2172 4840 2491 4908 obstaculo
2538 4861 2673 4907 com
2679 4840 2951 4927 pellatiS,
3003 4860 3184 4907 man-

306 4948 523 5015 datum
575 4950 987 5036 apostolicum
1033 4948 1248 5016 taliter
1289 4948 1636 5035 impleturi,
1686 4948 1852 5034 quod
1895 4968 2025 5014 non
2068 4949 2329 5035 possitis
2375 4949 2453 5016 de
2492 4947 2930 5015 inobediencia
2967 4967 3183 5034 repre-
