3892 5609
719 320 873 391 404
1691 327 2111 377 Pou‘rmcnu
2155 325 2597 376 uolumenum

723 489 896 560 600.
939 491 1117 558 1258
1159 489 1362 556 decbr.
1396 488 1479 555 11
1527 489 1916 575 Anaqniae„
1973 488 2335 554 Alexander
2379 486 2491 553 JV
2536 463 2758 574 repetit
2798 484 3154 550 Innocentis
3193 483 3306 549 JV
3342 508 3404 548 a.
3438 484 3569 550 495

938 600 1014 663 de
1056 597 1233 664 1245
1276 610 1428 683 sept.
1462 595 1568 662 12.

938 738 1300 805 Alexander
1346 743 1462 805 etc.
1686 737 2018 816 Querelam
2062 757 2314 821 gravem
2363 743 2479 804 etc.
2548 734 2782 804 Datum
2827 733 3119 817 Anagnie
3161 733 3235 799 iii
3276 731 3421 798 idus
3466 731 3575 798 de-

719 847 988 914 cembris
1033 845 1432 932 pontificatus
1477 845 1678 912 nostri
1723 865 1886 913 anno
1933 851 2175 931 quarto.

929 987 1049 1039 Sine
1085 987 1230 1039 dato:
1273 986 1547 1050 „Treviris“
1588 985 1749 1037 A.16.
1775 1004 1826 1053 p.
1847 986 1966 1037 115.
1995 1016 2057 1025 -
2098 986 2220 1036 Cum
2256 984 2404 1036 dato:
2442 984 2503 1035 R.
2532 983 2634 1035 144
2667 984 2799 1034 inter
2821 982 3151 1034 'Brevin-ensis.
3208 979 3299 1030 Or.
3324 976 3577 1044 quondam

717 1077 1012 1128 Trevirense
1060 1093 1170 1128 cum
1206 1075 1343 1127 bulla.
1388 1075 1440 1125 in
1475 1074 1572 1125 filis
1609 1075 1809 1126 sericeis
1845 1075 2006 1126 rubris
2043 1084 2096 1126 et
2128 1073 2277 1125 luteis
2314 1090 2541 1141 appensa
2574 1073 2626 1124 in
2661 1072 2860 1124 archivo
2897 1073 3086 1124 ordinis
3119 1066 3421 1121 Theutoniei
3445 1065 3575 1116 vin-

719 1164 1011 1217 dobonensi.
1041 1194 1100 1202 -—
1141 1163 1246 1215 Sub
1273 1162 1417 1230 detto:
1455 1163 1666 1214 viterbii
1701 1181 1751 1229 p.
1779 1181 1823 1213 a.
1848 1163 1884 1213 4
1919 1145 2098 1215 citatur
2122 1164 2173 1215 in
2207 1162 2555 1229 designatione
2578 1161 2900 1213 Mitowiensis
2934 1161 3123 1212 archivi
3151 1157 3283 1210 1621
3322 1154 3581 1206 Holmiam

719 1253 872 1306 deleti
919 1271 1000 1320 ep.
1035 1251 1268 1304 Schirren
1317 1269 1366 1318 p.
1397 1250 1490 1302 131
1534 1269 1580 1302 n.
1605 1251 1702 1303 119
1756 1251 2074 1317 „Alexander
2119 1269 2256 1319 papa
2300 1251 2529 1303 rescribit
2574 1250 2889 1317 praeceptori
2932 1259 2987 1300 et
3027 1248 3267 1300 fatribus
3310 1243 3579 1310 hospitalis

717 1342 977 1394 Teutonici
1022 1349 1322 1407 potestatem
1366 1339 1555 1390 faciens
1603 1339 1829 1392 discretis
1873 1340 2111 1392 fratribus
2157 1341 2495 1408 presbyteris,
2540 1347 2596 1391 ut
2641 1339 2800 1390 crucis
2844 1337 3154 1404 signaculum
3199 1337 3253 1387 in
3298 1333 3581 1386 subsidium

718 1431 904 1481 ordinis
941 1436 1248 1496 assumptum
1281 1429 1344 1479 ab
1381 1428 1441 1479 iis
1464 1428 1679 1479 vicissim
1715 1429 1910 1481 auferre
1947 1437 2150 1495 queant,
2188 1430 2270 1496 qui
2296 1429 2376 1480 vel
2398 1437 2566 1481 votum
2602 1447 2745 1480 suum
2779 1435 2952 1480 sancte
2988 1427 3089 1478 sint
3116 1425 3317 1477 executi
3338 1423 3421 1474 vel
3454 1421 3581 1474 illud

717 1519 931 1586 pecunie
967 1518 1086 1569 dats
1108 1517 1354 1568 redimere
1378 1517 1632 1583 cupiant“.
1685 1517 1787 1569 Sed
1812 1518 1953 1569 velut
1974 1517 2237 1585 privilegia
2260 1518 2485 1570 eiusdem
2509 1517 2558 1570 d.
2579 1517 2628 1570 d.
2651 1517 2784 1569 1257
2812 1534 2927 1583 aug.
2946 1516 2979 1568 7
3004 1514 3217 1567 viterbii
3240 1513 3302 1564 L.
3320 1512 3388 1564 U.
3410 1510 3457 1572 1,
3472 1508 3583 1560 4oe

717 1625 767 1659 n.
793 1608 898 1660 312
935 1617 987 1659 et
1022 1607 1071 1660 d.
1097 1606 1146 1659 d.
1178 1605 1313 1657 1258
1356 1605 1474 1656 maii
1515 1606 1578 1656 10
1613 1605 1826 1658 viterbii
1859 1608 1918 1659 L.
1943 1605 2008 1660 U.
2032 1607 2085 1670 1,
2108 1607 2211 1658 411
2250 1625 2301 1660 n.
2324 1607 2430 1660 323
2477 1607 2760 1676 specialiter
2805 1604 3120 1675 praeceptori
3155 1600 3447 1655 Livoniensi
3494 1597 3583 1649 vel

717 1695 950 1749 Prussico
987 1696 1184 1747 videtur
1219 1694 1579 1746 transmissum.

724 1883 898 1954 601.
942 1885 1118 1979 1258
1161 1885 1362 1949 decbr.
1398 1886 1484 1951 17
1529 1886 1882 1973 Anaqniae.
1964 1886 2331 1952 Alexander
2372 1885 2483 1952 IV
2517 1888 2819 1972 mayistro
2875 1898 2935 1951 et
2958 1882 3283 1970 fratribus
3330 1879 3583 1944 ordinis

949 1990 1316 2058 Theutonici
1343 1994 1640 2074 concedit,
1687 2007 1758 2059 ut
1782 1994 2031 2079 fratres
2062 2016 2275 2059 eorum
2310 1993 2667 2081 presbyteri
2690 1991 3013 2078 fratribus
3045 2003 3101 2056 et
3124 1986 3583 2074 familiaribus

941 2101 1183 2165 ordinis
1241 2099 1314 2165 ob
1359 2102 1617 2166 iniectas
1671 2103 1742 2165 in
1785 2101 1946 2166 alios
1990 2124 2215 2168 manus
2262 2103 2804 2168 excommunicatis
2849 2097 3300 2164 ahsolutionem
3342 2097 3583 2180 imper-

941 2209 1054 2274 tiri
1086 2208 1352 2293 possint.

939 2339 1302 2407 Alexander
1333 2344 1448 2405 etc.
1630 2339 2000 2408 Devotionis
2029 2345 2237 2409 vestre
2267 2346 2382 2409 etc.
2429 2340 2663 2409 Datum
2694 2339 2984 2424 Ansgnie
3012 2338 3121 2405 xvi
3148 2335 3277 2403 kal.
3302 2335 3583 2403 ianuarii

721 2447 1122 2535 pontificatus
1167 2445 1369 2512 nostri
1415 2467 1578 2512 anno
1625 2447 1862 2532 quinto.

934 2590 1020 2640 Or.
1055 2589 1108 2639 in
1145 2587 1343 2641 archivo
1379 2587 1566 2640 ordinis
1602 2587 1898 2640 'theutonici
1925 2587 2321 2642 vindobonensi.

729 2828 903 2899 602.
945 2829 1120 2896 1259
1146 2830 1319 2914 febr.
1353 2829 1443 2895 22
1487 2829 1841 2916 Anaqniae.
1923 2830 2289 2898 Alexander
2335 2831 2443 2899 IV
2478 2833 2703 2919 repetit
2746 2829 3023 2896 Honorii
3065 2825 3189 2894 III
3222 2851 3287 2891 n.
3320 2825 3459 2892 326
3506 2827 3582 2890 de

945 2937 1116 3003 1221
1164 2939 1415 3002 ianuar.
1451 2937 1555 3004 18.

951 3068 1310 3136 Alexander
1353 3073 1468 3136 etc.
1783 3070 1909 3156 Ea,
1967 3091 2087 3156 que
2131 3093 2247 3159 pro
2292 3078 2409 3140 etc.
2503 3069 2739 3138 Datum
2784 3069 3071 3155 Anagnia
3116 3068 3227 3136 viii
3271 3065 3583 3134 kalendas

722 3177 941 3244 marcii
989 3175 1387 3263 pontificatus
1432 3176 1634 3245 nostri
1679 3198 1842 3245 anno
1889 3181 2127 3266 quinto.

937 3319 1128 3370 Citatur
1162 3318 1226 3370 R.
1252 3318 1322 3369 99
1357 3317 1488 3368 inter
1525 3316 1749 3370 Alsatiea
1788 3317 1870 3370 16.

733 3547 908 3620 603.
950 3551 1125 3617 1259
1152 3551 1324 3636 febr.
1359 3551 1449 3616 22
1477 3551 1789 3637 Anaqnie.
1860 3553 2223 3619 Ale-vander
2252 3553 2362 3619 IV
2396 3565 2561 3620 vetat
2602 3553 2878 3618 homines
2906 3551 3197 3616 maleum
3227 3553 3302 3614 in
3332 3550 3579 3614 ordinis

956 3656 1324 3724 Theutonici
1386 3659 1760 3724 molendinis
1821 3659 1919 3724 vel
1971 3662 2042 3724 in
2090 3661 2318 3745 furnis
2376 3663 2507 3726 eius
2564 3673 2886 3747 coquentes
2942 3672 3054 3724 aut
3106 3659 3429 3723 vendendo
3482 3655 3583 3721 vel

948 3767 1200 3830 emendo
1247 3787 1385 3830 cum
1429 3788 1497 3830 eo
1543 3769 2061 3832 communicantes
2107 3771 2646 3834 excommunicari.

952 3905 1311 3973 Alexander
1363 3905 1691 3994 episcopus
1748 3928 1966 3975 servus
2010 3928 2335 3975 servorum
2380 3907 2481 3975 dei
2524 3907 2983 3976 venerabilibus
3026 3906 3329 3973 fratribus
3374 3905 3581 3972 archi·

733 4014 1043 4099 episcopis
1091 4019 1153 4079 et
1197 4015 1527 4100 episcopis,
1572 4015 1638 4080 in
1684 4034 1946 4100 quorum
1981 4015 2329 4082 diocesibus
2359 4015 2615 4082 ecclesie
2648 4035 2723 4082 ac
2751 4015 2971 4081 domus
3003 4013 3333 4100 hospitalis
3362 4019 3579 4080 sancte

731 4105 930 4186 Marie
960 4119 1178 4186 domus
1203 4121 1726 4188 Theutonicorum
1749 4121 2229 4189 lerosolimitani
2254 4123 2623 4207 consistunt,
2654 4122 2921 4189 salntem
2946 4127 3009 4188 et
3031 4120 3440 4208 apostolicam
3468 4120 3581 4186 be-

730 4226 1166 4294 nedictionem.
1344 4227 1589 4306 Quanto
1636 4229 1904 4315 amplius
1952 4249 2087 4296 esse
2116 4229 2353 4297 debetis
2384 4231 2623 4297 iustitie
2654 4231 2980 4313 zelatoreS‚
3026 4221 3201 4296 tauto
3232 4231 3435 4311 magis
3462 4248 3579 4294 vos

731 4335 988 4401 dedecet
1028 4335 1234 4400 facere
1277 4335 1558 4402 fraudem
1605 4335 1732 4418 legi
1777 4342 1840 4404 et
1883 4337 2217 4423 presertim
2260 4337 2326 4403 in
2375 4336 2714 4424 apostolice
2758 4337 2925 4404 sedis
2968 4337 3263 4403 iniuriam
3308 4340 3373 4402 et
3428 4355 3578 4402 con·

731 4447 1058 4527 temptum.
1129 4440 1294 4508 Sane
1339 4441 1548 4508 dilecti
1593 4441 1707 4508 filii
1740 4493 1755 4508 .
1785 4494 1800 4509 .
1835 4445 2133 4528 magister
2179 4450 2243 4511 et
2283 4445 2509 4512 fratres
2538 4443 2868 4533 hospitalis
2898 4449 3113 4511 sancte
3144 4442 3341 4511 Marie
3368 4442 3575 4510 Tben-

727 4550 1078 4615 tonicorum
1123 4547 1604 4616 lerosolimitani
1648 4571 1898 4634 gravem
1945 4551 2126 4618 nobis
2176 4551 2628 4638 querimoniam
2676 4552 3063 4636 obtulerunt,
3110 4551 3277 4636 qnod
3320 4550 3573 4637 quidam

729 4660 1004 4722 vestrum
1054 4661 1117 4722 et
1147 4675 1358 4722 eorum
1393 4655 1710 4741 officiales,
1757 4679 1898 4724 cum
1935 4658 2001 4724 in
2030 4643 2139 4726 'eos
2168 4679 2293 4725 non
2325 4661 2569 4747 possint
2598 4658 3258 4727 excommunicationis
3290 4664 3357 4725 et
3380 4658 3575 4724 inter·

729 4762 877 4828 dicti
937 4763 1216 4848 proferre
1275 4764 1615 4831 sententias
1673 4785 1776 4850 eo,
1836 4767 2003 4852 quod
2049 4786 2236 4853 snper
2280 4766 2399 4833 hoc
2443 4767 2781 4854 apostolice
2826 4767 2993 4834 sedis
3038 4765 3385 4854 privilegiis
3430 4771 3579 4832 sunt

729 4871 983 4953 muniti,
1039 4871 1106 4935 in
1160 4871 1442 4938 homines
1501 4893 1712 4939 eorum
1772 4878 1835 4940 et
1879 4893 2019 4958 eos,
2082 4875 2189 4959 qui
2232 4874 2477 4941 molunt
2518 4876 2585 4941 in
2630 4875 3005 4942 molendinis
3049 4874 3149 4941 vel
3192 4879 3470 4960 coquunt
3512 4874 3573 4940 in

725 4975 926 5041 furnis
959 4997 1192 5062 eorum,
1225 4978 1456 5065 quique
1487 4979 1810 5047 vendendo
1842 5001 1952 5048 seu
1986 4981 2249 5048 emendo
2278 4981 2377 5048 vel
2412 4981 2567 5048 alias
2598 4982 2688 5048 eis
2720 4981 3199 5068 communicant,
3232 4983 3575 5049 sententias
