3892 5609
724 290 872 360 150
1686 298 1960 348 Aram.
2028 297 2249 348 Rom.
2315 297 2618 347 rumen

718 461 828 546 qui
871 459 1169 526 mandato
1214 460 1499 545 ipsorum
1543 457 1871 525 consulum
1931 463 1996 526 et
2045 462 2304 542 rogatus
2349 478 2390 524 a
2433 457 2723 546 partibus
2768 457 2884 525 hec
2927 458 3186 545 scripsit
3227 461 3294 524 et
3335 457 3458 524 hoc
3497 457 3592 524 si-

717 559 911 651 gnum
959 587 1143 632 suum
1186 566 1502 652 apposuit.
1572 564 1813 648 (Locus
1858 553 2082 652 siqui.)

926 690 969 752 1,
994 685 1065 742 38
1088 707 1139 740 n.
1158 687 1246 740 87.
1340 688 1403 755 1.⁶
1424 689 1455 739 i.
1477 705 1525 755 q.
1551 695 1903 755 exspectantes
1975 687 2027 739 2.
2053 687 2255 739 domum
2277 685 2339 738 Β.
2411 685 2462 738 3.
2487 687 2749 754 presencie
2773 685 2834 739 B.
2905 687 2956 740 4.
2995 689 3019 738 ’ἶ
3047 687 3377 742 domnorum?
3449 689 3502 740 5.
3525 688 3592 741 B.

724 896 895 968 153.
940 897 1117 964 1229
1164 895 1367 984 aprili
1418 897 1595 982 apud
1638 893 1873 962 Accon.
1942 893 2312 960 Fridericue
2344 893 2431 958 II
2463 897 2809 981 imperator
2851 919 2896 960 a
2939 897 3123 961 domo
3171 897 3348 982 hosp.
3387 895 3458 962 S.
3491 897 3588 962 M.

634 1001 637 1004 ’
946 1003 1061 1070 Th.
1096 1008 1242 1069 emit
1270 1015 1545 1068 castmm
1573 1003 1855 1068 Meeanii
1880 1005 2044 1068 inter
2073 1004 2384 1066 civitatem
2413 1002 2776 1067 Brundusii
2817 1015 2874 1068 et
2903 1017 3180 1070 cactmm
3209 1003 3475 1089 Hor-yae
3499 1008 3592 1068 si·-

939 1125 1070 1178 tum
1102 1123 1158 1176 et
1186 1112 1437 1176 domum
1469 1111 1788 1196 quondam
1818 1111 2171 1196 Maryariti
2195 1111 2384 1174 sitam
2425 1131 2628 1196 prope
2669 1123 2924 1195 portum
2955 1113 3227 1175 civitatis
3257 1110 3436 1175 illiue
3463 1133 3592 1197 pro

834 1245 839 1252 ·
941 1217 1123 1284 6400
1172 1217 1459 1286 bisanciis
1515 1219 1935 1281 sarracenatic
1992 1219 2323 1281 annuatim
2381 1217 2459 1280 de
2511 1216 2858 1282 redditibus
2915 1229 3168 1283 catenae
3225 1230 3283 1282 et
3331 1218 3596 1302 fundae

940 1325 1401 1390 Acconensium
1466 1323 1795 1388 solvendis.
1897 1321 2106 1388 Testes
2121 1345 2142 1386 .·
2209 1322 2527 1388 Baliamw
2591 1324 2882 1388 dominus
2941 1321 3240 1401 Sidonis3
3315 1323 3458 1390 odo
3515 1327 3596 1390 de

942 1413 1474 1509 Montebeliardo,
1524 1429 1974 1496 comestabulus
2017 1432 2202 1514 requi
2244 1427 2766 1507 Ierosolimitani3
2825 1431 3138 1496 Iohannes
3183 1432 3264 1496 de
3307 1429 3596 1507 Melino,-

948 1537 1343 1606 Gnarum-ius
1389 1535 1816 1612 Alemannue3
1876 1535 2122 1622 Aymo,
2191 1557 2386 1622 nepos
2444 1539 2608 1613 eius3
2667 1537 3024 1623 Aymm,
3096 1560 3294 1624 nepos
3345 1538 3596 1622 fratr-123

943 1644 1236 1731 Aymari.

932 1767 974 1829 Ι,
1017 1765 1081 1816 18
1092 1783 1138 1817 v.
1174 1781 1225 1816 n.
1252 1764 1348 1826 29,
1398 1763 1533 1814 unde
1570 1763 1730 1814 edidit
1764 1761 2310 1815 Huillard—Breholles
2344 1761 2436 1825 111,
2467 1761 2592 1825 129,
2640 1764 2726 1830 qui
2759 1772 3004 1817 memorat
3037 1763 3284 1832 originale
3319 1766 3506 1820 adesse
3543 1768 3596 1818 in

723 1856 923 1908 archivo
959 1853 1297 1920 Neapolitano
1334 1851 1470 1918 apud
1506 1851 1561 1904 S.
1586 1851 1897 1904 Severinum.
2643 1851 2650 1857 '
3485 1859 3490 1863 ⁴

732 2059 903 2129 154.
945 2058 1237 2141 (12393).
1307 2057 1606 2124 Clausala
1636 2059 2066 2124 vidimationis
2089 2056 2413 2123 Fndmci
2421 2058 2509 2124 II
2527 2061 2926 2146 impe-uteris
2951 2061 3287 2146 diplomati
3314 2062 3396 2127 de
3417 2061 3592 2128 1221

944 2167 1148 2254 aprili
1190 2164 1419 2252 (supra
1462 2187 1525 2229 n.
1562 2164 1725 2247 149)
1771 2165 1993 2250 assita.

944 2289 1123 2368 Quod
1168 2288 1548 2355 autenticum
1597 2287 2002 2374 privilegium
2047 2287 2400 2374 exemplavi
2447 2307 2562 2372 ego
2609 2287 2926 2374 Ionathas,
2972 2289 3261 2375 publicus
3303 2291 3594 2357 notarius

721 2397 967 2481 Baroli‚
1026 2397 1130 2462 die
1174 2395 1470 2462 Mercurii
1514 2405 1628 2460 xx⁰
1658 2395 1772 2460 vii⁰
1816 2394 2054 2460 mensis
2098 2395 2369 2460 ianuarii
2414 2396 2554 2461 xiii·
2597 2386 2942 2463 indictione
2987 2396 3066 2463 de
3109 2397 3413 2464 mandato
3458 2397 3596 2463 An-

724 2505 848 2589 geli
892 2502 1136 2570 Bonelli
1182 2508 1269 2575 et,
1292 2502 1677 2586 Sebastiani,
1732 2500 2156 2587 imperialium
2203 2501 2481 2568 iudicum
2527 2501 2773 2586 Baroli,
2831 2503 2937 2588 qui
2981 2524 3109 2570 una
3152 2524 3403 2571 mecum
3449 2525 3596 2571 cum

724 2611 1094 2696 subscriptis
1138 2609 1403 2677 testibus
1449 2609 1711 2675 dictum.
1735 2608 2120 2675 autenticum
2179 2607 2578 2693 privilegium
2636 2609 2842 2693 sigillo
2895 2629 3084 2676 aureo
3143 2611 3450 2696 pendenti
3507 2613 3596 2678 si·

722 2717 1011 2803 gillatum
1059 2717 1351 2783 viderunt
1396 2721 1460 2782 et
1501 2716 1810 2800 legerunt⁷
1856 2715 1937 2781 ad
1981 2715 2356 2802 peticionem
2403 2715 2619 2780 fratris
2661 2715 2998 2802 Oonraudi,
3043 2721 3436 2805 preceptoris
3483 2721 3596 2785 do-

724 2821 895 2892 mus¹
940 2823 1271 2909 hospitalis
1302 2829 1515 2890 sancte
1545 2822 1745 2890 Marie
1776 2819 2028 2888 domus¹
2059 2821 2583 2888 Theotonicorum
2617 2823 2686 2888 in
2712 2822 2963 2907 BaroIO,
3013 2829 3078 2891 et
3119 2844 3234 2910 pro
3282 2845 3378 2910 eo,
3427 2827 3598 2911 quod

726 2932 930 2998 dictus
986 2935 1319 3017 preceptor
1374 2934 1437 2997 et
1495 2929 1602 2996 alii
1654 2930 1882 2995 fratres
1928 2927 2208 2995 eiusdem
2252 2927 2584 3014 hospitalis
2629 2929 2866 2996 dictum
2921 2930 3324 3017 privilegium
3379 2953 3592 3000 secum

726 3037 971 3105 deferre
1013 3037 1345 3120 timebant,
1388 3057 1469 3102 ne
1510 3037 1673 3103 forte
1716 3055 1867 3102 casu
1913 3027 2124 3120 aliquo
2169 3039 2385 3121 posset
2431 3035 2672 3102 destrui
2717 3036 2818 3103 vel
2863 3037 3141 3124 deperdi.

947 3145 1013 3212 —1-
1056 3143 1335 3228 Angelus
1381 3143 1624 3209 Bonelli
1669 3144 1851 3229 quasi
1894 3141 2241 3228 imperialis
2285 3141 2497 3209 Baroli
2544 3142 2751 3210 iudex.

948 3251 1014 3318 —1-
1060 3249 1465 3317 Sebastianus
1514 3249 1695 3334 quasi
1736 3249 2086 3335 imperialis
2131 3249 2322 3314 iudex
2365 3247 2598 3315 Baroli.

950 3357 1017 3424 -1-
1059 3355 1395 3423 Umfredus
1438 3355 1605 3423 filius
1652 3355 2004 3422 Gurmundi
2047 3355 2270 3422 militis
2313 3360 2601 3422 testatur.

950 3465 1015 3532 -1-
1058 3463 1354 3530 Nicolaus
1399 3463 1564 3530 filius
1610 3462 1921 3530 Gualterii
1966 3463 2043 3528 de
2087 3461 2336 3529 Porfido
2379 3467 2668 3530 testatur.
2763 3463 3002 3544 (Locus
3046 3464 3269 3552 siqui.)

940 3589 982 3650 1,
1008 3588 1134 3639 43v.
1172 3605 1223 3639 n.
1242 3587 1327 3638 94.
1378 3586 1591 3638 Indictio
1616 3585 1701 3636 xiii
1724 3587 1937 3652 quadrat
1974 3587 2024 3636 in
2062 3602 2220 3637 annos
2249 3585 2384 3636 1225
2414 3594 2467 3636 et
2493 3585 2656 3647 1240;
2697 3585 2832 3637 1239
2856 3586 2925 3636 xii
2951 3588 3179 3638 cucurrit.
3235 3587 3596 3656 subiungimus

728 3679 811 3730 hic
844 3677 1075 3729 notitiam
1111 3675 1437 3744 diplomatum
1470 3675 1676 3726 fortuito
1710 3675 1857 3726 nobis
1892 3674 2190 3740 praesertim
2223 3675 2274 3725 in
2299 3674 2366 3725 H.
2384 3675 2466 3726 W.
2493 3674 2675 3725 Schulz
2699 3673 3004 3726 Dresdensis
3035 3676 3283 3742 excerptis
3311 3678 3596 3730 obviorum:

735 3766 870 3818 1269
896 3765 981 3816 iul.
1000 3765 1063 3816 21
1094 3765 1145 3815 in
1170 3764 1431 3816 obsidione
1450 3764 1706 3815 Luceriae.
1752 3763 1969 3814 Karalus
1985 3762 2012 3813 1
2031 3761 2232 3814 Siciliae
2255 3779 2344 3814 rex
2369 3763 2598 3817 concedit
2619 3763 2782 3815 ordini
2807 3783 2846 3814 s.
2863 3761 3058 3814 Mariae
3076 3763 3517 3829 Theutonieorum,
3541 3777 3598 3819 ut

730 3872 792 3906 ex
816 3853 1069 3906 masseriis
1103 3853 1319 3919 propriis
1344 3869 1435 3918 per
1459 3851 1677 3918 Apuliae
1709 3860 1884 3919 portus
1908 3851 2080 3902 Accon
2105 3861 2335 3917 exportet
2363 3850 2497 3904 1500
2519 3852 2703 3903 salmoe
2727 3853 2962 3903 frumenti
2987 3861 3039 3904 et
3061 3852 3166 3904 500
3189 3854 3374 3907 salmes
3399 3855 3596 3920 hordei,

729 3961 879 4010 quum
916 3953 1067 3995 antea
1096 3941 1309 4007 Apuliae
1344 3951 1567 3992 secretus
1604 3941 1867 4006 quicquam
1904 3940 2158 4006 exportari
2193 3940 2420 3990 vetuerit.
2481 3939 2684 3992 Archiv‘.
2708 3940 2924 4007 Neapol.
2948 3949 3134 4006 regest.
3159 3941 3282 3994 Kar.
3306 3943 3333 3992 1
3373 3943 3512 3997 1269
3535 3945 3596 3996 B.

732 4049 781 4098 p.
814 4029 931 4082 145.
960 4060 1022 4068 -
1065 4028 1200 4080 1275
1238 4038 1367 4096 sept.
1398 4029 1478 4081 10.
1537 4029 1688 4095 Regii
1722 4028 1968 4095 praefecti
2003 4027 2174 4078 salinis
2213 4029 2494 4079 Cannarum
2530 4037 2584 4078 et
2617 4027 2804 4091 Bar-oli,
2841 4039 2897 4080 ut
2932 4039 3268 4095 exsequantur
3301 4033 3598 4085 mandatnm

732 4119 925 4186 regium
951 4119 1299 4169 denuntiatum
1334 4135 1426 4184 per
1462 4117 1654 4168 litteras
1680 4117 1941 4183 Peregrini
1972 4117 2037 4167 de
2059 4115 2307 4178 Meraldo,
2343 4117 2677 4181 procuratoris
2713 4117 2832 4169 salis
2857 4117 3091 4185 Apuliae,
3129 4118 3298 4170 sinunt
3331 4119 3600 4187 religiosos

732 4208 1067 4259 'l'heutonicos
1104 4215 1365 4273 asportare
1400 4206 1475 4258 sal
1506 4225 1535 4257 e
1560 4206 1776 4272 quadam
1813 4205 1976 4257 salina
2011 4221 2182 4256 eorum
2219 4205 2286 4255 ad
2319 4205 2604 4256 massarias.
2659 4205 2852 4258 Gitatnr
2873 4207 2926 4258 in
2949 4205 3158 4273 Syllabo
3193 4209 3603 4262 membr-ananim

732 4297 801 4348 ad
822 4296 995 4362 regiae
1032 4295 1185 4348 siclae
1222 4294 1477 4346 archivum
1510 4293 1883 4361 pertinentium.
1935 4292 2154 4360 Neapoli
2181 4293 2334 4344 1824.
2381 4293 2434 4344 4.
2479 4294 2521 4354 I,
2551 4293 2668 4346 107.
2699 4325 2758 4332 —
2790 4295 2927 4347 1316
2949 4313 3064 4347 nov.
3088 4295 3154 4347 19
3189 4296 3294 4348 ind.
3311 4313 3378 4346 xv
3401 4316 3444 4348 r.
3469 4315 3520 4348 n.
3545 4299 3600 4351 8.

731 4385 985 4436 Robertus
1020 4401 1109 4435 rex
1152 4423 1175 4448 „
1190 4401 1281 4449 pro
1329 4391 1474 4449 parte
1518 4382 1865 4448 religiosorum
1900 4382 2114 4433 virorum
2161 4382 2468 4448 preceptoris
2515 4392 2570 4432 et
2612 4382 2823 4434 fratrum
2861 4399 3003 4436 sacre
3040 4384 3215 4436 domus
3251 4383 3518 4451 hospitalis
3557 4405 3600 4438 s.

730 4473 893 4524 Mario
918 4472 1339 4524 'l'heut-onicorum
1374 4471 1425 4521 in
1461 4487 1621 4537 regno
1646 4471 1817 4523 Sicilia
1844 4471 2163 4522 devotorum“
2205 4487 2408 4520 suorum
2443 4479 2647 4537 rogatus
2685 4471 2930 4534 concedit,
2967 4481 3024 4523 ut
3058 4481 3325 4539 exportent
3359 4471 3468 4525 300
3491 4473 3600 4525 sal-

730 4579 838 4614 mos
876 4561 1111 4614 frumenti
1148 4569 1199 4611 et
1234 4560 1445 4612 totidem
1479 4559 1671 4611 hordei.
1726 4551 1857 4625 Reg'.
1883 4557 2013 4610 Rob.
2044 4555 2180 4611 1316
2215 4557 2274 4609 B.
2306 4558 2406 4609 159
2419 4575 2465 4608 v.
2493 4589 2552 4596 —-
2586 4559 2720 4610 1327
2746 4569 2843 4611 oct.
2863 4561 2927 4612 31
2968 4561 3072 4613 ind.
3097 4561 3148 4610 xi
3181 4578 3222 4612 r.
3249 4579 3296 4612 a.
3321 4561 3402 4612 19.
3454 4562 3603 4614 Idem

730 4651 912 4702 fratres
950 4665 1122 4701 sacrae
1160 4649 1335 4700 domus
1372 4667 1413 4700 s.
1439 4648 1631 4699 Mariae
1663 4648 2100 4708 'l'heutonicorum‚
2138 4663 2312 4700 omnes
2348 4647 2521 4699 domos
2558 4663 2746 4710 eorum,
2783 4649 3037 4715 grangias,
3075 4649 3210 4702 bona
3245 4649 3338 4700 sub
3375 4649 3604 4702 caritatis

730 4757 853 4790 suae
878 4739 1057 4806 clypeo
1081 4738 1275 4804 recipit,
1312 4745 1581 4802 monetque
1605 4753 1778 4788 omnes
1802 4735 2061 4797 officiales,
2097 4743 2153 4786 ut
2181 4743 2420 4800 tanquam
2445 4736 2610 4802 regies
2647 4737 2992 4803 possessiones
3027 4753 3092 4788 ea
3123 4741 3411 4804 protegant.
3466 4738 3602 4806 Reg.

729 4827 861 4879 Rob.
892 4827 1101 4892 132718
1138 4826 1198 4876 Β.
1235 4826 1329 4878 4v.
1352 4855 1415 4863 —-
1447 4825 1599 4877 1334.
1654 4825 1713 4876 In
1750 4824 1928 4876 eodem
1965 4823 2165 4875 archivo
2191 4824 2223 4874 5
2249 4824 2310 4874 E.
2335 4823 2369 4875 f.
2397 4823 2467 4875 80
2503 4825 2716 4878 occurrit
2756 4825 3048 4892 „religiosus
3072 4827 3147 4877 vir
3169 4826 3326 4878 frater
3345 4825 3602 4878 Vah-anus

732 4915 796 4966 de
832 4915 1105 4981 Hornberg
1151 4930 1294 4966 sacre
1340 4915 1516 4966 domus
1551 4911 1814 4980 hospitalis
1852 4931 1892 4965 s.
1902 4912 2080 4980 Max-ie
2116 4911 2422 4964 Theutonice
2455 4913 2664 4966 Ierosol.
2699 4931 2911 4980 magnus
2958 4923 3225 4982 preceptor
3268 4916 3322 4966 in
3357 4915 3603 4983 Apulis?-

736 5004 779 5054 1.
818 5003 1076 5054 domorum
1111 5002 1171 5054 Β.
