3892 5609
1173 328 1404 377 'raam
1451 329 1734 379 sanem.
1803 324 2137 379 Amnum.
2208 329 2477 379 crenus
3166 322 3261 391 57

386 489 610 575 ipsius,
656 489 724 555 in
769 496 988 556 nostra
1033 478 1362 575 proposuit
1407 490 1727 575 presentia
1765 491 2164 573 constitutus,
2212 490 2295 555 ad
2322 494 2455 557 tam
2488 494 2776 556 sanctum
2807 496 2873 556 et
2900 491 3074 577 pium
3108 510 3267 579 opus
3350 526 3357 531 ·

387 595 790 663 laudabiliter
847 596 1352 683 prosequendum
1410 598 1476 663 in
1534 602 1735 681 terra,
1795 617 1984 682 quam
2042 597 2271 664 nobilis
2324 597 2423 663 vir
2478 596 2607 662 dux
2653 596 2912 663 Austrie
2966 597 3267 685 predictis

387 702 690 769 fratribus
735 705 890 769 emit
943 705 1177 770 intuitu
1221 704 1477 789 pietatis
1493 753 1511 789 ,
1571 710 1850 771 castrum
1893 703 2201 770 Montfort
2243 705 2423 770 iuxta
2468 704 2853 771 territorium
2901 704 3269 773 Acconense

389 808 682 876 edificare
725 816 1048 897 ceperunt,
1095 811 1368 898 positum
1415 812 1482 877 in
1529 810 1796 878 confinio
1826 831 2237 899 paganorum,
2284 832 2399 897 per
2428 811 2595 895 quod
2627 810 2984 877 christianis
3022 812 3089 877 in
3117 832 3265 898 par-

387 917 558 986 tibus
601 917 730 983 illis
785 918 1098 984 immensa
1141 918 1486 985 dinoscitur
1530 918 1774 984 utilitas
1817 918 2151 1005 provenire
2166 968 2185 1002 ,
2244 938 2385 984 cum
2434 918 2613 1003 quasi
2660 918 2975 1002 quoddam
3018 919 3267 985 frenum

391 1023 772 1093 Sarracenos
819 1045 1220 1111 compescens
1267 1025 1345 1093 ab
1390 1026 1730 1093 insultibus
1774 1026 2089 1091 consuetis
2133 1022 2421 1092 fidelibus
2466 1026 2951 1109 circumquaque
2980 1044 3265 1093 securam

389 1131 629 1198 tribuat
669 1132 1060 1214 libertatem3
1124 1134 1276 1217 quia
1303 1152 1452 1199 vero
1494 1153 1609 1221 pre
1657 1132 2060 1198 multitudine
2104 1132 2401 1199 continua
2444 1151 2893 1219 expensarum,
2941 1152 3065 1217 que
3106 1132 3265 1219 ipsis

389 1258 506 1327 pro
551 1244 720 1306 terre
765 1244 982 1305 sancte
1024 1238 1304 1305 subsidio
1350 1244 1416 1305 et
1455 1242 1758 1327 precipue
1795 1259 1914 1326 pro
1942 1239 2283 1306 refectione
2312 1259 2659 1326 pauperum
2694 1244 2759 1305 et
2786 1240 3265 1306 necessitatibus

388 1343 786 1412 infirmorum
830 1346 1166 1413 imminent
1191 1345 1495 1430 faciende,
1545 1347 1622 1413 ad
1656 1344 2105 1433 perficiendum
2136 1351 2201 1413 et
2227 1346 2573 1430 regendum
2605 1351 2880 1412 castrum
2913 1346 3267 1432 predictum

390 1454 648 1539 proprie
676 1454 836 1541 ipsis
864 1472 991 1519 non
1023 1458 1370 1539 suppetunt
1395 1454 1748 1538 facultates,
1796 1453 1927 1537 sed,
1974 1457 2047 1519 ut
2086 1454 2363 1538 perfecte
2392 1452 2677 1519 firmetur
2708 1458 2771 1519 et
2803 1454 3045 1539 potenti
3074 1474 3267 1520 manu

389 1564 668 1645 regatur,
725 1561 884 1647 ipsis
941 1564 1038 1626 est
1089 1558 1368 1626 fidelium
1431 1560 1801 1643 suffragium
1851 1566 2261 1646 oportunum,
2322 1560 2657 1645 presertim
2704 1579 2847 1625 cum
2892 1560 2977 1626 sit
3022 1582 3061 1626 a
3104 1562 3269 1627 mari

389 1671 722 1749 remotum,
769 1668 870 1732 cui
915 1667 1081 1733 sicut
1125 1668 1349 1732 ceteris
1398 1666 1758 1733 civitatibus
1803 1673 1868 1733 et
1909 1666 2367 1733 munitionibus
2411 1666 2591 1749 regni
2623 1664 3108 1734 lerosolimitani
3153 1676 3268 1754 p'er

389 1792 566 1838 mare
613 1792 736 1839 non
781 1778 992 1859 potest
1038 1773 1116 1839 de
1163 1793 1460 1840 succursu
1504 1775 1858 1840 necessario
1903 1774 2253 1861 providem
2302 1773 2774 1839 universitatem
2808 1779 3087 1841 vestram
3132 1796 3268 1840 mo-

389 1898 612 1947 nemus
659 1884 723 1945 et
767 1880 1095 1947 hortamur
1137 1880 1202 1945 in
1252 1881 1504 1947 domino
1551 1882 1617 1946 in
1661 1880 2095 1947 remissionem
2140 1880 2571 1965 peccaminum
2604 1877 2811 1946 vobis¹
2846 1882 3267 1966 iniungentes,

389 1991 699 2070 quatenus
746 1987 982 2054 eisdem
1029 1987 1330 2054 fratribus
1361 1987 1463 2053 vel
1507 2008 1720 2053 eorum
1769 1989 2029 2072 nuntiiS,
2077 2007 2219 2053 cum
2268 1987 2349 2052 ad
2383 2007 2492 2053 vos
2538 1988 2936 2072 accesserint,
2984 1988 3065 2054 ad
3110 2008 3267 2074 opus

389 2094 750 2159 huiusmodi
806 2099 990 2177 grata
1045 2095 1302 2180 pietatis
1359 2094 1642 2180 subsidia
1695 2095 2109 2181 impendatis,
2170 2101 2240 2161 ut
2298 2114 2410 2180 per
2466 2093 2943 2160 subventionem
2991 2100 3267 2162 vestram

387 2198 608 2286 perfici
654 2206 720 2266 et
771 2202 1130 2267 conservari
1175 2201 1385 2267 valeat
1429 2208 1704 2268 castrum
1753 2201 2104 2287 prefatum,
2168 2198 2275 2267 ac'
2321 2222 2433 2267 vos
2480 2220 2593 2287 per
2638 2201 2755 2267 hec
2800 2207 2865 2267 et
2910 2200 3035 2267 alia
3077 2200 3266 2285 bona,

389 2327 512 2392 que
557 2306 812 2372 domino
857 2308 1208 2393 inspirante
1253 2309 1550 2393 feceritiS,
1599 2309 1679 2373 ad
1725 2314 1940 2375 eterne
1985 2308 2243 2394 possitis
2286 2306 2607 2373 felicitatis
2654 2307 2887 2391 gaudia
2914 2309 3263 2395 pervenire.

387 2412 520 2479 Nos
567 2410 814 2480 autem⁸
861 2414 936 2480 de
983 2416 1431 2501 omnipotentis
1477 2416 1576 2481 dei
1621 2414 2053 2481 misericordia
2098 2420 2163 2480 et
2204 2414 2530 2481 beatorum
2564 2412 2739 2481 Petri
2784 2421 2848 2481 et
2886 2415 3071 2481 Pauli
3116 2434 3267 2501 apo-

390 2521 696 2587 stolorum
741 2522 876 2587 eius
924 2522 1295 2589 auctoritate
1341 2522 1578 2606 confisi,
1634 2522 1944 2606 omnibus,
1992 2522 2099 2606 qui
2146 2521 2225 2587 de
2270 2522 2451 2588 bonis
2496 2522 2619 2588 sibi
2664 2516 2907 2589 collatis
2956 2544 2995 2591 a
3036 2521 3153 2587 deo
3199 2522 3267 2587 in

389 2628 510 2694 hoc
563 2628 970 2695 subvenerint
1025 2629 1326 2695 fratribus
1386 2630 1752 2695 memoratis
1807 2630 2023 2713 eisque
2077 2626 2380 2694 beneficia
2432 2628 2881 2716 persolverint,
2939 2628 3264 2694 annuatim

389 2736 724 2821 septimam
786 2740 1031 2822 partem
1089 2736 1368 2802 iniuncte
1422 2736 1768 2823 penitentie
1813 2736 2204 2819 relaxamus,
2264 2736 2660 2822 presentibus
2706 2742 2853 2823 post
2896 2735 3267 2803 decennium

389 2841 654 2909 minime
681 2842 990 2909 valituris.
1063 2842 1297 2909 Datum
1345 2841 1644 2908 Laterani
1675 2843 1760 2908 vi⁰
1790 2843 1932 2909 idus
1974 2842 2112 2909 iulii
2154 2840 2555 2929 pontificatus
2586 2844 2786 2910 nostri
2821 2862 2985 2909 anno
3018 2846 3260 2927 quarto.

603 2982 780 3033 Inveni
815 2984 1163 3049 apographum
1199 2984 1249 3033 in
1275 2984 1500 3035 Heinrici
1527 2982 1764 3035 Guilelmi
1787 2984 1970 3035 Schulz
1995 2983 2299 3035 Dresdensis
2330 2984 2530 3035 schedis
2566 3001 2679 3035 cum
2703 2992 2851 3036 nota:
2892 2983 3057 3035 'Carta
3090 2980 3267 3034 sciolta

389 3089 440 3123 n.
465 3070 538 3122 53
571 3070 873 3132 Baldanus‘3
918 3072 1117 3124 videtur
1157 3088 1220 3123 ex
1255 3071 1592 3137 Neapolitano
1635 3073 1838 3123 archivo
1881 3072 2215 3139 depromtum.
2253 3102 2314 3111 —-
2353 3072 2415 3123 In
2448 3072 2668 3139 copiario
2704 3072 3075 3139 Regimontano
3112 3072 3178 3122 A.
3200 3070 3266 3122 16

389 3178 442 3227 p.
461 3159 534 3211 46
573 3160 708 3211 inter
749 3160 981 3227 papalia,
1029 3178 1158 3227 quae
1193 3160 1369 3211 Bai-uli
1411 3160 1461 3210 in
1509 3160 1658 3211 domo
1695 3160 2008 3212 'theutonica
2054 3161 2461 3223 inveniebantur3
2508 3160 2719 3213 contulit
2753 3179 2799 3211 v.
2829 3160 2891 3213 cl.
2916 3159 3265 3226 Meckelburg.

394 3249 440 3301 1.
478 3250 624 3301 vobis
659 3251 1001 3316 peccaminum
1039 3248 1156 3301 sch.
1333 3248 1384 3299 2.
1422 3256 1638 3299 castrum
1675 3250 1840 3316 ipsum
1875 3258 1928 3299 et
1962 3250 2027 3301 A.
2052 3250 2131 3301 16.
2310 3248 2362 3302 3.
2400 3250 2535 3301 enim
2570 3250 2687 3301 Sch.

396 3550 518 3621 73.
567 3554 745 3620 1230
791 3555 1031 3620 octobri
1071 3556 1252 3641 apud
1295 3558 1523 3618 Accon.
1603 3554 1927 3639 Radulfus
1988 3554 2181 3620 abbas
2228 3576 2277 3617 ε.
2310 3555 2567 3621 Mariae
2622 3557 2698 3619 de
2750 3556 2914 3620 valle
2959 3554 3267 3641 Iosophat

571 3664 891 3741 consentit,
943 3662 1112 3747 quod
1142 3660 1454 3727 Iohannes
1485 3663 1562 3725 de
1593 3659 1808 3751 Canay
1851 3664 2072 3727 domui
2098 3662 2429 3747 hospitalis
2454 3661 2957 3727 Alamannorum
2984 3662 3269 3727 vendidit

571 3770 778 3835 casale
819 3768 1139 3833 Keisereth
1183 3780 1240 3832 et
1278 3772 1598 3853 qastinam
1641 3768 1893 3835 Malous.

613 3910 894 3977 Noscant
947 3908 1230 3974 universi
1284 3914 1607 3995 presentes
1667 3914 1730 3976 et
1783 3910 2012 3995 futuri,
2078 3910 2244 3996 quod
2299 3930 2413 3976 nos
2459 3908 2763 3976 Radulfus
2810 3908 3003 3975 abbas
3050 3914 3267 3976 sancte

387 4018 589 4085 Maris
645 4016 724 4083 de
768 4015 932 4082 valle
976 4014 1274 4102 Iosaphat
1330 4016 1406 4083 de
1465 4037 1724 4084 assensu
1782 4022 1846 4085 et
1889 4018 2213 4091 voluntate
2270 4017 2529 4104 capituli
2588 4017 2787 4083 nostri
2835 4017 3265 4083 consensimus

389 4130 454 4192 et
507 4130 716 4191 ratam
774 4122 1106 4189 habuimus
1151 4123 1582 4190 vendicionem
1641 4124 1866 4191 casalis
1925 4125 2129 4192 nostri
2184 4126 2438 4190 nomine
2483 4123 2843 4190 Keissereth
2901 4129 2965 4189 et
3020 4124 3267 4207 gastine

387 4232 642 4299 nomine
671 4230 898 4297 Mahus
944 4250 1082 4295 cum
1133 4250 1346 4295 eorum
1398 4232 1787 4317 appendiciis
1832 4232 2063 4298 factam
2113 4252 2226 4318 per
2254 4232 2595 4299 Iohannem
2644 4231 2721 4297 de
2752 4228 2969 4317 Canay
2998 4230 3265 4297 militem

389 4340 601 4406 domui
651 4343 714 4404 et
757 4337 1059 4403 fratribus
1091 4336 1420 4423 hospitalis
1453 4338 1972 4423 Alamannorum,
2020 4359 2137 4424 pro
2170 4358 2291 4423 quo
2324 4337 2519 4404 casali
2556 4338 2721 4405 idem
2754 4337 3063 4405 Iohannes
3092 4342 3265 4403 tene-

388 4446 574 4513 batur
617 4445 881 4511 reddere
925 4444 1106 4511 nobis
1155 4446 1335 4510 annis
1383 4446 1646 4529 singulis
1694 4451 1758 4511 et
1801 4447 2035 4512 nostris
2082 4445 2543 4513 successoribus
2589 4455 2747 4510 xxx·
2778 4444 3083 4511 bisantios
3130 4465 3265 4510 sar-

385 4558 716 4619 racenatos
762 4552 1106 4635 censuales,
1152 4552 1592 4618 renunciantes
1639 4553 1812 4619 omni
1853 4554 2001 4637 iuri,
2050 4552 2215 4637 quod
2260 4553 2329 4618 in
2374 4552 2593 4619 eodem
2623 4552 2819 4619 casali
2846 4550 2947 4617 vel
2975 4572 3093 4637 pro
3120 4552 3263 4638 ipso

387 4660 584 4726 casali
631 4665 693 4727 et
745 4660 878 4725 suis
920 4658 1328 4745 pertinenciis
1374 4658 1758 4726 habebamus
1789 4658 1890 4725 vel
1935 4660 2167 4726 habere
2213 4659 2613 4727 debebamus.
2693 4658 2818 4725 Pro
2865 4660 3265 4725 concessione

387 4787 536 4834 vero
591 4766 972 4833 venditionis
1043 4766 1324 4833 eiusdem
1393 4766 1620 4832 casalis
1691 4771 1756 4832 et
1823 4768 2354 4853 pertinenciarum
2424 4788 2679 4833 suarum
2754 4771 2819 4833 et
2885 4762 3263 4850 quitatione¹

387 4885 543 4940 xxx·
588 4873 1009 4940 bisanciorum
1057 4872 1444 4939 censualium
1493 4879 1558 4940 et
1597 4874 2073 4940 renunciatione
2116 4874 2307 4956 iuriS,
2367 4874 2535 4960 quod
2578 4872 2962 4940 habebamus
3004 4872 3074 4938 in
3120 4894 3264 4959 pre-

387 4980 554 5047 dicto
601 4980 794 5047 casali
837 4981 1036 5047 frater
1081 4980 1363 5067 Haymo,
1422 4981 1590 5047 vices
1648 5000 1872 5064 gerens
1927 4982 2145 5067 magni
2198 4981 2487 5069 magistri
2543 4980 2703 5049 citra
2756 4999 2967 5065 mare,
3025 4979 3265 5047 scilicet
