3892 5609
1162 318 1390 367 ‘raam
1439 318 1720 367 emon.
1793 320 2124 367 1161161116.
2195 318 2461 367 errans
3152 308 3192 377 7
3208 309 3245 379 1
3356 301 3369 311 ’

353 478 602 563 ‚stricte
645 477 1030 565 precipiatur
1075 500 1122 544 a.
1147 460 1452 561 magistro
1485 479 2015 546 Theutonicorum
2060 481 2195 546 sive
2242 479 2319 545 ab
2368 478 2511 563 alio,
2562 480 2669 562 qui
2713 479 2906 545 fuerit
2946 479 3083 547 loco
3132 480 3251 564 sni,

378 585 550 671 quod
591 586 761 652 idem
809 584 1054 651 baiulus
1100 585 1266 651 bona
1307 584 1433 651 fide
1479 592 1544 651 et
1587 587 1724 652 sine
1767 587 1990 653 fraude
2035 592 2100 653 et
2130 588 2291 652 vicio
2325 584 2533 670 aliquo
2566 585 2793 652 debeat
2818 586 3081 653 reddere
3110 587 3253 653 red-

379 692 548 757 ditus
581 693 714 757 sive
745 697 1088 778 proventus
1120 699 1340 777 quarte
1373 692 1573 778 partis
1603 693 1829 759 casalis
1860 693 2100 758 Arabie
2145 712 2283 758 cum
2331 692 2739 778 pertinenciis
2786 694 2916 759 suis
2948 694 3253 777 magistro

379 805 444 865 et
486 799 792 866 fratribus
835 799 1166 885 hospitalis
1215 799 1415 867 sancti
1461 798 1776 865 Iohannis.
1860 798 1949 865 Et
1990 799 2158 865 idem
2204 798 2453 863 baiulus
2500 798 2578 864 de
2623 800 2991 865 comunibus
3044 800 3254 867 reddi·

377 905 548 971 tibus
597 906 822 971 casalis
871 911 934 971 et
976 906 1382 992 pertinenciis
1429 907 1731 991 predictis
1775 906 2074 971 retinebit
2120 906 2242 971 sibi
2288 925 2598 991 expensas
2632 906 2987 972 moderatas
3036 912 3101 972 et
3142 927 3253 972 ne-

379 1014 719 1094 cessarias;
769 1019 831 1079 et
874 1018 1003 1079 tam
1053 1014 1162 1079 diu
1207 1013 1510 1095 magister
1556 1020 1620 1080 et
1662 1014 1891 1079 fratres
1935 1011 2269 1098 hospitalis
2317 1013 2521 1077 sancti
2564 1011 2858 1079 Iohannis
2906 1014 3257 1099 percipient

379 1120 663 1185 redditus
709 1125 932 1205 quarte
972 1122 1174 1207 partis
1225 1120 1448 1187 casalis
1490 1120 1727 1187 Arabie
1773 1140 1915 1186 cum
1960 1118 2367 1205 pertinenciis
2414 1120 2567 1203 suis,
2616 1119 2815 1187 donec
2860 1120 3253 1187 satisfactum

377 1226 572 1292 fuerit
627 1227 926 1313 hospitali
971 1228 1172 1293 sancti
1219 1226 1516 1293 Iohannis
1573 1228 1652 1294 de
1709 1228 1984 1312 quinque
2043 1225 2295 1291 milibus
2350 1226 2799 1310 bisantiorum,
2856 1247 2971 1314 pro
3028 1226 3253 1312 quibus

379 1334 588 1419 ipsum
637 1334 844 1399 casale
891 1355 1032 1400 cum
1077 1334 1484 1419 pertinenciis
1530 1335 1662 1401 suis
1711 1340 1808 1401 661
1845 1352 2045 1419 penes
2092 1334 2465 1416 magistrum
2526 1340 2589 1401 et
2641 1336 2869 1401 fratres
2922 1332 3253 1419 hospitalis

381 1440 584 1506 sancti
611 1440 906 1506 Iohannis
953 1441 1206 1525 pignori
1251 1440 1614 1523 obligatum.
1685 1440 1772 1507 Et
1817 1441 1872 1507 si
1919 1439 2129 1525 aliqua
2175 1440 2307 1507 sive
2338 1441 2637 1507 secularis
2669 1442 2803 1507 sive
2833 1441 3256 1521 ecclesiastica

381 1567 653 1634 persona
684 1546 784 1613 vel
818 1548 1194 1634 quicumque
1238 1549 1400 1615 alius
1443 1549 1654 1633 fuerit,
1703 1548 1811 1634 qui
1855 1552 2139 1613 moveret
2168 1548 2561 1631 questionem
2606 1554 2827 1614 contra
2869 1548 3097 1614 fratres
3144 1548 3253 1613 do-

381 1674 522 1719 mus
569 1654 1054 1721 Teutonicorum
1101 1656 1201 1721 vel
1245 1656 1616 1723 violenciam
1671 1654 1937 1721 inferret
1993 1654 2230 1721 eisdem
2290 1655 2366 1720 de
2422 1655 2617 1721 casali
2672 1656 2955 1742 predicto
3010 1662 3073 1722 et
3119 1656 3253 1721 eius

385 1762 824 1847 pertinenciis,
881 1762 1183 1845 magister
1243 1768 1305 1829 et
1352 1765 1580 1829 fratres
1634 1761 1967 1847 hospitalis
2026 1762 2228 1827 sancti
2271 1760 2565 1827 Iohannis
2624 1766 2925 1847 quantum
2985 1762 3062 1828 de
3116 1763 3255 1827 11116

381 1870 680 1954 poterunt
726 1869 1024 1935 assistent
1066 1870 1368 1937 fratribus
1415 1870 1817 1937 Theutonicis
1873 1874 1937 1933 61
1993 1868 2333 1934 exibebunt
2392 1870 2482 1934 eis
2542 1869 2883 1935 secundum
2935 1868 3255 1933 iusticiam

385 1995 604 2042 eorum
634 1974 1000 2059 suffragium
1038 1982 1102 2043 et
1127 1977 1423 2043 iuvamen
1459 1978 1648 2043 sicuti
1679 1976 1755 2042 de
1787 1995 1902 2069 sua
1931 1974 2248 2058 gaggeria,
2296 1994 2620 2059 quousque
2666 1975 2788 2042 sibi
2831 1976 3025 2041 fuerit
3069 1975 3255 2041 satis-

383 2082 639 2147 factum.
710 2081 796 2148 Et
841 2102 984 2148 cum
1028 2085 1330 2167 magister
1377 2091 1442 2151 et
1483 2086 1712 2150 fratres
1757 2082 2029 2168 predicti
2073 2080 2405 2167 hospitalis
2452 2082 2655 2147 sancti
2700 2081 2995 2148 Iohannis
3042 2102 3257 2168 perce-

381 2189 595 2275 perint
642 2188 916 2274 quinque
946 2189 1126 2255 milia
1155 2190 1572 2257 bisantiorum
1605 2191 1682 2257 de
1717 2188 2069 2255 redditibus
2114 2186 2515 2274 supradictis,
2562 2188 2805 2255 nullum
2850 2189 2948 2254 ius
2995 2187 3258 2255 ulterius

382 2315 500 2380 pro
532 2294 715 2361 dictis
751 2316 788 2359 v
818 2295 1072 2361 milibus
1103 2296 1526 2364 bisanciorum
1575 2300 1641 2363 in
1683 2297 1849 2362 dicto
1887 2294 2081 2361 casali
2111 2294 2531 2361 vendicabunt
2576 2302 2641 2362 et
2684 2296 3005 2363 dimittent
3047 2296 3260 2381 ipsum

384 2402 596 2486 quiete
641 2407 704 2467 et
746 2400 1007 2488 pacifice
1049 2403 1350 2471 fratribus
1383 2404 1786 2471 Theutonicis
1831 2403 2177 2489 possidere,
2226 2406 2291 2467 et
2333 2402 2733 2487 privilegium
2780 2404 2912 2469 sive
2956 2404 3255 2487 rationes,

383 2508 552 2594 quod
581 2508 714 2575 sive
747 2529 902 2595 quas
933 2509 1168 2577 habent
1198 2511 1272 2577 de
1303 2510 1604 2597 predictis
1635 2510 1956 2592 bisanciis,
2004 2528 2147 2575 cum
2192 2508 2385 2574 fuerit
2430 2510 2520 2574 eis
2568 2510 2810 2593 integre
2842 2510 3255 2596 satisfactum,

380 2617 718 2681 restituent
759 2616 1061 2682 fratribus
1110 2618 1658 2684 Theutonicorum.
1731 2616 1818 2682 Et
1864 2616 1920 2681 si
1966 2634 2116 2682 casu
2161 2615 2580 2699 contingeret,
2630 2616 2794 2701 quod
2842 2615 3078 2682 dictum
3127 2618 3259 2703 pri-

379 2722 682 2806 vilegium
727 2722 1124 2790 amitteretur
1169 2724 1336 2789 infra
1379 2730 1630 2811 tempus
1682 2723 2067 2809 predictum,
2130 2720 2322 2786 talem
2377 2721 2679 2789 fratribus
2726 2722 3257 2789 Theutonicorum

379 2830 617 2895 facient
660 2831 1052 2913 caucionem,
1101 2831 1268 2915 quod
1312 2830 1471 2897 illud
1516 2830 1918 2916 privilegium
1966 2828 2098 2894 sive
2146 2827 2346 2912 aliud,
2404 2828 2816 2913 quodcunque
2859 2832 3257 2917 repperietur

379 2936 460 3002 de
507 2935 802 3003 bisanciis
849 2936 1204 3021 66161116116,
1253 2938 1384 3003 6161
1429 2958 1629 3021 66666,
1676 2935 1930 3002 16611116
1976 2938 2039 3000 61
2079 2934 2298 3000 inania
2342 2939 2406 3000 et
2447 2935 2655 3001 nullas
2701 2937 2867 3003 vires
2910 2937 2979 3001 in
3022 2936 3256 3002 iudicio

381 3044 514 3109 sive
547 3049 729 3108 extra
757 3044 1056 3109 iudicium
1097 3044 1434 3111 habebunt.
1505 3044 1609 3127 Et,
1658 3044 1714 3109 si
1761 3042 2061 3125 evenerit,
2110 3041 2275 3126 quod
2322 3042 2505 3126 absit,
2554 3043 2721 3127 quod
2766 3043 3004 3109 dictum
3052 3042 3255 3109 casale

382 3155 754 3236 occupatum
802 3156 968 3217 esset
1015 3172 1052 3217 a
1099 3150 1486 3235 Sarracenis,
1535 3152 1764 3217 fratres
1801 3149 2329 3216 Theutonicorum
2376 3150 2443 3213 in
2486 3148 2659 3215 nullo
2702 3150 3084 3216 tenebuntur
3128 3150 3255 3214 fra-

378 3258 582 3323 tribus
628 3256 960 3343 hospitalis
1009 3260 1210 3325 sancti
1242 3258 1558 3342 Iohannis,
1607 3257 1907 3342 quamdiu
1952 3277 1993 3321 a
2024 3254 2387 3323 Sarracenis
2433 3256 2815 3324 detinebitur
2860 3262 3251 3342 occupatum.

377 3364 483 3447 Et,
533 3364 588 3429 si
617 3365 1008 3447 contingeret
1048 3365 1219 3431 idem
1256 3364 1462 3431 casale
1507 3370 1654 3450 post
1699 3364 1959 3447 longum
1993 3361 2091 3429 vel
2122 3362 2311 3430 breve
2344 3368 2596 3449 tempus
2629 3364 2727 3429 vel
2760 3364 3256 3448 quandocunque

376 3470 586 3537 redire
633 3471 714 3536 ad
749 3490 976 3537 manus
1005 3473 1275 3537 fratrum
1309 3472 1859 3554 Theutonicorum,
1908 3470 2077 3535 dicta
2122 3470 2339 3555 paccio
2376 3490 2487 3536 seu
2520 3472 2857 3537 convencio
2904 3472 2973 3536 in
3018 3490 3129 3535 suo
3159 3471 3254 3535 vi-

377 3596 530 3660 gore
561 3578 788 3644 debeat
815 3599 1158 3645 remanere.
1225 3578 1334 3662 Et,
1381 3579 1438 3645 si
1483 3578 1894 3662 contingeret,
1943 3577 2111 3662 quod
2140 3576 2445 3659 magistro
2494 3579 2557 3642 et
2587 3577 2887 3642 fratribus
2922 3576 3254 3662 hospitalis

379 3684 583 3751 sancti
611 3683 908 3751 Iohannis
939 3684 1110 3751 infra
1137 3689 1387 3770 tempus
1433 3686 1788 3770 predictum
1835 3688 2003 3751 esset
2048 3683 2125 3749 de
2171 3682 2471 3769 predictis
2516 3682 2813 3750 bisanciis
2858 3684 3261 3757 satisfactum

377 3792 512 3857 eive
553 3792 624 3856 in
666 3797 848 3876 parte
893 3792 1026 3857 sive
1071 3792 1138 3857 in
1185 3796 1338 3875 toto,
1383 3792 1611 3857 fratres
1661 3791 2189 3857 Theutonicorum
2235 3810 2425 3874 super
2472 3790 2771 3876 predictis
2814 3790 3079 3856 ulterius
3123 3809 3253 3855 non

376 3896 822 3965 molestabunt.
891 3898 980 3963 Et
1025 3898 1104 3963 ad
1149 3898 1410 3965 maioris
1456 3898 1699 3964 roboris
1741 3896 2106 3965 firmitatem
2151 3901 2477 3987 presentes
2521 3895 2767 3962 litteras
2815 3896 3005 3979 sigilli
3049 3897 3254 3963 nostri

373 4005 724 4071 munimine
766 4006 1030 4071 fecimus
1075 4005 1380 4071 roborari.
1450 4005 1617 4070 Acta
1663 4010 1811 4069 sunt
1853 4003 1970 4069 hec
2014 4004 2083 4069 in
2116 4005 2299 4069 domo
2344 4002 2677 4090 hospitalis
2724 4003 2927 4069 sancti
2956 4002 3253 4069 Iohannis

377 4131 543 4177 anno
591 4112 829 4179 domini
875 4122 964 4179 m⁰
996 4121 1091 4179 cc⁰
1121 4111 1212 4177 xl⁰
1258 4110 1600 4177 indictione
1646 4107 1794 4175 xii⁰²
1842 4130 2057 4177 coram
2100 4106 2401 4176 talibus⁸z
2448 4110 2645 4176 fratre
2676 4107 3013 4176 Guillelmo
3048 4110 3253 4176 Silva-

373 4219 690 4301 nectensi,
749 4238 978 4303 magno
1025 4223 1394 4306 preceptpre
1440 4218 1664 4283 domus
1707 4216 2043 4303 hospitalis
2089 4218 2292 4283 sancti
2337 4217 2668 4298 Iohannis;
2726 4218 2923 4284 fratre
2967 4217 3249 4283 Arnaldo

375 4325 452 4391 de
483 4324 700 4391 Monte
727 4324 974 4407 Brun03
1020 4325 1217 4391 fratre
1249 4323 1560 4407 GeraudO,
1607 4328 1977 4411 preceptore
2010 4324 2231 4391 domus
2262 4324 2594 4411 hospitalis
2640 4326 2707 4391 in
2738 4324 3007 4411 Ioppen3
3054 4325 3255 4392 fratre

375 4431 712 4500 Guillelmo
769 4432 844 4497 116
890 4432 1217 4513 Correllis;
1273 4432 1470 4498 fratre
1517 4430 1818 4497 Gaufrido
1863 4430 2257 4513 Baucitensi3
2313 4433 2511 4498 fratre
2556 4431 2775 4499 Odone
2833 4433 2909 4498 de
2952 4431 3247 4497 Ermene.

369 4539 471 4607 De
500 4539 805 4605 fratribus
832 4538 1357 4605 Theutonicorum
1393 4539 1820 4605 interfuerunt
1845 4538 1984 4604 isti:
2030 4538 2228 4605 frater
2256 4538 2639 4621 Everardus,
2686 4539 3005 4619 sacerdos3
3054 4537 3250 4604 frater

373 4644 722 4729 Conradus,
774 4645 1152 4713 castellanus
1193 4645 1642 4727 Montisfortis3
1689 4646 1887 4713 frater
1915 4645 2164 4729 Petrus,
2211 4645 2617 4732 drapperius3
2663 4646 2859 4712 frater
2902 4643 3248 4728 Evrardus,

369 4753 822 4821 thesaurarius.

587 4876 632 4939 1,
656 4876 783 4928 31v.
809 4894 858 4927 n.
880 4874 966 4929 71.
1115 4876 1161 4926 1.
1198 4874 1348 4926 Hunc
1385 4874 1612 4940 (Petrum
1649 4874 1715 4925 de
1735 4874 2035 4941 Villebrida)
2072 4874 2193 4927 seb.
2217 4874 2365 4927 Pauli
2390 4874 2432 4937 Ι,
2458 4875 2580 4927 342.
2640 4873 2769 4925 1241
2799 4874 3001 4925 demum
3034 4872 3251 4926 electum

371 4983 486 5019 6666
520 4966 794 5017 contendit.
849 4964 1083 5032 Diploma
1105 4964 1277 5017 forsan
1303 4964 1522 5031 pertinet
1545 4964 1612 5015 611
1640 4964 1771 5015 1241
1798 4964 2057 5015 ineuntem
2082 4981 2282 5016 annum.
2421 4963 2471 5015 2.
2509 4980 2601 5030 pro
2636 4962 2737 5015 xiii.
2867 4962 2919 5015 3.
2946 4962 2979 5017 l.
2999 4962 3248 5015 testibus?
