3892 5609
736 228 745 269 l

759 351 795 419 1
808 351 906 421 48
1720 359 1992 438 anunm.
2063 361 2278 446 1101114.
2348 359 2647 409 Emi-iou

972 523 1102 586 sive
1157 521 1347 586 siclae
1390 520 1955 587 Brundusinarum
2009 524 2338 588 annuatim
2384 544 2452 586 ec
2497 523 2649 586 anri
2689 523 2912 585 uncias
2967 521 3055 584 ad
3098 520 3362 584 emenda
3415 517 3626 604 pallia

974 627 1141 708 alba,
1188 629 1603 718 recipiendas,
1653 629 1846 694 donee
1887 631 1958 693 in
2001 651 2193 715 reqno
2226 628 2466 695 cambio
2513 630 2601 692 eis
2638 640 2840 693 terrae
2875 627 3299 692 labor-ateriae
3329 628 3625 710 assiqua-

972 746 1207 810 rentur.

964 855 1005 918 1,
1041 854 1171 910 40v.
1208 874 1261 908 n.
1284 855 1372 919 91,
1408 855 1545 909 unde
1581 854 1741 908 edidit
1775 854 2328 909 Huillard-Breholles
2361 855 2429 920 11,
2467 854 2589 908 224.

763 1191 933 1261 151.
976 1194 1153 1259 1222
1197 1195 1388 1282 april.
1416 1194 1503 1263 19
1546 1193 1811 1261 Verulis.
1871 1194 2200 1260 Honorius
2243 1217 2422 1280 papa
2452 1192 2578 1260 III
2613 1194 2939 1276 confirmat
2968 1193 3188 1258 domui
3213 1192 3273 1256 11..
3299 1214 3349 1256 s.
3379 1191 3476 1256 M.
3511 1189 3626 1256 Th.

975 1300 1297 1367 Friderici
1335 1301 1422 1366 II
1465 1303 1868 1388 imperatoris
1923 1301 2330 1387 privileyium
2388 1298 2483 1380 (n.
2516 1301 2682 1382 150)
2741 1302 2820 1364 de
2875 1299 3222 1365 redditibus
3281 1300 3520 1362 annuis
3564 1319 3632 1360 cc

976 1411 1179 1473 unciis
1225 1410 1375 1472 auri
1416 1408 1781 1474 Brundusii
1804 1401 2264 1494 percipiendis.

976 1547 1292 1615 Honorius
1327 1555 1442 1617 etc.
1476 1550 1778 1632 magistro
1816 1554 1881 1615 et
1908 1549 2210 1616 fratribus
2242 1555 2358 1616 etc.
2517 1547 2706 1616 Iustis
2751 1547 3109 1635 petencium
3153 1544 3490 1627 desideriis
3536 1544 3634 1609 di-

754 1674 949 1738 gnum
996 1660 1113 1739 est,
1158 1675 1273 1722 nos
1318 1656 1567 1723 facilem
1614 1655 1875 1742 prebere
1920 1675 2295 1722 consensum
2341 1661 2405 1722 et
2434 1662 2601 1738 vota,
2650 1675 2772 1740 que
2819 1676 2857 1721 a
2892 1641 3152 1721 rationis
3197 1650 3462 1719 tramite
3503 1670 3636 1716 11011

755 1760 1146 1846 discordant,
1206 1760 1428 1828 effectu
1485 1767 1904 1848 prosequente
1963 1761 2297 1848 complere.
2378 1760 2536 1827 Cum
2591 1763 2786 1846 igitur
2828 1761 3204 1828 karissimus
3258 1759 3330 1824 in
3376 1757 3632 1824 Christo

754 1866 921 1933 filius
966 1865 1230 1954 noster¹,
1276 1868 1699 1936 Romanorum
1734 1869 2080 1955 imperator
2114 1889 2364 1955 semper
2395 1873 2696 1952 augustus
2742 1873 2806 1936 et
2834 1889 2949 1934 rex
2981 1866 3212 1948 Sicilie,
3259 1865 3328 1930 in
3373 1865 3634 1931 civitate

754 1973 1097 2042 Brundusii
1142 1974 1219 2042 (10
1264 1974 1615 2041 redditibus
1673 1976 1805 2042 suis
1858 1977 1994 2042 sive
2038 1976 2118 2042 de
2163 1974 2546 2042 baiulatione
2592 1976 2726 2042 sive
2770 1976 2848 2042 de
2893 1973 3048 2040 sicla
3093 1971 3460 2060 specialiter
3515 1991 3632 2058 pro

756 2081 1037 2147 emendis
1085 2080 1245 2148 albis
1290 2081 1609 2148 mantellis
1657 2081 1737 2147 ad
1782 2102 1967 2148 usum
2013 2082 2283 2148 fratrum
2317 2087 2669 2148 vestrorum
2715 2081 2988 2148 militum
3037 2079 3364 2146 annuatim
3411 2098 3486 2146 ec
3516 2097 3636 2143 uu-

755 2188 884 2252 cias
932 2187 1072 2253 auri
1116 2188 1196 2254 ad
1240 2188 1488 2274 pondus
1522 2187 1743 2254 Baruli
1786 2189 1966 2255 vobis
2011 2189 2327 2274 imperiali
2373 2188 2753 2256 liberalitate
2798 2187 3066 2270 donarit,
3114 2191 3248 2252 tam
3292 2185 3406 2251 diu
3451 2185 3633 2251 vobis

757 2294 939 2360 annis
984 2293 1249 2376 singulis
1296 2292 1744 2361 exsolvendas²
1790 2295 1868 2360 de
1912 2294 2262 2361 redditibus
2309 2295 2720 2380 supradictis,
2777 2294 2976 2360 donec
3025 2294 3094 2358 in
3138 2292 3328 2359 terris
3382 2291 3634 2358 labora-

756 2401 937 2466 toriis
984 2419 1095 2466 seu
1142 2399 1281 2466 aliis
1329 2401 1826 2484 possessionibus
1857 2402 2038 2485 regni
2069 2406 2430 2488 competens
2461 2401 2638 2468 vobis
2670 2401 3066 2469 excambium
3109 2399 3464 2485 imperialis
3495 2418 3634 2464 mu-

757 2505 1087 2572 nificencia
1129 2506 1464 2591 largiatur,
1524 2508 1688 2574 sicut
1742 2508 1809 2572 in
1867 2509 2001 2574 eius
2058 2507 2390 2594 privilegio
2445 2528 2636 2575 aurea
2681 2507 2854 2574 bulla
2897 2507 3141 2573 munito
3185 2505 3634 2592 perspeximus

760 2612 1099 2694 contineri3
1143 2632 1260 2678 nos
1290 2613 1492 2699 ipsius
1521 2615 1923 2699 imperatoris
1957 2618 2020 2680 et
2049 2615 2276 2680 vestris
2320 2615 2612 2701 precibus
2645 2614 2933 2682 inclinati
2965 2612 3370 2679 donationem
3401 2613 3632 2698 ipsam,

762 2719 926 2785 sicut
966 2718 1070 2805 pie
1116 2737 1191 2785 ac
1235 2720 1498 2805 provide
1540 2721 1709 2787 facta
1754 2725 1851 2787 est
1896 2726 1960 2786 et
2001 2721 2072 2786 in
2115 2722 2254 2807 ipso
2299 2720 2630 2806 privilegio
2675 2720 2924 2806 plenius
2970 2720 3359 2803 continetur,
3417 2724 3636 2785 aucto-

760 2826 950 2892 ritate
982 2825 1327 2911 apostolica
1356 2825 1797 2893 confirmamus
1829 2833 1893 2893 et
1922 2827 2234 2913 presentis
2267 2827 2487 2912 scripti
2523 2828 2874 2914 patrocinio
2907 2825 3388 2892 communimus.
3459 2823 3634 2890 Nulli

764 2951 911 3015 ergo
958 2937 1075 2998 etc.
1148 2931 1216 2998 Si
1261 2933 1402 3018 quis
1448 2938 1659 3001 autem
1703 2940 1820 3000 etc.
1896 2933 2134 3000 Datum
2167 2933 2416 2999 Verulis
2461 2934 2577 3000 xiii
2619 2933 2745 3000 kal.
2781 2933 2934 3000 maii
2979 2931 3384 3018 pontificatus
3431 2930 3636 2996 nostri

765 3059 929 3106 anno
973 3049 1080 3105 v10.

974 3179 1017 3241 1,
1054 3176 1124 3230 76
1134 3196 1181 3229 v-
1216 3197 1269 3231 n.
1293 3179 1381 3231 92.
1433 3179 1493 3230 In
1530 3178 1901 3246 Regimontano
1937 3180 2157 3246 copiario
2193 3179 2256 3232 A.
2287 3180 2353 3233 16
2395 3197 2446 3246 p.
2475 3181 2541 3232 14
2576 3170 2731 3232 inter-⁸
2741 3179 2964 3246 papalia,
3001 3195 3132 3245 quae
3166 3177 3493 3229 inveniuntur
3527 3176 3632 3228 Ba-

764 3267 875 3319 ruli.
1094 3268 1141 3318 1.
1174 3266 1373 3318 videtur
1407 3267 1587 3320 deesse
1624 3267 1682 3318 1⁴¹.
1888 3267 1939 3320 2.
1977 3268 2293 3320 exsolvendis
2329 3268 2389 3320 B.

776 3567 948 3640 152.
992 3571 1167 3636 1228
1209 3553 1394 3637 ηιανε.
1430 3571 1535 3637 15.
1616 3571 1857 3636 Montis
1902 3571 2246 3636 Pessulani
2299 3571 2580 3636 consules
2639 3574 2969 3657 assiynant
3023 3573 3242 3636 domui
3293 3571 3634 3657 hospitalis

994 3676 1527 3744 Theutonicorum
1564 3678 1871 3764 hospitale
1914 3698 1966 3742 ε.
2001 3679 2278 3743 Martini
2317 3681 2388 3742 in
2432 3678 2730 3744 suburbio
2776 3680 3016 3743 Montis
3059 3677 3330 3743 Pessuli.

987 3817 1169 3897 Quia.
1192 3818 1465 3885 humane
1509 3824 1734 3884 nature
1776 3815 2121 3901 fragilitate
2166 3817 2438 3884 hominis
2469 3819 2776 3885 memoria
2817 3817 3026 3884 labilis
3073 3821 3170 3884 est
3215 3822 3280 3884 et
3321 3816 3636 3884 inbecillis

769 3929 833 3991 et
877 3923 1010 3990 eius
1039 3925 1174 3990 vita
1202 3923 1376 3992 velut
1416 3924 1638 3990 umbre
1684 3924 1990 3990 transitus
2035 3925 2266 3990 transit
2311 3929 2376 3991 et
2404 3924 2633 4009 deficit,
2680 3924 2954 3991 utilitate
2996 3924 3322 3990 hominum
3369 3929 3640 4010 pensata

769 4035 867 4097 est
909 4029 1191 4096 moribus
1238 4037 1301 4098 et
1342 4029 1585 4114 legibus
1632 4031 2081 4114 introductum,
2129 4035 2199 4096 ut
2242 4052 2343 4098 res
2388 4036 2564 4116 geste
2607 4030 2875 4117 publicis
2912 4031 3337 4097 monumentis
3365 4029 3640 4098 fideliter

770 4135 1235 4204 comendentur.
1305 4137 1470 4214 Hinc
1516 4141 1631 4222 est,
1681 4138 1847 4223 quod
1892 4137 2075 4203 huius
2121 4136 2358 4223 publici
2389 4139 2610 4225 scripti
2639 4137 3000 4206 testimonio
3029 4137 3341 4203 universis
3379 4137 3643 4222 expedit

769 4241 908 4309 fieri
950 4244 1389 4327 manifestum,
1448 4243 1613 4328 quod
1658 4264 1773 4310 nos
1816 4244 2044 4311 Petrus
2088 4243 2391 4330 Ebrardi,
2438 4245 2794 4312 Bernartius
2842 4242 3227 4327 Carbonelli,
3283 4242 3514 4310 Petrus
3563 4243 3641 4309 de

768 4348 1031 4435 Porolis,
1077 4347 1303 4417 Petrus
1347 4348 1631 4434 laufridi,
1676 4351 1984 4417 Iohannes
2026 4349 2337 4435 Boudroe,
2382 4350 2767 4418 Bertrandus
2813 4351 2892 4418 de
2935 4349 3312 4434 Ucurannis,
3368 4347 3642 4435 Stepha-

769 4476 890 4522 nus
948 4457 1025 4522 de
1070 4455 1413 4542 Terviano,
1471 4454 1699 4524 Petrus
1753 4457 1829 4523 de
1877 4455 2184 4540 Summa,
2243 4457 2528 4524 consules
2573 4457 2807 4524 Montis
2849 4456 3181 4541 P(essuli),
3240 4476 3355 4543 per
3399 4476 3518 4522 1103
3579 4463 3646 4524 et

770 4562 1091 4629 consocios
1138 4568 1203 4629 et
1247 4583 1637 4630 successores
1682 4567 1928 4629 nostros
1973 4561 2260 4630 0011311133
2304 4582 2446 4630 011111
2479 4566 2794 4632 001111111ιηί
2839 4564 3100 4631 consilio
3145 4569 3362 4629 nostro
3410 4562 3492 4628 ad
3537 4583 3644 4628 so-

769 4690 924 4736 num
954 4689 1259 4754 campane
1303 4668 1553 4755 publice
1598 4673 1974 4754 congregato
2019 4671 2139 4737 hoc
2168 4671 2578 4756 approbante,
2626 4671 3038 4755 attendentes,
3086 4669 3252 4755 quod
3294 4669 3374 4737 (10
3401 4669 3645 4735 virtute

770 4778 839 4842 in
870 4777 1172 4843 virtutem
1219 4781 1467 4862 oportet
1512 4777 1848 4843 ascendere
1890 4776 2149 4862 pietatis
2196 4781 2261 4842 et
2303 4777 2732 4843 misericordie
2777 4795 2971 4861 opera
3016 4775 3384 4859 exercendo,
3431 4777 3644 4842 eonsi-

772 4882 1064 4949 derantes
1111 4882 1309 4949 eciam
1356 4882 1655 4949 honorem
1702 4887 1767 4949 et
1809 4873 2146 4949 utilitatem
2190 4880 2510 4969 publicam
2555 4881 2741 4949 huius
2780 4881 3208 4948 universitatis
3253 4886 3320 4947 et
3345 4881 3498 4948 ville
3542 4887 3644 4947 to-

772 4988 907 5054 cius
950 4987 1185 5056 Montis
1228 4987 1523 5070 P(essuli)
1536 5039 1557 5073 ‚
1617 5009 1806 5075 quam
1852 5009 1968 5056 1103
2013 4989 2226 5057 fovere
2274 5008 2348 5056 ac
2391 5007 2762 5075 promovere
2819 5008 2900 5056 ex
2943 4987 3156 5055 debito
3199 4986 3402 5054 nostri
3448 4985 3644 5054 officii
