3892 5609
688 330 833 401 188
1699 337 2129 386 annianum.
2199 337 2513 398 nonum

676 500 926 583 futuris,
974 499 1055 565 ad
1099 518 1253 584 quos
1300 503 1623 584 presentes
1668 498 2091 585 pervenerint,
2139 498 2408 564 salutem
2436 499 2504 564 in
2535 498 2788 564 domino
2835 497 3307 584 sempiternam.
3377 497 3542 579 Quo-

676 602 878 672 niam¹
929 603 1251 672 libertates
1264 654 1282 688 ,
1350 605 1561 688 gracie
1632 601 1911 690 aliaque²
1971 625 2087 691 pro
2147 609 2643 672 sustentamento
2699 603 3076 688 religionum
3111 610 3196 686 ,01
3248 605 3542 673 ordinum

678 732 753 779 ac
808 711 1369 780 ecclesiasticarum
1427 730 1837 798 personarum
1900 713 1969 776 in
2024 710 2373 798 privilegiis
2430 731 2469 776 a
2519 711 2784 796 summis
2841 709 3244 796 pontificibus
3299 731 3542 781 necnon

677 818 1166 905 imperatoribus
1224 821 1287 884 et
1342 819 1505 884 sacri
1558 817 1826 884 Romani
1880 818 2132 904 imperii
2185 816 2440 901 regibus
2497 817 2808 884 concessis
2863 817 3157 886 videntur
3209 820 3540 906 contineri,

678 926 938 1009 dignum
984 917 1081 992 est
1126 929 1190 990 et
1232 923 1473 990 racioni
1502 944 1867 1008 consonum,
1914 930 1986 990 ut
2028 923 2362 1009 privilegia
2405 923 2784 1008 huiusmodi,
2830 922 3174 1009 libertates,
3221 927 3436 1010 gracie
3479 933 3546 995 et

677 1031 837 1116 alia,
892 1032 1117 1118 quibus
1164 1030 1583 1098 ecclesiastice
1627 1050 1894 1118 persone
1938 1032 2006 1098 in
2050 1031 2352 1115 religione
2399 1036 2464 1098 01
2505 1037 2688 1097 extra
2731 1030 3070 1097 constitute
3111 1033 3392 1115 gaudere
3431 1034 3544 1101 de-

676 1139 886 1224 beant,
931 1139 1323 1206 continentes
1368 1156 1619 1204 summa
1656 1137 1925 1204 debeant
1969 1137 2304 1221 diligencia
2345 1137 2657 1203 reservari
2703 1142 2768 1203 et
2809 1136 3096 1204 custodia
3138 1139 3356 1206 debita
3397 1160 3542 1227 pre-

678 1245 931 1312 muniri.
1002 1243 1167 1311 Hinc
1212 1248 1339 1328 081,
1388 1243 1553 1331 quod
1598 1243 1827 1310 nobilis
1872 1249 1939 1311 et
1981 1244 2312 1328 religiosus
2357 1243 2485 1326 vir,
2530 1243 2728 1310 frater
2773 1243 3082 1311 Iohannes
3127 1243 3206 1313 de
3248 1243 3544 1314 Pomers-

676 1352 885 1438 heym,
928 1351 1147 1438 laycus
1191 1351 1511 1438 professus
1558 1350 1797 1416 ordinis
1840 1350 2109 1418 fratrum
2139 1350 2662 1418 Theotonicorum
2708 1350 3040 1437 hospitalis
3085 1357 3302 1420 sancte
3338 1352 3544 1421 Mario

676 1457 1182 1541 Ierosolimitani,
1228 1457 1697 1524 commendator
1732 1476 1842 1523 seu
1888 1463 2223 1543 preceptor
2250 1456 2562 1540 generalis
2591 1455 2800 1524 balive
2826 1452 3086 1524 Austris
3127 1459 3408 1526 eiusdem
3437 1479 3543 1526 or-

678 1565 865 1649 dinis,
907 1569 1110 1632 certas
1138 1563 1383 1630 litteras
1414 1563 1789 1651 apostolicas
1818 1563 2163 1647 libertates,
2207 1565 2474 1647 gracias,
2521 1564 2980 1649 exempciones,
3025 1563 3542 1634 confirmaciones

679 1671 845 1737 dicto
893 1671 1100 1738 ordini
1145 1690 1184 1735 a
1228 1670 1492 1736 summis
1536 1667 1935 1756 pontificibus
1981 1689 2306 1737 concessas
2362 1670 2432 1736 in
2486 1690 2555 1736 se
2609 1671 3000 1738 continentes
3043 1672 3326 1758 ipsorum
3371 1674 3544 1740 veris

678 1777 865 1846 bullis
911 1777 1223 1864 plumbeis
1268 1776 1337 1841 in
1380 1773 1503 1842 filis
1548 1777 1803 1843 sericeis
1846 1776 2030 1844 rubei
2073 1783 2138 1843 et
2180 1776 2385 1860 glauci
2421 1777 2650 1844 coloris
2679 1797 2854 1844 more
2883 1777 3164 1846 Romane
3209 1780 3382 1846 curie
3425 1799 3542 1867 ap-

676 1884 1094 1972 pendentibus
1138 1882 1407 1951 bullatas
1423 1932 1442 1966 ,
1500 1887 1565 1950 et
1617 1883 1745 1949 alia
1798 1883 2131 1970 privilegia
2185 1882 2426 1966 regalia
2478 1889 2544 1950 et
2599 1883 2847 1950 ducalia
2903 1902 3046 1950 cum
3103 1883 3386 1971 ipsorum
3430 1906 3540 1956 ve-

676 1993 767 2058 ris
822 1990 1047 2076 sigillis
1104 1989 1604 2077 appendentibus
1660 1989 1853 2054 simili
1906 1989 2094 2055 modo
2150 1989 2474 2057 libertates
2533 1994 2598 2056 et
2651 1990 2914 2057 comoda
2967 1991 3120 2058 dicti
3175 1993 3416 2060 ordinis
3471 1999 3542 2062 et

676 2098 945 2164 fratrum
990 2097 1269 2166 eiusdem
1316 2095 1741 2180 continencia,
1798 2115 1986 2162 sanas
2043 2101 2107 2162 et
2161 2116 2346 2180 sana,
2401 2117 2530 2163 non
2585 2103 2909 2183 suspectas
2963 2117 3166 2184 neque
3223 2106 3537 2187 suspecta,

678 2205 789 2272 sed
836 2205 1007 2272 omni
1061 2223 1319 2290 prorsus
1362 2203 1525 2269 vicio
1582 2208 1648 2268 01
1696 2202 2056 2288 suspicione
2099 2207 2383 2270 carentes
2437 2209 2501 2270 et
2545 2204 2831 2270 carencia
2873 2204 3054 2272 nobis
3097 2206 3166 2272 in
3209 2209 3540 2293 presencia

676 2311 909 2378 notarii
964 2311 1203 2397 publici
1258 2317 1324 2377 et
1376 2310 1633 2378 testium
1686 2309 2232 2395 infrascriptorum
2286 2310 2701 2396 presentavit,
2759 2329 2915 2396 quas
2959 2315 3024 2378 et
3067 2331 3189 2395 que
3230 2332 3350 2380 nos
3391 2334 3536 2381 cum

678 2438 773 2502 ea,
832 2437 957 2502 qua
1002 2417 1227 2501 decuit,
1283 2417 1647 2484 reverencia
1689 2416 1992 2482 noveritis
2033 2417 2367 2503 recepisse,
2415 2414 2694 2500 aHegans
2739 2415 2942 2483 dictus
2985 2416 3184 2485 frater
3226 2419 3534 2488 Iohannes

678 2530 741 2593 01
787 2543 1127 2611 exponens,
1174 2524 1342 2610 quod
1386 2523 1721 2611 privilegia
1764 2528 1829 2589 et
1858 2523 2192 2606 originalia
2212 2521 2592 2589 'huiusmodi
2637 2523 2716 2590 de
2758 2523 2895 2591 1000
2927 2525 3156 2592 ducere
3201 2525 3284 2592 ad
3327 2526 3534 2594 locum

677 2632 996 2699 videretur
1035 2630 1456 2718 periculosum
1502 2633 1569 2697 et
1608 2630 1931 2696 incautum
1977 2635 2239 2717 propter
2267 2630 2632 2696 discrimina
2659 2632 2873 2715 maris,
2920 2631 3182 2700 hostiles
3225 2632 3533 2718 incursus,

679 2757 984 2823 aquarum
1029 2738 1479 2805 inundaciones
1525 2743 1591 2804 01
1636 2737 1791 2804 01108
1835 2737 2046 2803 varios
2091 2743 2380 2820 eventus,
2427 2737 2536 2822 qui
2579 2755 2730 2804 casu
2771 2743 3032 2823 possent
3074 2741 3258 2825 oriri,
3305 2746 3378 2807 ut
3417 2741 3534 2808 1111-

676 2845 948 2912 iusmodi
992 2845 1325 2932 privilegia
1370 2843 1780 2931 perderentur
1824 2863 1935 2910 8011
1980 2844 2048 2909 111
2095 2845 2272 2929 aquis
2303 2843 2405 2910 vel
2449 2843 2572 2910 alio
2605 2844 2792 2910 modo
2827 2844 3324 2932 annullarentur,
3367 2847 3534 2917 unde

674 2953 903 3019 fratres
950 2956 1015 3018 01
1058 2952 1281 3018 (10111118
1328 2949 1567 3017 ordinis
1624 2950 1891 3037 predicti
1942 2950 2276 3017 incomoda
2329 2951 2550 3034 gravia
2591 2955 2989 3037 reportarent
3032 2958 3223 3037 atque
3265 2953 3530 3037 damna3

676 3079 871 3148 quare
914 3058 1095 3126 nobis
1139 3056 1460 3124 humiliter
1502 3056 1885 3144 supplicavit
1926 3057 2140 3123 omnia
2183 3062 2248 3123 01
2291 3057 2540 3140 singula
2584 3056 2915 3144 privilegia
2957 3059 3242 3145 papalia,
3295 3060 3535 3146 regalia

676 3170 742 3232 01
785 3163 1035 3232 (11100110
1076 3185 1151 3231 00
1194 3163 1321 3230 0110
1362 3163 1545 3230 nobis
1591 3183 1703 3251 per
1747 3165 1958 3250 ipsum
2003 3163 2171 3230 sicut
2220 3164 2607 3250 premittitur
2659 3169 3022 3250 presentata
3079 3166 3200 3234 sibi
3256 3187 3373 3254 per
3415 3189 3532 3236 1108

673 3272 1039 3355 1101188111111,
1084 3270 1453 3337 transscribi
1498 3276 1564 3336 et
1607 3269 1955 3355 exemplari
2001 3275 2066 3337 et
2108 3271 2178 3335 in
2219 3276 2592 3358 perpetuam
2623 3271 2716 3338 rei
2747 3272 3116 3339 memoriam
3146 3273 3394 3358 vallari,
3437 3274 3530 3342 ita

674 3381 747 3445 ut
800 3378 869 3444 in
912 3375 1142 3444 iudicio
1188 3381 1280 3460 et,
1336 3375 1689 3462 ubicunque
1742 3377 2024 3443 locorum
2069 3376 2426 3444 huiusmodi
2471 3382 2902 3465 transsumpta
2956 3379 3261 3466 producta
3301 3379 3532 3466 forent,

672 3485 830 3572 ipsis
874 3491 1199 3569 tamquam
1235 3483 1645 3568 originalibus
1689 3483 1917 3550 litteris
1962 3482 2251 3570 plenaria
2278 3482 2436 3552 fides
2467 3491 2634 3552 esset
2663 3485 3034 3553 adhibenda.
3103 3485 3384 3565 Quarum
3424 3486 3534 3554 111-

674 3597 951 3659 terarum
998 3597 1179 3658 101101·
1224 3591 1506 3676 sequitur
1550 3590 1892 3657 secundum
1936 3591 2220 3657 ordinem
2253 3591 2330 3658 de
2360 3591 2552 3658 verbo
2587 3591 2668 3658 ad
2699 3592 2957 3659 verbum
3001 3597 3070 3660 01
3111 3593 3318 3679 primo
3361 3593 3534 3662 bulle

674 3693 913 3765 domini
956 3697 1199 3765 Urbani
1243 3715 1409 3784 pape
1454 3697 1682 3781 quarti,
1730 3697 1905 3763 cuius
1949 3701 2132 3764 tenor
2179 3703 2276 3764 081
2319 3697 2496 3765 talis:

990 3804 1282 3872 Urbanus
1328 3809 1442 3870 010.
1514 3803 1673 3869 Cum
1718 3802 1931 3870 dilecti
1977 3809 2094 3871 etc.
2139 3803 2217 3870 de
2257 3805 2428 3870 1263
2473 3808 2592 3870 001.
2624 3806 2657 3869 1
2709 3803 2876 3890 apud
2919 3803 3154 3873 Urbem
3197 3809 3496 3873 veterem.

674 3911 971 3998 Sequitur
996 3915 1498 3996 transsumptum
1540 3910 1675 3976 sive
1702 3911 2184 3997 transscriptum
2232 3909 2546 3997 privilegii
2574 3910 2812 3977 domini
2841 3909 3130 3996 Gregorii
3171 3931 3342 3999 pape
3377 3913 3532 3980 noni

672 4039 862 4105 super
905 4018 1197 4085 libertate
1242 4017 1647 4084 exaccionum
1693 4016 1945 4102 pedagii
1991 4023 2056 4084 et
2101 4017 2365 4084 aliarum
2409 4018 2962 4102 consuetudinum,
3017 4038 3100 4086 110
3145 4038 3184 4085 0
3223 4019 3531 4086 fratribus

671 4125 825 4193 dicti
870 4125 1107 4191 ordinis
1154 4123 1254 4191 vel
1308 4143 1523 4190 eorum
1580 4123 1935 4190 hominibus
1996 4123 2074 4190 de
2129 4122 2316 4190 rebus
2373 4125 2712 4191 eorundem
2755 4124 3026 4192 fratrum
3069 4125 3287 4194 usibus
3331 4127 3528 4214 depu-

669 4232 821 4299 tatis
866 4226 1419 4316 extorqueantur⁸:

990 4335 1330 4420 Gregorius
1376 4340 1490 4402 etc.
1562 4335 1906 4418 Religiosos
1952 4336 2123 4402 viros
2169 4341 2286 4402 etc.
2335 4335 2414 4402 de
2465 4335 2631 4402 1227
2680 4336 2819 4403 111111
2864 4337 2943 4402 31
2993 4336 3300 4422 Anagnie.

673 4443 969 4530 Sequitur
1011 4449 1193 4511 tenor
1236 4442 1552 4530 privilegii
1596 4439 1835 4512 domini
1878 4439 2122 4508 Nicolai
2166 4461 2333 4529 pape
2379 4443 2618 4527 quarti:

986 4548 1283 4616 Nicolaus
1330 4554 1445 4616 etc.
1518 4547 1692 4614 Solet
1736 4567 2011 4615 annuere
2057 4553 2174 4615 010.
2221 4547 2301 4615 de
2338 4549 2508 4614 1288
2555 4548 2708 4616 maii
2753 4549 2836 4614 27
2883 4549 3098 4617 Reate.

670 4657 965 4744 Sequitur
1009 4662 1190 4723 tenor
1234 4654 1551 4743 privilegii
1596 4654 1833 4722 domini
1877 4654 2230 4722 Alexandri
2272 4675 2439 4742 pape
2483 4656 2722 4740 quarti:

985 4762 1348 4830 Alexander
1394 4769 1509 4829 010.
1581 4761 1811 4828 Vestra
1852 4761 2074 4845 religio
2121 4768 2236 4828 etc.
2285 4763 2366 4830 (10
2413 4763 2579 4829 1257
2627 4762 2787 4828 1111111
2832 4763 2913 4829 27
2965 4762 3250 4830 viterbii.

982 4869 1346 4937 Alexander
1391 4875 1507 4936 etc.
1580 4867 2014 4938 sincerissime
2059 4869 2414 4936 devocionis
2459 4875 2576 4936 etc.
2625 4869 2706 4936 de
2753 4869 2918 4936 1257
2970 4891 3111 4954 aug.
3149 4871 3189 4936 8
3235 4870 3522 4937 Viterbii.

671 4974 967 5062 Sequitur
1016 4982 1198 5044 tenor
1244 4981 1309 5044 et
1351 4977 1555 5043 forma
1599 4977 2020 5063 transsumpti
2061 4975 2412 5044 litterarum
2461 4981 2526 5044 et
2565 4975 3038 5064 privilegiorum
3067 4977 3384 5046 ducalium
3415 4978 3524 5046 do-
