3892 5609
1114 352 1341 399 mum
1387 351 1669 400 smera,
1741 351 2071 400 Amnum.
2143 351 2406 400 crrnus
3090 341 3185 410 99

330 506 483 575 bent
526 508 757 593 eligere
798 529 995 576 unum
1040 531 1118 578 ex
1161 510 1461 578 fratribus
1506 511 1699 580 tercie
1742 511 1962 578 domus
2007 511 2178 578 illius
2223 511 2643 579 controversie
2686 531 2814 576 non
2859 510 3189 597 participis

327 613 399 680 in
428 616 668 683 eisdem
694 618 1053 701 regionibus
1080 624 1454 704 morantem,
1502 619 1608 703 qui
1655 637 1796 685 cum
1844 619 1984 685 aliis
2033 619 2284 685 arbitris
2329 619 2582 686 intersit
2623 617 2866 684 medius
2912 622 2977 685 et
3019 638 3188 684 com-

326 723 539 790 munis
585 724 667 790 ad
707 723 882 793 illam
930 709 1306 792 discordiam
1352 727 1749 812 sopiendam,
1799 727 1907 810 qui
1934 725 2242 806 ⁸similiter
2285 726 2452 792 iuret
2493 731 2566 792 ut
2609 725 2716 791 alii
2761 725 2884 792 duo
2933 725 3186 809 arbitri3

330 835 397 896 et
438 835 645 897 totum
687 837 755 898 et
797 833 1092 917 quicquid
1136 833 1287 900 dicti
1333 833 1553 900 arbitri
1597 833 1700 901 vel
1742 835 1942 900 maior
1988 853 2137 920 pars
2185 853 2398 899 eorum
2445 833 3009 920 pronuntiaverint,
3060 839 3190 899 sta-

328 938 587 1022 tuerint,
633 939 1030 1007 laudaverint
1056 940 1154 1006 vel
1186 940 1463 1008 dixerint
1492 961 1707 1007 eorum
1737 939 2061 1008 voluntate
2093 961 2204 1006 seu
2237 941 2520 1008 arbitrati
2555 940 2792 1006 fuerint
2835 941 2900 1006 in
2936 941 3188 1026 scriptis

326 1043 433 1110 vel
476 1046 613 1112 sine
656 1029 907 1132 scriptis
940 1047 1043 1113 die
1068 1048 1294 1114 feriato
1326 1047 1427 1114 vel
1455 1068 1581 1114 non
1608 1049 1857 1130 feriat0‚
1906 1049 2186 1134 exceptis
2233 1048 2452 1115 diebus
2495 1048 2736 1114 feriatis
2784 1048 2861 1113 ob
2909 1047 3189 1113 divinam

326 1153 747 1219 reverentiam
800 1153 1073 1220 inductis
1127 1153 1413 1241 partibus
1469 1155 1863 1242 presentibus
1910 1154 2010 1221 vel
2067 1155 2425 1221 absentibus
2477 1155 2632 1220 iuris
2679 1154 2897 1221 ordine
2941 1163 3185 1222 servato

328 1259 432 1326 vel
476 1279 605 1326 non
649 1267 929 1345 servato,
976 1261 1161 1328 debet
1206 1283 1245 1328 a
1287 1263 1469 1329 nobis
1512 1262 1962 1330 inviolabiliter
2008 1260 2348 1329 observari.
2423 1261 2670 1329 Arbita-i
2713 1282 2862 1328 vero
2909 1281 3187 1328 commu-

328 1367 498 1434 niter
542 1366 724 1434 electi
770 1368 999 1435 debent
1040 1369 1207 1436 infra
1247 1389 1529 1437 mensem
1572 1391 1765 1437 unum
1810 1370 2191 1456 proximum,
2239 1389 2319 1435 ex
2359 1388 2482 1454 quo
2531 1368 2712 1435 electi
2755 1369 3010 1452 fuerint,
3059 1375 3187 1436 tra-
3256 1402 3261 1407 ·

328 1479 503 1540 ctare
548 1481 613 1540 et
654 1475 971 1560 inquirere
1013 1495 1205 1562 super
1248 1479 1672 1545 controversia
1724 1483 1897 1544 mota
1949 1482 2138 1564 prout
2180 1477 2455 1542 viderint
2509 1476 2839 1563 expedire,
2901 1483 2966 1543 et
3020 1477 3188 1543 infra

328 1585 471 1648 octo
516 1581 651 1648 dies
696 1582 853 1649 alios
900 1584 1189 1670 proximo
1235 1583 1681 1669 subsequentes
1726 1584 1956 1651 debent
1996 1585 2406 1671 pronuntiare
2453 1589 2516 1650 et
2557 1589 2832 1650 statuere
2877 1584 2963 1666 id,
3020 1584 3186 1669 quod

330 1688 423 1755 eis
453 1687 555 1755 vel
587 1709 803 1755 eorum
833 1691 1055 1757 maiori
1101 1693 1269 1778 parti
1298 1691 1505 1758 visum
1534 1691 1725 1758 fuerit
1754 1691 2188 1757 ordinandum.
2261 1690 2384 1757 Sed
2431 1691 2486 1756 si
2529 1693 2744 1775 magni
2787 1698 3187 1777 preceptores

326 1815 457 1862 non
504 1797 953 1864 concordarent
995 1798 1071 1864 de
1117 1799 1431 1864 communi
1473 1799 1669 1866 fratre
1712 1803 1779 1865 et
1820 1798 2026 1864 medio
2073 1797 2378 1882 eligendo,
2423 1798 2654 1864 debent
2694 1799 2863 1864 infra
2905 1819 3186 1865 mensem

326 1923 527 1969 unum
572 1903 1054 1989 subsequentem
1095 1925 1211 1991 per
1246 1925 1315 1972 se
1344 1905 1445 1972 vel
1487 1906 1645 1973 alios
1690 1906 1958 1990 benigne
2001 1909 2066 1972 et
2109 1905 2429 1971 humiliter
2469 1905 2790 1990 requirere
2836 1911 2901 1972 et
2945 1907 3188 1992 suppli-

330 2029 475 2077 care
518 2012 821 2095 magistro
866 2012 964 2079 vel
1008 2013 1215 2080 locum
1260 2014 1395 2080 eius
1438 2014 1679 2081 tenenti
1721 2013 1915 2081 tercie
1961 2012 2214 2096 domus,
2259 2018 2333 2078 ut
2375 2012 2668 2096 dignetur
2711 2014 2802 2080 eis
2847 2014 3188 2080 concedere

326 2137 527 2184 unum
572 2119 831 2186 fratrem
876 2140 991 2206 pro
1035 2126 1211 2187 mota
1239 2120 1552 2188 discordia
1595 2119 2048 2188 concordanda.
2118 2120 2239 2198 Qui
2281 2125 2570 2186 teneatur
2604 2121 2671 2186 in
2718 2121 3060 2186 continenti
3107 2142 3187 2187 ex

328 2225 461 2292 suis
504 2225 807 2294 fratribus
850 2248 1045 2294 unum
1092 2229 1183 2296 eis
1214 2229 1570 2312 concedere,
1618 2248 1803 2313 quem
1848 2227 2100 2312 utrique
2142 2229 2314 2316 parti
2339 2228 2544 2312 magis
2575 2228 2805 2294 viderit
2849 2233 2913 2294 et
2957 2247 3185 2311 cogno-

328 2335 495 2401 verit
523 2355 660 2400 esse
687 2334 907 2401 utilem
942 2340 1008 2400 et
1034 2355 1446 2404 communem.
1514 2334 1588 2402 In
1631 2317 1899 2402 arbitros
1946 2339 2158 2402 autem
2200 2334 2384 2401 electi
2428 2335 2484 2400 si
2529 2334 2860 2402 arbitrium
2901 2336 3185 2422 recipere

326 2447 723 2525 recusarent,
785 2441 1052 2510 debeant
1106 2444 1445 2511 secundum
1502 2463 1718 2510 eorum
1760 2440 2131 2525 religionem
2175 2462 2215 2509 a
2257 2442 2388 2508 suis
2433 2443 2860 2529 superioribus
2905 2445 3184 2529 recipere

330 2549 663 2616 arbitrium
694 2548 1009 2618 coherceri
1052 2570 1169 2618 nec
1214 2551 1363 2618 alibi
1410 2551 1760 2634 mittantur,
1804 2570 1923 2616 nec
1953 2551 2144 2616 etiam
2175 2549 2387 2634 aliqua
2419 2550 2658 2616 eisdem
2695 2551 2954 2618 interim
2985 2572 3026 2616 a
3053 2553 3184 2618 suis

328 2656 756 2742 superioribus
800 2657 1227 2743 iniungantur,
1274 2678 1540 2744 quorum
1570 2659 1895 2725 occasione
1926 2657 2256 2724 arbitrium
2299 2657 2674 2740 retardetur,
2721 2657 2918 2724 donec
2949 2659 3183 2726 discor-

326 2763 436 2830 dia
476 2763 670 2832 fuerit
710 2765 1076 2849 terminata3
1124 2785 1239 2833 nec
1282 2767 1529 2853 possint
1572 2765 1699 2833 alia
1744 2766 2069 2834 occasione
2113 2767 2430 2852 suscipere
2475 2764 2803 2832 arbitrium
2851 2786 3042 2851 quam
3087 2767 3184 2833 in-

324 2870 645 2939 firmitatis
677 2872 1141 2940 evidentissime
1170 2874 1476 2942 excusari.
1547 2872 1672 2941 Sed
1714 2875 1771 2939 si
1806 2872 2188 2941 arbitrorum
2233 2873 2460 2957 aliquis
2503 2871 2870 2940 infirmitate
2916 2875 3183 2960 apertis-

328 2980 490 3046 sima
533 2985 822 3046 teneatur
836 3031 855 3065 ,
914 2980 991 3048 ab
1035 2981 1174 3068 illo,
1222 2982 1332 3066 qui
1378 3002 1517 3048 eum
1566 2980 1871 3066 elegerat,
1927 2980 2088 3047 alius
2135 2978 2430 3064 eligatur,
2478 2980 2584 3064 qui
2631 2980 2716 3046 sit
2759 2980 2838 3048 de
2881 2981 3184 3066 religione

324 3087 543 3164 fratris
588 3085 801 3156 taliter
840 3091 1137 3174 excusati,
1182 3090 1275 3155 ita
1318 3095 1551 3173 tamen,
1599 3089 1785 3176 quod,
1832 3089 1888 3155 si
1933 3089 2161 3175 aliquis
2205 3089 2648 3172 magistrorum
2694 3087 2886 3155 habet
2928 3109 3184 3157 necesse

329 3194 599 3280 aliquem
649 3195 727 3262 de
773 3197 1027 3264 arbitris
1072 3195 1449 3283 supradictis
1506 3217 1617 3264 sue
1662 3196 1883 3263 domus
1941 3201 2006 3262 et
2059 3197 2304 3278 magnis
2359 3195 2660 3279 negociis.
2693 3216 2804 3262 sue
2859 3196 3182 3280 religionis

324 3303 579 3369 mittere
622 3303 790 3370 ultra
834 3324 1038 3388 mare,
1096 3303 1301 3371 eidem
1343 3303 1533 3370 liceat
1574 3303 1643 3370 in
1687 3303 2012 3390 passagio,
2059 3301 2397 3368 dummodo
2445 3301 2715 3387 aliquem
2761 3304 3074 3389 ydoneum
3121 3310 3186 3371 et

324 3407 547 3476 utilem
590 3409 717 3496 ipsi
758 3412 1017 3495 negocio
1052 3411 1449 3478 terminando
1477 3412 1544 3477 in
1576 3409 1919 3478 continenti
1965 3411 2030 3476 in
2075 3408 2282 3476 locum
2325 3409 2525 3495 ipsius
2570 3410 2750 3476 missi
2793 3410 2962 3476 ultra
3007 3431 3182 3478 mare

324 3520 617 3582 teneatur
662 3517 1019 3602 subrogare.
1087 3517 1332 3584 Arbitri
1374 3539 1523 3584 vero
1568 3518 1660 3584 sic
1704 3517 1885 3584 elecfi
1926 3517 2190 3603 possint,
2237 3516 2574 3582 dummodo
2621 3516 2710 3584 eis
2742 3517 3028 3584 videatur
3071 3539 3204 3586 ex-.

324 3623 561 3709 pedire,
609 3625 860 3708 exigere
904 3627 1319 3692 iuramentum
1368 3625 1447 3692 de
1491 3625 1757 3692 veritate
1799 3624 2066 3691 dicenda
2100 3645 2141 3690 a
2171 3623 2644 3711 preceptoribus
2693 3629 2756 3690 et
2801 3625 3176 3711 castellaniS,

323 3730 627 3797 fratribus
672 3734 736 3797 et
780 3731 919 3797 aliis
955 3732 1422 3817 quibuscunque
1464 3731 1772 3818 personis,
1820 3752 1976 3818 quos
2013 3752 2202 3817 super
2229 3732 2372 3818 ipsa
2399 3732 2825 3799 controversia
2855 3733 3014 3798 scire
3045 3753 3179 3798 cre-

324 3835 600 3903 diderint
628 3839 977 3905 veritatem.
1044 3838 1169 3906 Sed
1198 3839 1255 3905 si
1284 3840 1675 3924 contingeret
1707 3840 1978 3924 aliquem
2025 3843 2460 3932 preceptorum
2508 3859 2631 3905 non
2676 3840 2882 3906 facere
2928 3840 3180 3907 electio·-

324 3962 472 4011 nem
518 3943 895 4012 arbitrorum
941 3946 1227 4032 superius
1274 3952 1641 4013 annotatam
1672 3947 1770 4014 vel
1810 3969 1938 4014 non
1973 3946 2346 4033 compellere
2393 3947 2662 4014 arbitros
2705 3947 2828 4014 sibi
2873 3947 3177 4032 subditos,

322 4057 399 4118 ut
440 4052 729 4138 superius
776 4059 873 4120 est
916 4071 1303 4138 expressum,
1347 4073 1465 4139 per
1494 4074 1675 4120 sunm
1706 4054 2094 4141 superiorem
2127 4053 2356 4136 eligere
2397 4058 2462 4119 et
2499 4053 2728 4120 electos
2759 4073 2979 4138 cogere
3009 4075 3178 4122 com·

323 4158 599 4246 pellatur
642 4161 709 4226 in
766 4159 1107 4227 continenti
1168 4160 1340 4227 omni
1394 4161 1718 4229 occasione
1774 4160 2160 4248 postposita,
2219 4165 2285 4227 et
2333 4166 2406 4226 ut
2457 4160 2710 4227 intersit
2763 4163 3062 4229 tractatui
3118 4169 3182 4229 et

322 4266 717 4352 inquisitioni
764 4287 839 4333 ac
882 4267 1209 4333 concordie
1252 4267 1522 4335 iniende.
1582 4267 2030 4338 Verumtamen
2065 4268 2122 4335 si
2167 4267 2394 4353 aliquis
2423 4267 2622 4334 frater
2651 4268 2728 4335 de
2759 4268 2943 4335 domo
2977 4269 3181 4335 Theu-

321 4374 675 4440 tonicorum
717 4374 785 4440 in
831 4375 1092 4442 tercium
1124 4375 1226 4442 vel
1270 4375 1555 4461 quintum
1588 4357 1855 4459 eligatur
1886 4381 1952 4442 et
1994 4380 2255 4462 propter
2298 4375 2416 4442 hoc
2458 4395 2599 4442 eum
2647 4375 2742 4442 ire
2787 4382 3072 4462 oporteat
3111 4377 3182 4442 in

321 4485 555 4547 terram
589 4480 1067 4568 Tripolitanum,
1116 4482 1573 4550 Antiochenam
1606 4481 1705 4549 vel
1746 4503 2016 4566 regnum
2047 4481 2260 4569 Cypri,
2307 4482 2509 4550 eidem
2557 4503 2596 4548 a
2639 4483 2922 4568 partibus
2966 4503 3181 4550 neces-

322 4588 491 4654 saria
536 4584 990 4673 ministrentur,
1039 4588 1189 4656 dum
1234 4595 1447 4657 tamen
1492 4591 1578 4656 sit
1618 4589 1688 4656 in
1718 4590 1985 4656 tercium
2016 4589 2117 4656 vel
2147 4591 2435 4675 quintum
2467 4589 2720 4674 electus,
2765 4592 2860 4656 ire
2895 4595 3182 4657 teneatur

324 4700 387 4762 et
444 4695 669 4762 debeat
721 4696 798 4762 de
844 4695 1165 4764 voluntate
1223 4697 1322 4764 sui
1378 4697 1667 4782 magistri
1718 4696 1819 4763 vel
1872 4696 2084 4764 locum
2143 4697 2276 4763 eius
2333 4699 2604 4764 tenentis
2649 4697 2750 4764 vel
2809 4697 2968 4763 alius
3023 4717 3181 4781 eque

320 4803 620 4889 ydoneus.
690 4801 945 4879 Fratres
976 4824 1125 4871 vero
1171 4804 1498 4872 domorum
1540 4805 1821 4892 ipsarum
1870 4805 2100 4872 debent
2144 4804 2264 4872 sibi
2311 4805 2477 4872 bona
2517 4803 2640 4871 fide
2683 4804 2916 4890 ubique
2959 4823 3184 4870 consu-

321 4910 485 4996 lere,
542 4916 949 4979 manutenere
1008 4916 1073 4978 et
1123 4912 1341 4978 iuvare
1397 4931 1470 4979 ac
1520 4912 1657 4980 sine
1700 4911 1869 4980 malo
1914 4911 2168 4998 ingenio
2215 4912 2540 4981 defensare
2587 4895 2880 4999 expensis
2927 4933 3180 4978 suarum

320 5017 653 5086 domorum
696 5023 915 5088 contra
954 5019 1245 5088 inimicos
1288 5017 1437 5086 fidei
1481 5020 1803 5104 ortodoxe,
1848 5019 1942 5087 ita
1987 5019 2298 5105 videlicet,
2345 5021 2512 5107 qnod
2555 5021 2622 5088 in
2666 5039 2860 5103 regno
2897 5019 3184 5088 lerosoli-

2678 5133 2762 5188 7}
