3892 5609
746 348 894 421 362
1715 358 2137 409 Ponrmcum
2181 356 2625 407 Romanorum

743 540 1044 607 prospero
1099 538 1559 586 conservamus.
1651 518 1884 585 Datum
1929 517 2223 603 Lugduni
2276 517 2408 584 xvii
2452 514 2579 584 kal.
2609 516 2911 585 februarii
2954 515 3357 604 pontificatus
3400 517 3601 583 nostri

742 646 906 694 anno
951 626 1243 694 secundo.

879 775 944 828 N.
963 772 1068 827 485
1087 806 1146 815 —
1159 775 1265 827 488
1289 792 1319 827 e
1345 774 1558 842 regestis
1581 774 1770 827 archivi
1787 775 2021 828 Vaticani
2044 773 2161 827 edd.
2182 774 2247 825 de
2264 773 2381 825 wal
2404 772 2723 826 Becherches
2746 772 2814 836 11,
2833 772 2955 825 365.
2990 772 3199 825 Hennes
3222 772 3265 836 Ι,
3288 772 3391 825 119
3413 790 3463 825 ιι.
3478 774 3599 824 114.

740 1008 919 1079 484.
961 1010 1138 1079 1245
1181 1012 1470 1076 ianuarii
1496 1010 1583 1075 16
1628 1008 1951 1096 Luqduni.
2021 1008 2421 1074 Innocentius
2462 1008 2510 1073 Ι
2513 1007 2574 1075 V
2608 1007 2915 1073 ainviliter.

958 1150 1356 1218 Innocentius
1405 1152 1738 1239 episcopus
1783 1170 2002 1217 servus
2048 1168 2369 1215 servorum
2416 1148 2516 1216 dei
2560 1146 2804 1216 dilectis
2848 1146 2995 1215 filiis
3030 1146 3503 1237 preceptoribus
3535 1154 3603 1215 et

736 1258 1038 1325 fratribus
1093 1257 1404 1325 universis
1464 1258 1796 1346 hospitalis
1847 1260 2067 1323 sancte
2112 1254 2311 1324 Maris
2356 1256 2878 1323 Theotonicorum
2923 1254 3191 1323 salutem
3236 1261 3301 1324 et
3343 1262 3598 1343 aposto-

736 1366 927 1434 licam
985 1365 1500 1433 benedictionem.
1740 1364 1981 1431 Audita
2032 1363 2393 1432 innocentia
2449 1362 2821 1431 dilectorum
2872 1360 3149 1429 filiorum
3190 1412 3209 1429 .
3243 1414 3261 1430 .
3306 1363 3599 1447 magistri

739 1480 803 1541 et
854 1474 1120 1541 fratrum
1179 1479 1530 1541 vestrorum
1590 1473 1670 1540 de
1721 1470 2007 1559 partibus
2052 1470 2523 1555 transmarinis,
2580 1470 2807 1555 quibus
2852 1474 2917 1544 et
2958 1468 3135 1537 vobis
3182 1469 3476 1537 omnibus
3516 1470 3597 1537 de

737 1579 1028 1663 religiose
1071 1580 1200 1647 vite
1245 1579 1452 1646 studio
1499 1599 1573 1647 ac
1615 1578 2089 1665 impugnatione
2134 1574 2271 1646 etc.¹
2336 1576 2571 1645 Datum
2615 1576 2909 1662 Lugduni
2954 1577 3087 1644 xvii
3130 1576 3255 1644 kal.
3294 1576 3595 1644 februarii

738 1685 1138 1775 pontificatus
1184 1687 1384 1753 nostri
1431 1706 1593 1753 anno
1639 1683 1929 1754 secundo.

908 1861 923 1877 .
947 1827 1082 1880 Eud.
1119 1826 1183 1879 de
1206 1826 1325 1879 wal
1357 1826 1678 1879 Becherches
1713 1826 1782 1889 11,
1805 1825 1926 1879 366.
1980 1825 2188 1877 Hennes
2222 1826 2266 1887 1,
2296 1824 2399 1877 120
2430 1842 2483 1877 ιι.
2508 1826 2624 1879 115.
2690 1864 2693 1869 -
2813 1826 2859 1878 1.
2895 1834 2953 1878 ut
2984 1825 3037 1877 in
3072 1824 3401 1891 praecedenti
3433 1840 3485 1877 ιι.
3506 1825 3559 1877 4.

738 2076 836 2149 48
849 2077 917 2148 5.
957 2078 1136 2146 1245
1177 2080 1468 2145 ianuarii
1493 2077 1580 2143 16
1623 2076 1946 2164 Luqduni.
2018 2075 2417 2143 Innocentius
2449 2076 2562 2144 IV
2590 2076 2877 2143 similiter
2922 2077 3010 2143 ad
3050 2078 3375 2143 universos
3396 2098 3587 2165 prae-

960 2187 1118 2253 latos
1165 2200 1222 2252 et
1266 2206 1474 2251 omnes
1519 2182 1755 2251 Chm'm'
1777 2184 2021 2269 fideles.
2402 2222 2409 2230 ·
3094 2226 3109 2235 -

958 2326 1358 2395 Innocentius
1403 2325 1733 2413 episcopus
1779 2346 1997 2393 servus
2040 2345 2367 2393 servorum
2412 2326 2512 2392 dei
2560 2324 3017 2393 venerabilibus
3060 2324 3363 2392 fratribus
3394 2324 3589 2393 archi-

738 2436 1050 2524 episcopis
1097 2439 1161 2501 et
1205 2432 1516 2520 episcopis
1561 2453 1638 2501 ac
1682 2433 1824 2501 aliis
1870 2433 2274 2501 ecclesiarum
2319 2432 2579 2519 prelatis
2604 2436 2673 2519 *et
2700 2432 3011 2499 universis
3042 2431 3279 2499 Christi
3305 2432 3589 2501 fidelibus

737 2548 1060 2630 presentes
1098 2542 1344 2625 litteras
1372 2538 1753 2627 inspecturis
1783 2540 2053 2607 salutem
2084 2544 2149 2607 et
2177 2539 2584 2627 apostolicam
2617 2539 3132 2607 benedictionem.
3358 2540 3591 2615 Audita

735 2650 1098 2716 innocentia
1155 2646 1525 2715 dilectorum
1581 2647 1852 2716 filiorum
1900 2695 1917 2713 .
1945 2698 1961 2715 .
2012 2647 2303 2732 magistri
2346 2652 2410 2713 et
2448 2647 2717 2713 fratrum
2761 2646 3091 2735 hospitalis
3136 2652 3353 2715 sancte
3398 2646 3591 2715 Mario

739 2757 1299 2839 Tbeutonicorum,
1357 2754 1584 2840 quibus
1643 2756 1723 2823 de
1773 2754 2067 2840 religiose
2121 2756 2613 2823 conversationis
2669 2760 2734 2822 et
2786 2756 2915 2823 vite
2968 2754 3176 2821 studio
3232 2772 3309 2821 ac
3352 2754 3435 2821 de
3474 2755 3589 2821 im-

735 2864 1121 2951 pugnatione
1165 2862 1434 2930 sollicita
1476 2860 1750 2928 hostium
1797 2860 2078 2929 crucifixi
2124 2861 2361 2929 clarum
2406 2862 2838 2929 testimonium
2880 2861 3281 2949 perhibetur,
3322 2860 3590 2945 „dignum

737 2970 873 3037 fore
916 2970 1337 3058 providimus,
1394 2974 1467 3036 ut
1509 2968 1714 3036 ordini
1760 2988 1977 3035 eorum
2024 2970 2251 3053 quietis
2297 2975 2361 3036 et
2402 2970 2576 3057 pacis
2622 2988 2963 3056 procurare
3004 2970 3337 3037 materiam
3382 2970 3591 3036 stude-

737 3096 968 3144 remus.
1058 3076 1224 3145 Hinc
1281 3081 1379 3144 est
1433 3072 1572 3143 etc.¹
1644 3074 1772 3142 Vos
1827 3076 2043 3162 itaque
2102 3078 2485 3144 contrarium
2540 3096 2667 3144 non
2718 3076 3073 3161 credentes,
3130 3077 3185 3143 si
3228 3077 3395 3143 forte
3436 3076 3593 3143 illud

735 3184 914 3251 vobis
961 3184 1111 3251 olim
1157 3189 1520 3269 suggestum
1564 3183 1757 3249 fuerit
1799 3183 1900 3250 vel
1943 3184 2355 3270 imposterum
2390 3190 2781 3269 suggeratur,
2826 3185 3011 3251 dictis
3040 3183 3343 3267 magistro
3375 3190 3443 3251 et
3457 3184 3592 3249 fra-

735 3292 938 3361 tribus
999 3292 1206 3376 dignis
1265 3292 1470 3376 gratia
1517 3296 1581 3356 et
1622 3288 1858 3356 honore
1902 3310 2019 3376 pro
2065 3291 2263 3357 divini
2305 3292 2541 3359 honore
2584 3292 2856 3357 nominis
2898 3290 3153 3375 benigni
3199 3295 3263 3357 et
3306 3290 3593 3358 benevoli

735 3398 966 3483 iugiter
1021 3399 1328 3466 existatis.
1409 3398 1647 3465 Datum
1691 3396 1983 3483 Lugduni
2029 3399 2160 3465 xvii
2204 3398 2329 3465 kal.
2361 3398 2662 3467 februarii
2717 3398 3115 3485 pontificatus
3169 3399 3373 3465 nostri
3428 3418 3589 3465 anno

737 3506 1028 3573 secundo.

949 3629 1082 3682 Edd.
1119 3628 1184 3681 de
1209 3628 1327 3681 wal
1359 3627 1680 3681 Becherches
1713 3628 1783 3691 Π,
1807 3626 1928 3683 367.
1982 3626 2191 3679 Hennes
2228 3628 2272 3690 Ι,
2299 3626 2401 3679 120
2436 3645 2486 3679 ιι.
2516 3626 2633 3681 116.
2814 3628 2860 3681 1.
2895 3637 2955 3681 ut
2984 3628 3037 3681 in
3072 3646 3127 3681 ιι.
3148 3626 3273 3681 483.

739 3904 918 3977 486.
960 3907 1139 3974 1245
1189 3910 1478 3973 ianuarii
1515 3907 1603 3973 16
1647 3905 1995 4007 Luqduni..
2054 3904 2449 3973 Innocentius
2491 3907 2603 3973 IV
2638 3909 2922 3973 ordinem
2972 3904 3422 3975 Theutonioum
3462 3929 3587 3971 non

961 4016 1159 4081 teneri
1198 4014 1478 4080 declarat
1520 4016 1596 4078 cle
1640 4014 1859 4079 debitis
1905 4038 1946 4078 a
1989 4010 2275 4081 Gerardo
2322 4016 2641 4103 quondam
2682 4018 2983 4101 παρέστω
3027 4028 3172 4103 post
3212 4016 3583 4101 resiqnatio-

957 4145 1098 4187 nem
1141 4121 1464 4207 illeqitimo
1510 4121 1622 4187 sub
1667 4123 2019 4207 maqisterii
2059 4122 2268 4209 siyillo
2316 4126 2665 4189 contractis.

961 4262 1358 4329 Innocentius
1405 4262 1736 4349 episcopus
1765 4282 1984 4330 servus
2016 4284 2339 4331 servorum
2370 4264 2473 4330 dei
2502 4262 2747 4331 dilectis
2774 4262 2924 4330 filiis
2956 4314 2971 4329 .
2991 4313 3007 4330 .
3038 4263 3342 4347 magistro
3373 4270 3437 4331 et
3462 4263 3585 4329 fra-

731 4368 939 4443 tribus
984 4369 1311 4457 hospitalis
1357 4373 1570 4437 sancte
1600 4369 1799 4437 Μαι-ιθ
1829 4370 2349 4437 Theotonicorum
2394 4370 2873 4437 lerosolimitani
2920 4370 3185 4438 salutem
3230 4376 3299 4438 et
3342 4378 3585 4457 aposto·

734 4477 926 4545 licam
970 4477 1480 4544 benedictionem.
1705 4476 2104 4564 Exposuistis
2149 4477 2468 4545 humiliter
2512 4498 2725 4545 coram
2770 4478 2972 4563 nobis,
3018 4479 3185 4565 quod
3225 4478 3423 4546 frater
3466 4478 3585 4545 Ge-

736 4585 993 4667 rarduS,
1039 4585 1353 4670 quondam
1399 4586 1698 4668 magister
1741 4589 1967 4669 vester,
2012 4591 2345 4672 postquam
2394 4585 2571 4653 vobis
2614 4585 2685 4652 in
2726 4590 2932 4653 castro
2978 4592 3185 4653 vestro
3230 4585 3583 4653 Monteforti

737 4712 922 4758 suum
967 4692 1397 4776 magisterium
1442 4692 1806 4776 resignavit,
1853 4693 2165 4759 autentico
2212 4698 2277 4760 et
2319 4699 2621 4780 perpetuo
2666 4693 2873 4777 sigillo
2918 4694 3227 4778 magistri,
3274 4693 3439 4779 quod
3477 4694 3583 4759 ba-

741 4798 982 4885 buerat,
1027 4800 1208 4867 iuxta
1247 4818 1488 4866 morem
1535 4819 1724 4885 super
1770 4798 1957 4865 altari
2002 4800 2283 4883 dimisso,
2330 4800 2411 4867 ad
2456 4800 2709 4867 domum
2740 4800 2967 4868 militie
2997 4801 3243 4888 Templi
3273 4801 3353 4869 de
3382 4808 3585 4868 vestra

608 4917 634 4937 “
739 4906 922 4973 domo
979 4906 1340 4991 confugiens
1399 4906 1519 4973 sibi
1572 4906 1650 4974 de
1705 4927 1868 4973 novo
1913 4913 2150 4973 temere
2200 4906 2352 4975 fecit
2406 4907 2701 4975 fabricari
2745 4908 3041 4993 sigillum.
3122 4908 3390 4993 Verum,
3446 4928 3583 4975 cum

741 5024 876 5099 vos,
920 5014 1084 5081 sicut
1126 5014 1440 5100 asseritis,
1485 5033 1613 5081 non
1656 5014 1973 5083 modicum
2016 5015 2315 5101 timeatis,
2362 5014 2527 5100 quod
2570 5016 2711 5103 ipse
2754 5014 2870 5083 sub
2914 5016 3131 5084 eodem
3176 5036 3339 5084 novo
3386 5016 3583 5102 sigillo
