3892 5609
1308 344 1610 403 PRussn.
1679 354 1866 403 novx
1911 355 2230 404 monn
3050 344 3092 414 2
3108 344 3143 415 1
3158 344 3200 414 7

335 512 502 579 vicio
549 519 615 580 et
660 512 1017 600 suspicione
1061 518 1348 581 carentes
1397 534 1470 580 66
1513 516 1679 581 veris
1726 514 1951 599 sigillis
1996 514 2499 602 supradictorum
2546 514 2944 581 dominorum
2988 534 3207 599 regum

337 624 404 685 et
445 618 807 706 principum
849 620 1189 687 electorum
1237 620 1544 705 sigillatas
1573 621 1708 689 fore
1753 624 2173 709 comperimus
2220 628 2285 689 et
2326 622 2713 704 invenimus3
2760 622 2996 688 idcirco
3028 622 3204 708 ipsas

333 724 586 793 litteras
601 777 622 811 ,
689 726 1024 813 privilegia
1078 732 1142 794 et
1195 728 1441 794 indulta
1498 728 1578 793 ad
1629 729 1913 795 futurum
1970 730 2064 795 rei
2118 730 2485 795 memoriam
2544 734 2608 795 et
2668 732 2931 815 propter
2984 748 3205 795 causas

335 834 736 920 supradictas
793 854 910 921 per
967 834 1308 901 discretum
1367 835 1572 901 virum
1616 833 1989 903 Wernerum
2046 836 2125 902 de
2178 835 2440 919 Putten,
2498 822 2797 901 clericum
2846 825 3205 902 'Culmensis

335 938 656 1026 dyocesis,
697 940 1022 1028 publicum
1067 940 1384 1027 imperiali
1429 943 1800 1008 auctoritate
1843 942 2161 1009 notarium
2205 948 2613 1028 nostrumque
2658 960 2733 1007 ac
2776 942 2949 1009 curie
2990 946 3207 1009 nostre

335 1046 614 1113 scribam
655 1046 932 1114 iuratum
979 1065 1052 1113 ac
1096 1056 1337 1115 ceteros
1383 1048 1662 1115 notarios
1709 1048 1995 1134 publicos
2048 1048 2485 1135 infrascriptos
2538 1048 2941 1133 transscribi,
2998 1048 3207 1135 publi-

337 1154 474 1219 cari
519 1159 583 1220 et
623 1155 694 1220 in
737 1154 1004 1221 formam
1049 1153 1366 1241 publicam
1413 1160 1478 1221 et
1529 1156 1906 1222 autenticam
1958 1174 2031 1221 66
2077 1153 2402 1243 exemplar
2444 1176 2556 1222 seu
2607 1175 2866 1241 presens
2914 1154 3205 1223 volumen

335 1258 543 1343 redigi
573 1260 650 1327 (16
681 1259 1018 1327 commissa
1059 1260 1240 1327 nobis
1289 1261 1660 1328 auctoritate
1703 1262 1880 1345 regia
1910 1262 2301 1328 decrevimus
2338 1266 2402 1329 et
2436 1262 2891 1345 mandavimuS,
2938 1282 3205 1346 quarum

335 1370 592 1433 tenores
643 1370 992 1450 sequuntur
1037 1372 1100 1432 et
1145 1373 1293 1434 sunt
1345 1366 1524 1434 tales.
1604 1366 1692 1434 Et
1745 1360 1953 1454 primo
2011 1372 2191 1442 tenor
2248 1370 2451 1455 prime
2503 1367 2795 1435 videlicet
2848 1368 3205 1435 donationis

337 1472 476 1539 sive
521 1473 939 1539 concessionis
983 1472 1158 1539 Nove
1202 1472 1482 1541 Marchie
1524 1473 1762 1541 domini
1807 1474 2121 1559 quondam
2158 1474 2544 1559 sigismundi
2571 1475 2999 1541 Romanorum
3035 1473 3205 1559 regis

337 1578 550 1663 sigillo
591 1579 861 1646 rotundo
907 1578 984 1645 de
1033 1598 1178 1645 cera
1221 1579 1443 1663 glauca
1487 1586 1552 1647 et
1605 1582 1919 1647 communi
1966 1583 2035 1647 in
2078 1580 2202 1647 filis
2247 1582 2462 1647 sericis
2508 1582 2673 1665 nigri
2730 1581 3055 1667 croceique
3098 1600 3204 1647 co-

335 1684 545 1751 lorum
589 1684 996 1771 impendente
1039 1685 1341 1769 sigillate,
1395 1688 1462 1752 in
1507 1688 1686 1754 cuius
1739 1685 2069 1772 superficie
2113 1708 2152 1752 a
2194 1686 2497 1755 lateribus
2542 1687 2877 1772 ciboriata‚
2936 1686 3206 1774 desuper

337 1790 636 1859 decorata
679 1792 890 1875 sedes,
947 1792 1016 1857 in
1061 1792 1238 1859 cuius
1282 1793 1490 1859 medio
1535 1793 1703 1876 regis
1757 1793 1967 1877 imago
2026 1793 2304 1860 vestibus
2358 1794 2673 1879 regalibus
2732 1794 3203 1878 circumiuncta,

337 1916 574 1965 corona
615 1899 792 1982 regia
821 1904 1138 1983 coronata,
1182 1899 1250 1963 in
1281 1899 1506 1966 dextra
1531 1920 1724 1966 manu
1753 1905 2071 1985 sceptrum
2102 1900 2333 1985 regale,
2380 1901 2448 1968 in
2479 1901 2737 1967 sinistra
2765 1920 2913 1966 vero
2947 1919 3203 1986 pomum

337 2023 486 2070 cum
531 2024 714 2071 cruce
755 2004 1026 2092 desuper
1071 2004 1388 2089 deferens,
1433 2006 1602 2071 circa
1645 2008 1822 2072 cuius
1878 2007 2173 2072 dextrum
2228 2006 2453 2093 pedem
2514 2007 2752 2094 clipeus
2812 2026 3076 2093 parvus,
3136 2008 3205 2073 in

335 2111 520 2177 cuius
565 2110 894 2197 superficie
937 2112 1137 2178 leonis
1179 2110 1403 2196 figura,
1449 2134 1628 2180 secus
1673 2114 2001 2179 sinistrum
2048 2116 2257 2180 autem
2302 2114 2533 2180 iterum
2572 2114 2809 2200 clipeus
2840 2133 3095 2200 parvuS,
3136 2113 3205 2179 in

337 2236 466 2301 quo
509 2218 712 2284 forme
753 2218 948 2285 trium
991 2218 1270 2305 capitum
1313 2219 1566 2285 leonum
1627 2226 1989 2305 apertorum
2034 2225 2099 2286 et
2142 2220 2209 2286 in
2264 2220 2485 2286 dextro
2538 2220 2737 2287 latere
2792 2221 3020 2287 iterum
3080 2221 3203 2286 duo

335 2322 560 2410 clipei,
605 2324 673 2392 in
719 2324 1030 2411 superiori
1073 2324 1277 2409 figura
1319 2326 1526 2412 aquile
1571 2327 1848 2393 extensis
1893 2326 2043 2411 alis,
2090 2328 2157 2393 in
2200 2326 2315 2393 sub
2362 2348 2435 2393 66
2481 2325 2681 2395 leonis
2724 2326 2961 2411 forma,
3006 2326 3073 2392 in
3118 2326 3205 2393 61-

334 2431 544 2499 nistro
590 2450 736 2498 vero
781 2431 980 2498 latere
1025 2432 1224 2499 eciam
1270 2432 1393 2498 duo
1447 2432 1663 2519 clipei3
1719 2433 1787 2498 in
1844 2434 2153 2519 superiori
2198 2454 2355 2500 crux
2398 2433 2796 2521 dupplicata,
2852 2434 2919 2499 in
2964 2432 3083 2499 sub
3130 2452 3203 2500 eo

337 2544 614 2625 quatuor
641 2543 878 2605 tractus
909 2538 1084 2625 plani
1120 2559 1234 2625 per
1263 2543 1714 2624 transversum,
1763 2544 1828 2606 et
1855 2539 1971 2606 hee
2001 2540 2211 2606 littere
2240 2540 2307 2605 in
2339 2540 2851 2609 circumferencia
2878 2539 3202 2607 circulari:

337 2644 784 2729 sigismundus
829 2645 932 2712 dei
976 2645 1190 2728 gracia
1231 2645 1656 2711 Romanorum
1699 2667 1815 2714 rex
1871 2667 2121 2733 semper
2176 2651 2479 2730 augustus
2524 2666 2598 2713 ac
2640 2647 2993 2732 Hungarie,
3051 2646 3205 2714 Dal-

335 2754 564 2837 macie‚
609 2752 888 2837 Croacie,
947 2751 1164 2837 Rame,
1221 2751 1459 2836 Servie,
1515 2750 1774 2838 Galicie,
1829 2751 2210 2837 Lodomirie,
2264 2752 2563 2819 Comanie
2605 2752 3024 2839 Bulgarieque
3066 2774 3203 2840 rex,

334 2859 622 2927 marchio
652 2858 1278 2942 Brandenburgensis
1321 2878 1560 2925 necnon
1593 2858 1892 2927 Bohemie
1937 2865 2001 2926 et
2027 2859 2591 2944 Lucemburgensis
2634 2861 2837 2944 heres,
2881 2866 2957 2927 ut
2999 2862 3207 2947 prima

333 2968 504 3035 facie
545 2966 897 3049 videbatur,
945 2965 1355 3052 apparebant,
1401 2967 1686 3051 sequitur
1729 2966 1806 3033 de
1851 2966 2043 3033 verbo
2090 2967 2171 3033 ad
2216 2966 2477 3033 verbum
2524 2972 2590 3035 et
2631 2972 2729 3033 est
2770 2966 2951 3033 talis:

661 3073 750 3158 (p.
784 3074 910 3138 321
933 3074 1020 3152 v.)
1097 3073 1144 3138 I.
1177 3092 1240 3137 n.
1274 3092 1324 3139 s.
1355 3078 1422 3141 et
1447 3073 1492 3139 i.
1523 3078 1570 3138 t.
1615 3073 1888 3140 feliciter
1945 3092 2149 3139 amen.
2232 3072 2672 3156 Sigismundus
2717 3080 2837 3141 etc.
2882 3073 2941 3141 d.
2983 3074 3043 3141 d.
3084 3072 3207 3143 Po-

663 3179 826 3245 sonii
876 3179 1046 3243 1429
1093 3184 1252 3264 sept.
1287 3180 1324 3243 7
1375 3180 1594 3265 (supra
1637 3200 1700 3245 n.
1733 3180 1910 3260 213).

337 3286 551 3353 Tenor
591 3285 865 3352 secunde
905 3284 1116 3351 littere
1161 3285 1440 3353 eiusdem
1473 3284 1862 3369 Sigismundi
1905 3284 2198 3353 videlicet
2239 3287 2525 3354 mandati
2560 3286 2937 3354 investiendi
2968 3286 3207 3355 dictum

338 3392 628 3460 ordinem
675 3392 756 3458 ad
801 3392 1034 3458 dictam
1077 3390 1320 3459 Novam
1351 3390 1700 3458 Mai-chiam
1727 3392 2041 3459 consimili
2086 3392 2291 3475 sigillo
2338 3412 2531 3479 supra
2576 3394 2889 3481 descripto
2935 3393 3209 3478 sigillato

337 3500 412 3565 in
467 3498 756 3587 pressula
809 3518 1228 3585 pergamenea
1283 3518 1561 3585 appenso
1615 3500 1901 3583 sequitur
1952 3500 2030 3566 de
2072 3497 2263 3565 verbo
2311 3498 2393 3565 ad
2450 3499 2713 3568 verbum
2756 3506 2821 3567 61
2878 3506 2977 3567 661
3028 3500 3206 3568 talis:

665 3605 754 3691 (p.
787 3605 918 3670 323
935 3606 1022 3685 v.)
1087 3602 1226 3671 Wir
1257 3604 1564 3688 Sigmund
1609 3610 1727 3673 etc.
1769 3607 1829 3672 d.
1861 3605 1922 3671 d.
1956 3605 2311 3689 Preszburg
2344 3608 2515 3672 1429
2549 3613 2708 3693 sept.
2742 3608 2783 3672 8
2830 3607 2905 3689 (s.
2938 3628 3001 3673 n.
3028 3608 3205 3690 214).

343 3712 555 3779 Tener
599 3731 748 3778 vero
801 3712 1000 3778 tercie
1051 3710 1261 3777 littere
1305 3710 1598 3778 videlicet
1640 3711 2121 3779 venundationis
2178 3713 2458 3779 eiusdem
2502 3718 2671 3779 terre
2712 3712 2888 3780 Nove
2930 3712 3211 3782 Marchie

339 3818 918 3887 illustrissimorum
961 3818 1320 3904 principum
1365 3818 1760 3885 dominorum
1805 3817 1857 3884 F
1859 3819 2111 3885 riderici
2156 3820 2444 3904 senioris,
2490 3819 2807 3904 Iohannis,
2853 3820 3101 3888 Alberti
3145 3825 3211 3889 et

339 3924 652 3993 Friderici
677 3924 942 3991 iunioris
970 3944 1413 4008 germanorum
1447 3926 1883 3992 marchionum
1910 3926 2606 4011 Brandenburgensium
2640 3932 2781 4010 etc.,
2826 3932 3095 4013 quatuor
3124 3928 3210 3993 si·

340 4028 513 4117 gillis
561 4033 902 4099 eorundem
931 4031 1328 4098 dominorum
1371 4032 1802 4099 marchionum
1835 4032 1912 4099 de
1942 4051 2089 4099 cera
2118 4032 2313 4099 rubea
2352 4034 2419 4098 in
2450 4032 2725 4119 capsulis
2759 4034 2837 4101 de
2866 4054 3009 4101 cera
3039 4054 3209 4101 com-

341 4139 523 4206 muni
568 4138 774 4223 glauci
805 4138 1030 4205 coloris
1059 4139 1388 4225 impressis
1431 4139 1500 4205 in
1544 4138 1850 4226 pressulis
1893 4140 2331 4225 pergameneis
2364 4140 2873 4226 impendentibus
2904 4140 3207 4225 sigillate3
3323 4160 3333 4169 ·

341 4248 414 4312 in
445 4264 712 4331 quorum
743 4245 997 4331 quidem
1027 4244 1376 4329 sigillorum
1423 4246 1616 4333 primi
1645 4244 1975 4331 superficie
2004 4250 2135 4312 tres
2167 4246 2376 4332 clipei,
2422 4267 2688 4332 quorum
2723 4268 2885 4315 unus
2918 4248 3099 4335 quasi
3140 4249 3210 4315 in

341 4351 554 4419 medio
587 4350 728 4419 aliis
761 4352 966 4417 maior
992 4351 1060 4417 in
1093 4372 1212 4437 quo
1243 4351 1470 4436 figura·
1491 4352 1698 4439 aquile
1743 4353 2021 4419 extensis
2068 4352 2206 4436 alis,
2254 4372 2445 4440 super
2475 4372 2657 4437 quem
2696 4353 2879 4438 galea
2911 4361 3212 4423 coronata

339 4464 594 4527 tectura
638 4477 750 4525 seu
792 4458 1066 4542 ligatura
1107 4458 1334 4541 galeali
1378 4458 1842 4541 circumcincta,
1889 4479 1930 4524 a
1974 4459 2214 4526 dextris
2260 4464 2325 4526 et
2368 4480 2407 4526 6
2446 4460 2721 4529 sinistris
2766 4480 2880 4547 per
2924 4462 3210 4548 eandem,

343 4565 478 4632 acsi
507 4569 696 4631 vento
727 4564 1022 4632 continue
1053 4565 1526 4652 propelleretur,
1552 4566 1916 4651 duabusque
1951 4566 2067 4634 alis
2090 4567 2360 4652 desuper
2388 4568 2666 4634 extensis
2696 4573 2761 4634 et
2790 4568 3014 4634 erectis
3044 4568 3209 4635 redi—

343 4672 522 4739 mita.
595 4670 725 4737 Sub
757 4691 880 4757 quo
911 4672 1164 4756 quidem
1196 4672 1397 4759 clipeo
1428 4672 1537 4739 alii
1566 4673 1690 4740 duo
1719 4673 1903 4759 parvi
1934 4673 2142 4759 clipei,
2187 4693 2350 4739 unus
2382 4694 2421 4740 a
2451 4674 2711 4757 dextris,
2756 4674 2825 4739 in
2858 4694 2979 4759 quo
3009 4672 3211 4741 leonis

339 4780 554 4847 forma
581 4784 902 4863 coronata,
950 4779 1111 4845 alius
1143 4800 1182 4844 a
1210 4780 1504 4861 sinistris,
1553 4780 1620 4846 in
1653 4800 1775 4864 quo
1819 4780 1889 4844 in
1933 4780 2247 4866 superiori
2288 4780 2627 4847 medietate
2656 4780 2777 4847 due
2810 4780 3211 4866 quadrature,

341 4907 471 4955 una
499 4885 796 4953 videlicet
825 4906 864 4952 a
893 4885 1134 4952 dextris
1167 4886 1484 4952 modicum
1531 4886 1778 4953 elevata
1820 4890 1885 4953 et
1921 4885 2049 4952 alia
2078 4906 2117 4953 a
2146 4886 2418 4954 sinistris
2450 4888 2770 4973 depressa,
2814 4887 2882 4953 in
2926 4888 3215 4955 inferiori

339 5014 495 5062 vero
539 4993 878 5091 medietate
923 4992 1202 5059 eiusdem
1249 4992 1437 5079 clipei
1479 4993 1602 5059 duo
1647 4991 1860 5077 anguli
1906 4992 2138 5077 obtusi,
2184 5014 2343 5060 unus
2390 5013 2431 5060 a
2472 4994 2713 5063 dextris
2752 5014 2910 5078 eque
2944 4994 3214 5081 quadra-
