3892 5609
1389 349 1776 400 vammu
1820 351 2206 400 ultumas
3043 340 3192 412 471

380 506 553 578 722.
594 509 770 576 1450
810 509 1024 576 novbr.
1057 509 1141 576 21
1193 509 1446 577 Romae.
1515 511 1822 578 Nicotaus
1857 510 1920 577 V
1951 514 2172 598 repetit
2210 511 2547 598 privileyia
2590 513 2847 578 ordinis.

603 649 899 718 Nicolaus
944 655 1060 718 etc.
1241 649 1399 718 Cum
1443 671 1482 720 a
1524 651 1704 719 nobis
1748 656 1864 719 etc.
1929 650 2165 719 Datum
2194 651 2389 719 Rome
2434 672 2489 718 a.
2520 653 2563 718 i.
2596 651 2654 718 d.
2690 651 3016 719 millesimo
3050 673 3200 738 qua-

377 756 868 842 dringentesimo
913 757 1424 844 quinquagesimo
1469 757 1794 826 undecimo
1837 757 2137 826 kalendas
2180 758 2524 826 decembris
2566 757 2963 846 pontificatus
3002 760 3201 826 nostri

375 885 538 931 anno
586 869 826 950 quarto.

588 1003 843 1073 originale
877 1021 988 1056 cum
1011 1003 1164 1066 bulla,
1202 1005 1450 1071 quondam
1476 1005 1758 1069 (bacarius,
1793 1005 1912 1058 inde
1936 1006 2001 1057 ab
2025 1023 2071 1058 a.
2097 1005 2230 1056 1865
2254 1005 2305 1056 in
2330 1005 2527 1057 archivo
2550 1005 2915 1072 Regimontano
2938 1015 3200 1058 servatum.

377 1094 566 1146 citatur
601 1093 652 1145 in
685 1093 968 1145 Inventario
1004 1093 1190 1144 archivi
1227 1093 1565 1146 cracoviensis
1601 1111 1651 1160 p.
1677 1093 1746 1145 86
1781 1095 1874 1147 sub
1910 1093 2029 1146 dato
2062 1095 2281 1147 secundo
2315 1093 2417 1145 kal.
2442 1093 2637 1146 decbr-,2
2691 1094 2953 1158 „Nicolaus
2989 1111 3122 1162 papa
3156 1095 3201 1144 V

375 1198 548 1234 omnes
591 1182 925 1248 indulgentias
969 1181 1208 1248 magistro
1243 1191 1295 1233 et
1341 1182 1501 1234 ordini
1541 1183 1888 1234 cruciferorum
1921 1183 2278 1250 libertatesque
2312 1191 2365 1234 et
2399 1181 2737 1249 exemptiones
2772 1184 2837 1234 ab
2866 1184 3203 1235 exactionibus

377 1270 686 1333 secularium,
721 1289 752 1322 a
785 1269 1006 1336 regibus,
1040 1269 1345 1337 principibus
1381 1279 1434 1322 et
1467 1269 1578 1322 aliis
1605 1271 1784 1324 Christi
1813 1271 2045 1324 fidelibus
2068 1281 2173 1324 tum
2196 1290 2228 1324 a
2250 1270 2487 1324 Romanis
2511 1271 2824 1337 pontificibus
2847 1271 3203 1324 rationabiliter

377 1358 522 1412 datas
558 1368 611 1412 et
643 1375 920 1421 concessas,
957 1358 1263 1412 confirmat“.

385 1615 558 1688 723.
599 1619 782 1686 1474
825 1619 973 1684 iulii
1008 1618 1098 1685 30
1142 1619 1382 1684 Romae
1435 1619 1611 1705 apud
1651 1640 1700 1682 s.
1734 1618 2009 1686 Petrum,
2092 1618 2313 1688 siam
2356 1617 2462 1684 IV
2498 1619 2819 1702 confirmat
2870 1619 3207 1706 privileqia

599 1738 654 1792 et
694 1727 1112 1812 indulqentiae
1159 1727 1399 1794 ordinis
1451 1724 1834 1794 {Hecaton-ici.

601 1865 817 1934 Sixtus
863 1873 977 1934 etc.
1203 1865 1359 1933 Cum
1406 1886 1445 1932 a
1486 1865 1666 1933 nobis
1712 1869 1828 1933 etc.
1905 1865 2139 1934 Datum
2182 1863 2377 1934 Rome
2432 1865 2599 1952 apud
2644 1887 2694 1932 s.
2734 1865 2989 1934 Petrum
3044 1886 3207 1934 anno

381 1973 826 2041 incarnationis
871 1973 1180 2041 dominice
1222 1972 1552 2042 millesimo
1600 1973 2209 2063 quadringentesimo
2256 1973 2713 2060 septuagesimo
2745 1980 2966 2060 quarto
2998 1975 3207 2062 ponti-

381 2079 600 2149 ficatus
645 2081 842 2148 nostri
889 2100 1050 2148 anno
1095 2082 1299 2149 tertio.

590 2221 779 2272 citatur
813 2223 866 2273 in
887 2221 1170 2274 Inventario
1207 2221 1392 2273 archivi
1417 2221 1756 2273 cracoviensis
1792 2239 1842 2288 p.
1868 2221 1937 2273 93
1962 2237 2073 2272 cum
2094 2219 2221 2272 falso
2246 2220 2389 2272 dato:
2432 2219 2495 2286 „3
2518 2220 2629 2272 idus
2655 2221 2901 2287 augusti“.
2956 2221 3212 2290 originale

382 2325 492 2362 cum
525 2310 662 2362 bulla
699 2327 760 2362 ex
795 2311 994 2363 archivo
1032 2310 1345 2364 cracoviensi
1380 2309 1579 2361 demum
1612 2309 1965 2376 Regimontum
2001 2309 2235 2361 delatum.

388 2585 563 2657 724.
605 2588 777 2656 1484
821 2587 1034 2654 novbr.
1067 2587 1112 2654 3
1161 2587 1397 2654 Romae
1440 2587 1616 2674 apud
1657 2608 1706 2650 s.
1744 2587 2019 2652 Petrum.
2090 2585 2485 2654 Innocentius
2521 2585 2697 2653 VIII
2726 2587 3063 2674 privileqia
3108 2611 3211 2654 or-

601 2697 768 2761 dinis
823 2693 1189 2762 Theutonici
1230 2695 1570 2779 confirmat.

603 2835 998 2902 Innocentius
1053 2841 1169 2902 etc.
1394 2833 1554 2901 Cum
1611 2854 1648 2900 a
1701 2832 1880 2901 nobis
1939 2839 2055 2902 etc.
2136 2833 2370 2901 Datum
2414 2831 2609 2902 Rome
2662 2834 2828 2922 apud
2872 2854 2923 2902 s.
2957 2834 3210 2902 Petrum

385 2963 547 3011 anno
593 2943 1040 3010 incarnationis
1101 2941 1410 3010 dominice
1463 2940 1796 3008 millesimo
1843 2941 2453 3028 quadringentesimo
2508 2942 2925 3027 octuagesimo
2972 2948 3212 3027 quarto,

381 3050 568 3120 tertio
613 3069 811 3116 nonas
853 3050 1210 3118 novembris
1254 3048 1650 3136 pontificatus
1693 3051 1894 3116 nostri
1940 3069 2102 3116 anno
2148 3049 2370 3135 primo.

573 3185 852 3257 ‘originale
887 3207 997 3242 cum
1033 3189 1169 3242 bulla
1205 3207 1266 3241 ex
1303 3188 1616 3240 cracoviensi
1652 3189 1850 3240 archivo
1883 3189 2089 3240 tandem
2124 3189 2474 3256 Regimontum
2512 3189 2745 3241 delatum.
2810 3189 3000 3241 citatur
3034 3189 3087 3241 in
3124 3188 3211 3239 In-

383 3280 606 3332 ventnrio
647 3279 835 3331 archivi
882 3279 1221 3331 cracoviensis
1265 3295 1315 3346 p.
1344 3275 1414 3330 96
1461 3277 1554 3328 sub
1599 3275 1726 3329 falso
1772 3277 1939 3330 titulo:
2002 3276 2197 3344 „Sixtus
2224 3275 2369 3346 'papa
2402 3277 2473 3329 IV
2510 3278 2675 3331 omnia
2714 3279 2822 3330 iura
2858 3287 2909 3329 et
2953 3277 3214 3346 privilegia

383 3367 732 3421 cruciferorum
765 3367 1039 3421 confirmat.
1090 3367 1276 3420 Datum
1311 3366 1502 3418 Romae
1535 3365 1684 3418 tertio
1717 3383 1876 3419 nonas
1914 3403 2068 3420 .....
2106 3383 2237 3419 anno
2278 3365 2463 3418 1484“.

392 3615 566 3688 725.
606 3619 782 3686 1494
828 3619 1158 3699 decembris
1188 3619 1276 3685 24
1323 3617 1579 3685 Romae.
1649 3617 2013 3684 Alea-ander·
2046 3617 2145 3684 VI
2177 3621 2324 3684 iura
2368 3620 2609 3686 ordinis
2662 3615 3027 3686 mutonici
3067 3640 3212 3684 con-

592 3725 830 3811 firmat.

606 3858 966 3926 Alexander
1021 3863 1136 3926 etc.
1360 3857 1518 3924 Cum
1579 3877 1618 3924 a
1672 3856 1854 3924 nobis
1908 3862 2024 3923 etc.
2103 3856 2338 3925 Datum
2382 3857 2617 3925 Romae
2666 3857 2833 3944 apud
2878 3877 2928 3923 s.
2959 3857 3215 3924 Petrum

391 3986 552 4032 anno
611 3965 1056 4032 incarnationis
1113 3965 1420 4033 dominice
1473 3964 1804 4031 millesimo
1861 3963 2471 4050 quadringentesimo
2526 3965 2928 4049 nonagesimo
2974 3971 3215 4050 quarte,

387 4092 552 4140 nono
595 4071 896 4140 kalendas
940 4073 1208 4140 ianuarii
1252 4069 1648 4160 pontificatus
1691 4071 1890 4137 nostri
1935 4091 2097 4137 anno
2143 4071 2357 4138 tercio.

598 4212 854 4280 originale
898 4229 1011 4265 cum
1055 4212 1192 4266 bulla
1232 4229 1293 4264 ex
1342 4211 1655 4264 Cracoviensi
1698 4211 1896 4263 archivo
1945 4218 2195 4278 postremo
2245 4209 2377 4262 1865
2422 4212 2475 4262 in
2517 4211 2935 4278 Regimontanum
2981 4211 3215 4264 delatum.

390 4301 580 4354 Citatur
613 4302 664 4352 in
688 4301 972 4354 Inventario
1007 4302 1194 4354 archivi
1219 4301 1558 4354 cracoviensis
1592 4318 1644 4368 p.
1666 4299 1734 4353 9¹7
1771 4317 1883 4351 cnm
1917 4300 2037 4352 dato
2071 4317 2171 4352 non
2206 4299 2452 4367 completo
2481 4301 2743 4367 „calendas
2766 4300 3027 4354 ianuarii“.
3076 4301 3215 4363 Quo·

390 4390 538 4443 modo
573 4391 670 4443 hoc
703 4389 1016 4458 privilegium
1049 4389 1364 4458 impetratum
1399 4390 1490 4452 sit,
1526 4388 1588 4441 cf.
1615 4388 1768 4456 Voigt
1799 4388 1931 4441 Hist.
1955 4387 2125 4442 Pruss.
2148 4388 2240 4451 IX,
2270 4389 2364 4440 191
2392 4407 2465 4455 sq.
