3892 5609
695 330 703 335 ’
749 326 900 399 364
1722 336 2145 385 PONT1F10UM
2190 334 2631 385 nonmontm

745 496 976 548 Gerhard
1011 513 1107 547 von
1144 495 1410 561 Malbergh
1423 533 1438 558 ,
1485 496 1836 547 Hochmeister
1881 495 1973 546 des
2015 494 2290 546 deutschen
2328 496 2545 547 Ordens.
2598 495 2923 562 Konigsberg
2960 492 3110 546 1806.
3158 494 3235 545 8⁰.
3284 512 3335 560 p.
3359 494 3429 544 23
3470 511 3521 545 n.
3542 496 3593 545 3.

745 585 809 636 de
833 583 950 636 Wal
985 584 1051 646 11,
1075 584 1196 636 368.
1251 584 1460 636 Hennes
1497 585 1548 645 1,
1578 584 1672 635 121
1715 602 1762 635 n.
1794 584 1892 635 119
1935 584 2053 635 Huc
2086 584 2275 646 confer,
2318 585 2453 650 quod
2488 586 2541 635 in
2576 586 2641 636 A.
2666 584 2737 635 20
2770 602 2823 637 n.
2847 582 2917 635 90
2950 583 3134 649 leg-itur
3170 592 3461 649 excerptum
3496 582 3589 633 la-

741 674 847 725 tine
883 682 937 723 et
971 672 1284 735 Germanice,
1323 690 1434 725 cum
1466 682 1615 726 nota:
1662 673 1750 738 „In
1786 672 1975 725 Leodio
2012 680 2065 724 et
2099 672 2501 739 Mergetheym“‚
2537 673 2685 724 huius
2720 672 2938 725 tenoris“
2988 672 3338 724 Innocentius:
3375 670 3596 737 indulget

741 762 980 827 magistro
1017 768 1070 813 et
1113 761 1348 813 fratribus
1383 760 1750 827 indulgenciam
1764 800 1779 823 ‚
1827 761 1960 828 quod
2002 761 2165 813 nullus
2200 762 2409 813 fratrum
2446 762 2509 813 de
2546 762 2693 813 domo
2728 761 3037 813 'theutonica
3074 762 3141 812 ad
3174 758 3487 827 Templa-ios
3520 758 3595 809 vel

741 850 1108 917 Hospitalarios
1144 850 1254 902 sine
1287 849 1493 916 speciali
1527 850 1729 902 licentis
1764 850 1898 901 sedis
1934 850 2207 916 apostolice
2242 849 2410 901 valeat
2445 868 2501 902 se
2534 850 2858 902 transferre“.

743 1117 922 1189 489.
964 1120 1145 1187 1245
1173 1122 1462 1185 ianuarii
1480 1119 1568 1185 18
1597 1120 1914 1206 Luqduni.
1972 1120 2369 1186 Innocentius
2400 1118 2512 1185 JV
2531 1122 2753 1206 repete
2779 1142 2843 1183 n.
2869 1098 3011 1183 478
3040 1119 3117 1182 de
3147 1116 3327 1183 1244
3356 1118 3521 1181 mae·
3534 1116 3593 1181 3.

960 1262 1358 1328 Innocentius
1414 1266 1530 1326 etc.
1830 1260 1990 1328 Cum
2044 1261 2288 1328 dilectis
2344 1266 2459 1328 etc.
2553 1259 2789 1327 Datum
2841 1256 3135 1343 Lugduni
3188 1277 3277 1323 xv
3330 1255 3461 1322 kal.
3507 1256 3597 1323 fe-

743 1368 982 1435 bruarii
1027 1368 1426 1457 pontificatus
1471 1368 1672 1434 nostri
1719 1388 1881 1435 anno
1927 1368 2219 1435 secundo.

742 1634 922 1705 490.
963 1637 1140 1703 1245
1204 1639 1426 1702 ‘martii
1471 1636 1517 1701 2
1592 1636 1912 1725 Iquuni.
2028 1636 2427 1703 Innocentius
2483 1633 2595 1701 IV
2659 1636 2883 1720 repetit
2946 1656 3010 1698 n.
3064 1632 3211 1698 474
3285 1632 3365 1697 de
3428 1631 3599 1696 1214

963 1744 1191 1831 aprilis
1229 1745 1334 1811 20.

961 1876 1360 1944 Innocentius
1419 1883 1534 1945 etc.
1760 1874 1918 1943 Cum
1980 1874 2194 1943 dilecti
2247 1881 2363 1943 etc.
2456 1874 2693 1942 Datum
2735 1872 3029 1958 Lugduni
3084 1870 3149 1937 vi
3192 1869 3337 1937 idus
3384 1870 3597 1935 martii

740 1981 1139 2070 pontificatus
1183 1984 1386 2052 nostri
1432 2005 1594 2051 anno
1642 1983 1931 2051 secundo.

741 2258 920 2329 491.
963 2262 1140 2328 1245
1183 2264 1354 2327 iunii
1379 2262 1461 2328 21
1501 2262 1820 2347 Iasqduni.
1891 2261 2293 2327 Innocentius
2326 2259 2437 2327 IV
2470 2262 2695 2347 repetit
2734 2283 2797 2323 n.
2832 2258 2975 2325 478
3019 2258 3096 2322 de
3128 2254 3305 2321 1244
3347 2256 3511 2318 nmis·
3532 2255 3595 2319 3.

961 2400 1358 2469 Innocentius
1405 2408 1520 2470 etc.
1747 2356 1904 2469 &um
1953 2401 2195 2469 dilectis
2242 2407 2359 2469 etc.
2430 2400 2665 2468 Datum
2696 2398 2986 2484 Lugduni
3030 2400 3097 2466 xi
3128 2401 3435 2471 kalendas
3464 2402 3596 2470 iulii

739 2508 1138 2596 pontificatus
1183 2509 1383 2576 nostri
1429 2530 1593 2577 anno
1641 2509 1932 2576 secundo.

742 2774 922 2846 492.
964 2778 1138 2845 1245
1183 2780 1354 2843 iunii
1379 2776 1468 2844 23
1512 2778 1832 2865 [aydani.
1897 2777 2296 2843 Innocentius
2328 2776 2434 2843 IV
2471 2779 2695 2863 repetit
2735 2800 2799 2841 n.
2828 2776 2975 2843 478
3018 2780 3095 2843 de
3123 2780 3303 2847 1244
3344 2781 3511 2845 maii
3535 2780 3597 2845 3.

959 2918 1358 2986 Innocentius
1405 2924 1520 2986 etc.
1747 2918 1906 2985 Cum
1952 2918 2196 2986 dilectis
2240 2922 2357 2985 etc.
2427 2917 2665 2985 Datum
2693 2916 2986 3003 Lugduni
3028 2920 3093 2986 ix
3124 2920 3435 2987 kalendas
3463 2921 3601 2987 iulii

739 3025 1140 3113 pontificatus
1185 3026 1386 3093 nostri
1431 3046 1594 3092 anno
1640 3025 1931 3092 secundo.

740 3272 918 3345 493.
960 3276 1140 3343 1245
1183 3289 1336 3363 sept.
1371 3278 1414 3342 5
1459 3275 1780 3362 Luyduni.
1857 3275 2256 3341 Innocentius
2300 3274 2412 3342 IV
2445 3278 2667 3362 repetit
2709 3299 2773 3341 n.
2804 3276 2951 3343 478
2992 3276 3071 3343 de
3114 3277 3293 3344 1244
3334 3281 3501 3343 maii
3534 3279 3597 3343 3.

958 3417 1355 3484 Innocentius
1403 3422 1519 3484 etc.
1745 3416 1905 3483 Cum
1952 3416 2195 3484 dilectis
2241 3422 2355 3484 etc.
2441 3416 2678 3483 Datum
2720 3415 3013 3502 Lugduni
3068 3438 3269 3485 nonas
3324 3426 3599 3507 septem-

739 3524 870 3592 bris
915 3522 1314 3612 pontificatus
1359 3526 1558 3592 nostri
1602 3544 1768 3591 anno
1813 3523 2031 3591 tercie.

739 3790 917 3863 494.
960 3794 1136 3860 1245
1178 3792 1540 3880 septembris
1567 3794 1610 3858 5
1653 3792 1961 3880 Luqduni
2002 3789 2117 3876 (cf.
2144 3791 2326 3857 1247
2356 3796 2577 3859 martii
2600 3792 2741 3874 14).
2812 3793 3213 3861 Innocentius
3246 3793 3357 3861 IV
3376 3798 3599 3883 repetit

958 3901 1240 3966 Honos-ii
1265 3900 1391 3965 III
1423 3924 1486 3964 n.
1519 3901 1656 3965 322
1701 3902 1777 3965 de
1822 3900 1995 3967 1221
2044 3900 2465 3966 ianuar-iim.

958 4043 1357 4108 Innocentius
1421 4046 1536 4109 etc.
1785 4040 1927 4107 Non
1986 4040 2221 4125 absque
2275 4039 2489 4109 dolore
2545 4048 2661 4108 etc.
2752 4040 2989 4108 Datum
3048 4040 3341 4127 Lugduni
3396 4063 3597 4110 nonas

739 4150 1113 4236 septembris
1159 4148 1561 4236 pontificatus
1605 4148 1808 4215 nostri
1853 4166 2017 4213 anno
2062 4146 2276 4213 tercio.

949 4282 1070 4333 Sine
1107 4282 1252 4333 dato:
1300 4282 1479 4332 citatur
1514 4282 1576 4333 R.
1610 4281 1708 4332 169
1753 4281 1884 4331 inter
1920 4279 2224 4345 Thuringica
2236 4316 2252 4341 ,
2297 4288 2534 4346 tanquam
2582 4282 2741 4333 simile
2786 4281 3065 4334 Honoriani
3106 4280 3505 4348 Marburgensis.
3532 4313 3591 4322 —

725 4372 861 4423 ‘Cum
896 4370 1040 4423 dato:
1088 4370 1322 4436 Lugduni
1357 4387 1473 4422 non.
1509 4378 1638 4436 sept.
1673 4388 1720 4421 a.
1746 4369 1779 4420 3
1816 4369 1995 4421 citatur
2030 4370 2094 4420 R.
2122 4365 2189 4420 97
2226 4368 2357 4419 inter
2391 4368 2615 4421 Alsatica
2648 4370 2699 4422 9.
2739 4400 2799 4409 —-—
2842 4370 2963 4422 Cum
3001 4370 3146 4422 dato:
3187 4371 3425 4437 Lugduni
3460 4372 3494 4422 2
3524 4372 3591 4423 id.

735 4460 900 4511 martii
935 4476 985 4526 p.
1011 4477 1058 4510 a.
1083 4460 1146 4522 4,
1179 4468 1536 4510 transsumtum
1551 4497 1566 4521 ‚
1601 4468 1658 4509 ut
1693 4460 1744 4509 in
1782 4459 1930 4510 dorso
1966 4457 2175 4525 legitur,
2210 4474 2310 4510 non
2358 4459 2480 4510 satis
2526 4458 2829 4511 autenticum
2843 4497 2858 4521 ,
2908 4458 3146 4510 Andreae
3180 4460 3357 4525 Magni
3370 4498 3388 4521 ,
3434 4470 3591 4511 notar.

735 4550 881 4615 imp„
919 4548 969 4599 d.
994 4548 1042 4600 d.
1079 4548 1421 4613 Marienburgi
1457 4548 1594 4599 1413
1629 4547 1773 4613 april.
1804 4547 1869 4598 14
1909 4549 1963 4599 in
1998 4547 2199 4599 archivo
2234 4547 2628 4614 Regimontanm
2676 4548 2765 4600 ubi
2806 4548 2957 4600 etiam
2994 4548 3095 4601 duo
3130 4556 3435 4600 trunssmma
3468 4550 3519 4601 d.
3542 4549 3591 4600 d.

735 4637 1078 4704 Marionburgi
1105 4637 1240 4689 1413
1277 4654 1394 4703 sug.
1417 4636 1486 4687 27
1523 4652 1615 4702 per
1646 4636 1923 4688 Iohannem
1958 4636 2399 4690 Pomesaniensem
2433 4638 2721 4705 episcopum
2758 4646 2812 4688 et
2833 4637 3095 4690 Nicolaum
3130 4638 3367 4689 abbatem
3398 4638 3589 4704 Pulpu-

735 4743 943 4778 nensem
981 4726 1076 4792 (de
1113 4726 1208 4776 hoc
1243 4725 1306 4776 cf.
1343 4743 1496 4791 snpra
1531 4744 1582 4791 p.
1608 4724 1742 4791 271)
1781 4726 1934 4777 edita.
1998 4726 2077 4777 Ex
2112 4733 2449 4792 transsumpto
2484 4725 2711 4777 Venetiis
2759 4736 3015 4779 asservato
3062 4727 3157 4779 sub
3201 4726 3365 4793 sigillo
3400 4727 3574 4793 Pagsn

737 4816 961 4882 episcopi
1000 4814 1231 4865 Peduani
1275 4814 1326 4865 d.
1361 4814 1410 4865 d.
1455 4814 1633 4865 Padus
1669 4813 1806 4864 1306
1849 4814 1955 4865 iulii
1986 4814 2084 4877 28,
2140 4832 2231 4881 per
2274 4832 2449 4867 manus
2494 4814 2719 4867 Berofini
2763 4815 2829 4867 de
2874 4814 3094 4867 Gis-aldis
3138 4832 3181 4867 s.
3214 4814 3371 4882 pnlat·
3418 4816 3589 4868 notarii

739 4904 1040 4971 exemplato,
1077 4903 1382 4970 descriptum
1417 4902 1468 4953 in
1505 4903 1570 4955 A.
1599 4900 1664 4953 16
1699 4918 1750 4969 p.
1781 4902 1862 4955 15.
