3892 5609
1378 381 1768 429 Piuvmneu
1813 382 2203 435 ennianum
3068 374 3214 446 357

571 542 694 592 Cum
730 540 872 591 dato:
921 538 1156 590 Laterani
1189 538 1222 589 5
1261 538 1328 590 id.
1361 538 1488 591 febr.
1527 556 1576 605 p.
1601 557 1652 590 11.
1680 559 1726 592 a.
1757 542 1778 590 1
1833 558 1896 592 ex
1932 542 2162 609 originali
2210 550 2329 594 tunc
2363 543 2826 609 Mergenthemensi
2863 562 2997 595 nunc
3021 544 3217 596 Vindo-

354 630 570 681 bonensi
605 630 720 680 edd.
759 630 823 680 de
845 626 963 679 wal
997 628 1318 685 Becherches
1343 629 1384 693 Ι,
1409 628 1513 680 377
1549 647 1600 680 11.
1618 629 1669 680 4.
1716 629 1925 681 Hennes
1956 632 1998 691 1,
2027 632 2129 681 118
2161 648 2213 683 n.
2239 632 2353 683 113.
2409 634 2523 684 Duo
2560 633 2823 697 originalia
2858 650 2969 684 cum
3006 634 3221 699 plumbis

354 719 410 770 in
446 718 646 770 archivo
668 718 1066 785 Regimontan03
1103 716 1165 767 cf.
1192 718 1481 783 Napiersky
1517 718 1626 769 Iud.
1652 718 1694 779 Ι,
1724 716 1787 768 17
1824 736 1874 769 11.
1899 718 1971 769 64
1980 738 1995 779 ς
2033 720 2096 771 R.
2127 720 2228 771 122
2252 721 2381 771 inter
2404 720 2805 787 Marburgensia.
2858 722 3046 773 Vocem
3076 722 3218 785 „lan-

357 810 508 858 ceae“
549 824 753 859 mensae
799 806 1018 873 speciem
1063 806 1172 857 sine
1209 805 1360 858 dubio
1405 806 1770 872 significantem
1805 824 1906 857 non
1942 809 2083 860 novit
2117 810 2199 859 Du
2238 810 2425 875 Gange.
2490 808 2775 875 Napiersky
2814 810 3013 861 coniicit
3046 811 3217 861 forsan

357 914 388 947 e
433 896 620 947 lanceis
667 896 820 947 fuisse
869 895 1192 961 compositam
1201 913 1217 955 3
1267 895 1402 959 quod
1449 895 1530 947 vix
1575 894 1789 961 intelligi
1833 904 2018 961 potest.
2090 896 2363 965 Perperam
2410 898 2543 948 idem
2592 898 2824 950 articulos
2868 898 2919 949 in
2956 899 3218 965 privilegio

356 985 536 1037 citatos
582 985 734 1037 etiam
778 984 890 1049 ipsa
925 983 978 1034 in
1014 982 1188 1049 regula
1228 982 1364 1033 1442
1399 983 1657 1035 immutata
1692 984 1803 1051 (ed.
1829 984 2051 1051 Hennig.
2096 986 2419 1053 Konigsberg
2448 986 2599 1037 1806.
2634 1005 2685 1053 p.
2712 988 2808 1054 54)
2848 1004 2962 1040 esse
2996 996 3219 1040 retentos

358 1073 514 1124 refert
523 1092 538 1133 3
577 1090 728 1138 quum
763 1072 860 1123 iam
896 1072 948 1123 in
986 1072 1274 1123 redactione
1309 1088 1442 1123 saec.
1467 1072 1554 1123 xiii
1589 1073 1720 1125 med.
1745 1074 1826 1125 ed.
1853 1074 2163 1125 Schcnhuth.
2209 1075 2490 1127 Heilbronn
2520 1074 2672 1127 1847.
2718 1076 2911 1142 Regele
2949 1079 2975 1143 ξ
3006 1078 3069 1129 15
3106 1095 3217 1127 rnu-

357 1162 452 1213 tati
487 1160 588 1212 sint
622 1169 844 1226 praeter:
889 1161 968 1225 „in
1005 1160 1048 1211 ir
1085 1160 1300 1211 huseren
1337 1176 1488 1212 essen
1525 1162 1654 1213 ouch
1691 1162 1774 1213 dio
1809 1162 2027 1214 brudere
2060 1180 2231 1215 zwene
2266 1172 2359 1216 unt
2394 1181 2563 1215 zwene
2599 1163 2931 1217 miteinander
2954 1182 3051 1217 ane
3078 1182 3219 1217 muse

357 1258 450 1301 unt
484 1249 685 1301 trinken
721 1248 1089 1300 sunderliche“.

356 1490 459 1560 47
474 1491 538 1561 1.
579 1493 758 1561 1244
783 1493 1116 1577 februarii
1143 1492 1230 1559 13
1269 1493 1592 1559 Laterani.
1666 1492 2067 1561 Innocentius
2099 1494 2211 1561 IV
2234 1496 2513 1561 concedit
2558 1497 2775 1561 ordini
2816 1494 3216 1578 Theutonico,

577 1614 645 1665 ut
690 1602 820 1667 eius
867 1600 1082 1665 clerici
1121 1622 1310 1687 super
1353 1602 1518 1666 alias
1562 1614 1754 1667 vestes
1801 1604 2095 1668 camisias
2130 1602 2308 1668 albas
2340 1603 2655 1687 dfferant‚
2706 1605 2948 1684 deinde,
2998 1618 3067 1669 ut
3095 1628 3215 1691 pro

580 1708 787 1792 officio
841 1710 1084 1773 ordinis
1139 1711 1344 1773 sancti
1395 1708 1672 1795 sepulcri
1723 1730 1919 1794 porro
1968 1710 2175 1793 officio
2221 1711 2558 1775 secundum
2606 1712 2889 1777 ordinem
2928 1712 3223 1795 fratrum

575 1817 1088 1902 praedicatorum
1129 1828 1362 1880 utatur.

577 1948 977 2016 Innocentius
1025 1948 1355 2035 episcopus
1402 1967 1620 2013 servus
1665 1967 1991 2015 servorum
2036 1948 2137 2014 dei
2184 1948 2430 2015 dilectis
2476 1948 2621 2015 filiis
2669 1951 2970 2033 mag—istro
3003 1956 3067 2017 et
3092 1951 3221 2018 fra-

353 2056 558 2124 tribus
611 2055 940 2142 hospitalis
987 2060 1201 2122 sancte
1231 2052 1430 2122 Marie
1461 2055 1985 2122 Theutonicorum
2017 2055 2504 2123 ierosolimitani
2548 2056 2815 2123 salutem
2861 2062 2925 2123 ct
2970 2064 3221 2143 aposto-

355 2164 545 2231 licam
604 2162 1118 2230 benedictionem.
1381 2162 1810 2246 Augmentum
1866 2163 2123 2229 honoris
2180 2169 2244 2229 et
2302 2164 2613 2229 commodi
2668 2170 2876 2230 vestre
2929 2164 3221 2247 religioni

355 2272 744 2358 producitur,
790 2271 844 2337 si
889 2270 1094 2337 clerus
1140 2270 1418 2336 eiusdem
1465 2270 1579 2335 sub
1625 2269 1734 2336 illo
1782 2270 1999 2336 habitu
2046 2270 2353 2354 videatur,
2402 2272 2511 2354 qui
2556 2276 2621 2337 et
2659 2271 2888 2336 divinis
2920 2271 3003 2336 sit
3035 2277 3221 2357 aptus

357 2377 578 2444 officiis
625 2383 691 2444 et
732 2376 942 2443 decori
987 2376 1293 2443 clericalis
1341 2377 1672 2442 conveniat
1714 2376 2082 2443 honestatis,
2152 2376 2317 2442 Hinc
2362 2384 2477 2461 est,
2526 2377 2692 2461 quod
2736 2396 2851 2443 nos
2892 2378 3081 2461 digne
3112 2398 3222 2444 vo-

354 2486 576 2569 lentes,
622 2490 695 2550 ut
737 2484 1016 2550 universi
1063 2484 1288 2551 fratres
1336 2484 1546 2550 clerici
1595 2484 1787 2549 vestri
1833 2483 2073 2550 ordinis
2122 2484 2555 2551 discernantur
2594 2483 2670 2549 ab
2704 2483 2843 2549 aliis
2874 2486 3069 2551 vestis
3102 2485 3221 2551 dif-

355 2592 621 2659 ferentia
665 2592 1085 2676 congruentis,
1134 2591 1301 2676 quod
1343 2590 1536 2657 iidem
1571 2611 1761 2677 super
1791 2598 1999 2658 vestes
2031 2590 2187 2657 alias
2216 2590 2413 2658 libere
2442 2592 2717 2657 camisiis
2750 2590 2909 2658 albis
2941 2598 3219 2679 utantur,

357 2698 533 2767 vobis
592 2700 964 2767 auctoritate
1016 2699 1404 2785 presentium
1463 2698 1880 2782 indulgemus,
1975 2698 2337 2783 Caeterum,
2397 2699 2546 2783 quia
2602 2698 2887 2765 divinum
2946 2699 3219 2767 officium

356 2808 698 2875 secundum
747 2806 1026 2873 ordinem
1075 2806 1277 2873 sancti
1323 2805 1637 2892 sepulchri
1682 2826 1798 2893 pro
1846 2826 1941 2890 ec,
1990 2805 2157 2891 quod
2199 2826 2239 2872 a
2283 2804 2568 2893 pluribus
2616 2826 2695 2871 ex
2740 2806 2963 2873 iisdem
3007 2808 3220 2874 fiatri-

356 2914 472 2981 bus
518 2914 760 2981 clericis
804 2914 1164 2998 ignoratur,
1210 2914 1318 2978 vix
1366 2911 1602 2997 absque
1647 2913 1967 2997 scandale,
2016 2914 2179 2979 sicut
2225 2914 2597 2999 accepimus,
2644 2914 2713 2979 in
2756 2920 2965 2979 vestro
3011 2919 3222 3000 potest

357 3021 577 3089 ordine
632 3020 979 3103 observari,
1042 3020 1207 3105 quod
1252 3019 1411 3086 illud
1455 3022 1796 3087 secundum
1842 3020 2125 3087 ordinem
2171 3020 2437 3085 fratrum
2483 3020 2945 3107 predicatorum
2994 3022 3218 3087 amodo

292 3155 304 3169 ·
355 3130 424 3196 in
471 3129 694 3195 vestris
739 3128 967 3213 ubique
1013 3127 1300 3193 domibus
1348 3127 1714 3212 celebretur,
1760 3127 1938 3194 vobis
1985 3128 2383 3195 concedimus
2412 3127 2795 3193 facultatem.
2836 3126 3037 3193 -Nulli
3071 3148 3218 3213 ergo
3277 3175 3281 3183 ·

357 3236 610 3303 omnino
664 3234 990 3301 hominum
1052 3234 1241 3301 liceat
1304 3234 1466 3301 hanc
1520 3234 1818 3322 paginam
1874 3240 2089 3303 nostre
2143 3235 2559 3303 concessionis
2614 3234 2957 3318 infringere
3003 3234 3103 3301 vel
3160 3236 3217 3302 ei

359 3364 515 3409 ausu
559 3340 892 3408 temerario
939 3342 1270 3407 contraire.
1344 3340 1412 3407 Si
1445 3343 1582 3426 quis
1615 3349 1826 3410 autem
1857 3343 1975 3409 hoc
2006 3347 2382 3429 attemptare
2413 3342 2885 3429 praesumserit,
2930 3342 3218 3425 indigna-

357 3452 592 3517 tionem
649 3448 1095 3534 omnipotentis
1153 3448 1255 3515 dei
1308 3454 1374 3515 et
1415 3448 1738 3517 beatorum
1785 3450 1959 3517 Petri
2006 3456 2072 3517 et
2114 3450 2296 3517 Pauli
2341 3449 2766 3537 apostolorum
2814 3450 2947 3515 eius
2994 3470 3062 3516 se
3105 3470 3217 3516 no-

355 3558 518 3624 verit
569 3557 986 3622 incursurum.
1079 3554 1315 3622 Datum
1367 3553 1666 3624 Laterani
1719 3558 1926 3625 idibus
1983 3557 2286 3625 februarii
2340 3554 2740 3644 pontificatus
2796 3558 2997 3623 nostri
3054 3577 3215 3624 anno

355 3664 580 3752 prim0.

569 3777 826 3844 Originale
871 3777 1122 3844 quondam
1158 3776 1630 3845 Mergenthemense
1678 3796 1790 3830 cum
1825 3778 1963 3830 bulla
1998 3778 2050 3829 in
2086 3777 2183 3829 filis
2221 3778 2421 3830 sericeis
2458 3794 2711 3844 appensa,
2757 3794 2893 3828 nunc
2926 3777 2979 3828 in
3016 3777 3215 3829 archivo

355 3867 542 3920 ordinis
578 3868 872 3918 Theutonici
895 3867 1292 3919 vindobonensi.
1345 3868 1408 3918 R.
1434 3866 1502 3917 89
1539 3868 1668 3919 inter
1703 3868 2199 3934 Mergenthemensia
2234 3884 2284 3917 n.
2310 3868 2396 3918 50.
2455 3867 2532 3917 Ex
2570 3865 2798 3931 originali
2832 3872 2951 3916 tunc
2974 3866 3213 3932 Mergen-

354 3956 604 4009 themensi
638 3956 719 4006 ed.
758 3955 822 4006 de
845 3956 963 4007 wal
998 3956 1317 4007 Recherches
1353 3956 1421 4018 11,
1445 3956 1546 4007 351
1585 3975 1635 4007 n.
1661 3958 1712 4009 5.
1768 3957 2027 4024 originale
2063 3974 2174 4007 cum
2210 3955 2349 4007 bulla
2384 3955 2435 4005 in
2472 3955 2672 4006 archivo
2708 3954 3104 4021 Regimontan03
3152 3956 3215 4005 cf.

355 4045 643 4113 Napiersky
681 4045 732 4095 in
769 4044 942 4095 Indice
976 4043 1018 4106 1,
1049 4043 1110 4095 17
1149 4062 1200 4095 11.
1225 4044 1292 4095 65
1305 4062 1322 4106 3
1359 4046 1423 4096 A.
1447 4045 1512 4095 16
1546 4063 1598 4112 p.
1617 4046 1688 4097 36
1727 4045 1983 4111 „Ratun-‘3
2018 4064 2069 4112 p.
2096 4045 2164 4095 68
2206 4044 2287 4109 „in
2322 4044 2619 4110 Marpurg'‘.

356 4329 532 4401 472.
576 4331 754 4398 1244
797 4334 1018 4397 martii
1058 4332 1142 4398 31
1194 4332 1516 4398 Laterani.
1585 4330 1984 4397 Innocentius
2031 4331 2078 4396 I
2080 4332 2142 4399 V
2176 4335 2400 4419 repetit
2448 4328 2745 4417 Greqorii
2774 4330 2880 4395 IX
2920 4356 2981 4395 n.
3017 4332 3167 4397 469.

577 4481 974 4548 Innocentius
1031 4486 1146 4549 etc.
1211 4525 1219 4540 -
1394 4482 1550 4549 Cum
1613 4502 1654 4548 a
1707 4482 1886 4549 nobis
1933 4518 2019 4528 -—
2064 4482 2541 4549 communimus.
2634 4480 2871 4547 Datum
2914 4480 3216 4547 Laterani

355 4592 402 4657 ii
449 4590 574 4657 kal.
607 4589 829 4675 aprilis
874 4587 1275 4675 pontificatus
1320 4591 1521 4657 nostri
1567 4610 1730 4657 anno
1775 4590 2002 4677 prim0.

565 4731 942 4782 Transsumtum
991 4730 1084 4779 sub
1119 4731 1385 4782 autoritate
1421 4707 1486 4783 ‘et
1521 4711 1691 4798 'sigillo
1727 4731 1965 4782 Iohannis
2001 4729 2239 4796 Rigensis
2281 4730 2643 4797 archiepiscopi
2680 4730 2745 4781 acl
2780 4724 3067 4781 instantiam
3102 4746 3211 4780 ma-

357 4820 500 4889 gistri
531 4818 782 4885 H(enrici)
819 4818 884 4869 de
907 4816 1110 4868 Plawen
1146 4818 1348 4881 factum,
1387 4821 1436 4872 d.
1461 4820 1785 4886 Matienburg
1826 4820 1961 4871 1412
2000 4821 2108 4871 dec.
2128 4820 2225 4881 22,
2260 4819 2409 4873 valde
2444 4836 2697 4873 corrosum
2734 4818 2982 4889 sigillique
3016 4834 3215 4883 expers,
3290 4813 3302 4825 ’

355 4910 408 4961 111
443 4908 642 4961 archivo
678 4908 1061 4975 Regimontano.

1511 5034 2101 5044 ffl—-v-—n———u—
