3892 5609
1321 376 1710 426 annucu
1757 376 2145 427 canemus
3004 365 3152 437 369

307 530 487 603 513.
527 534 714 601 1247
757 535 926 599 iunii
952 534 1038 600 13
1083 534 1402 621 Luqduni.
1475 536 1870 602 Innocentius
1917 536 2029 602 IV
2062 539 2283 625 repetit
2332 534 2633 623 Greqorii
2662 535 2769 601 IX
2806 558 2870 601 n.
2904 537 3037 604 465
3082 539 3159 603 de

527 641 705 708 1235
749 642 964 707 novbr.
997 642 1104 707 28.

527 783 924 849 Innocentius
972 788 1086 849 etc.
1263 810 1276 825 ·
1312 783 1518 862 Quieti
1565 788 1770 851 vestre
1815 789 1930 851 etc.
2002 783 2237 852 Datum
2268 783 2557 868 Lugduni
2590 784 2731 851 idus
2762 785 2919 853 iunii
2948 786 3157 873 ponti-

302 888 527 956 ficatus
571 890 772 956 nostri
819 910 980 957 anno
1030 894 1268 975 quarto.

517 1030 638 1081 Sine
685 1030 803 1081 dato
853 1031 1076 1095 (tantum
1110 1028 1318 1099 Ludoii)
1356 1032 1534 1083 citatur
1569 1032 1631 1083 R.
1663 1030 1760 1083 157
1796 1032 1928 1083 inter
1968 1032 2289 1097 „qucensia“
2332 1040 2385 1083 et
2418 1033 2481 1084 A.
2512 1032 2576 1084 16
2612 1050 2662 1098 p.
2690 1034 2774 1085 99.
2834 1033 3025 1085 Citatur
3058 1034 3159 1085 iam

303 1136 438 1171 anno
469 1120 602 1171 1253
639 1129 768 1186 sept.
793 1118 864 1169 26
899 1138 1052 1186 supra
1085 1118 1171 1172 83.
1201 1150 1262 1158 —-
1304 1121 1424 1171 Cum
1461 1120 1604 1171 dato:
1642 1119 1731 1181 1V,
1757 1120 1858 1171 205
1871 1138 1917 1172 v.
1954 1137 2004 1172 n.
2029 1121 2093 1182 33
2130 1120 2411 1187 exemplum
2444 1122 2735 1173 transsumti
2758 1138 2849 1188 per
2874 1122 3159 1173 Cunradum

303 1208 550 1259 decanum
573 1206 876 1259 Basileensis
911 1207 1112 1259 maioris
1147 1207 1405 1270 ecclesiae,
1441 1208 1796 1259 Erkenfridum
1830 1217 2100 1271 cantorem,
2136 1209 2426 1261 Heinricum
2456 1209 2768 1261 scolasticum
2792 1219 2845 1261 et
2866 1212 3159 1277 magistrum

303 1296 658 1362 Ruedegerum
705 1295 1044 1363 praepositum
1091 1297 1156 1348 de
1200 1296 1513 1349 Columbaria
1559 1297 1838 1349 confectum
1877 1298 1940 1349 R.
1973 1296 2071 1349 103
2118 1296 2248 1349 inter
2284 1297 2511 1350 AJsatica
2554 1316 2606 1351 n.
2635 1297 2725 1359 175
2775 1300 2838 1351 A.
2869 1300 2933 1351 16
2980 1317 3029 1367 p.
3058 1298 3159 1351 108

311 1386 624 1449 „Traiecto“.

313 1590 488 1661 514.
529 1594 712 1660 1247
755 1593 906 1658 iulii
928 1592 1018 1658 20
1047 1592 1367 1679 Luqduni.
1438 1591 1836 1658 Innocentius
1866 1592 1974 1659 IV
2011 1597 2235 1680 repetit
2274 1616 2339 1657 n.
2371 1594 2510 1661 473
2554 1596 2631 1660 de
2660 1595 2839 1661 1244
2882 1616 3021 1681 apr.
3046 1594 3157 1660 20.

527 1735 923 1801 Innocentius
979 1737 1094 1801 etc.
1331 1732 1488 1801 Cum
1548 1734 1626 1801 de
1681 1734 1836 1800 viris
1883 1770 1967 1779 -
2015 1733 2481 1820 compellamur.
2574 1734 2811 1803 Datum
2865 1734 3157 1821 Lugduni

305 1842 421 1908 xiii
469 1840 769 1909 kalendas
816 1841 1061 1925 augusti
1109 1840 1506 1928 pontificatus
1551 1842 1752 1907 nostri
1799 1860 1963 1907 anno
2011 1842 2247 1927 quinto.

518 1964 727 2031 Legitur
761 1965 912 2015 etiam
947 1964 1038 2025 IV,
1063 1964 1166 2016 205
1177 1983 1224 2017 ν.

317 2178 490 2249 515.
533 2182 713 2248 1247
759 2182 908 2247 iulii
949 2182 1036 2246 23
1081 2181 1399 2266 Luqduni.
1479 2180 1874 2246 Innocentius
1917 2181 2029 2248 IV
2062 2184 2281 2269 repetit
2330 2178 2629 2267 Greyorti
2664 2180 2771 2245 IX
2810 2204 2874 2246 n.
2907 2182 3039 2249 436
3084 2184 3161 2248 ds

530 2288 718 2358 1227
763 2312 905 2375 auy.
941 2288 1046 2355 18.

533 2429 928 2498 Innocentius
985 2434 1102 2497 etc.
1327 2426 1531 2507 Quieti
1585 2434 1791 2497 vestre
1836 2435 1953 2497 etc.
2044 2429 2279 2497 Datum
2322 2426 2615 2513 Lugduni
2658 2450 2703 2495 x
2748 2428 2874 2496 kal.
2910 2430 3158 2515 augusti

309 2536 708 2624 pontificatus
755 2537 954 2604 nostri
1002 2555 1164 2603 anno
1211 2534 1445 2621 quinto.

520 2678 633 2731 Duo
682 2678 944 2745 originalia
988 2694 1100 2729 cum
1143 2676 1292 2728 bullis
1338 2686 1391 2727 et
1435 2685 1556 2729 nota
1592 2676 1656 2729 G.
1691 2678 1808 2739 Ar.,
1855 2678 1951 2731 sibi
1996 2678 2266 2742 simillima,
2312 2695 2519 2745 quorum
2558 2678 2609 2731 in
2647 2676 2805 2731 altero
2842 2676 3160 2743 pontificatus

310 2784 472 2819 annus
507 2767 714 2821 humore
750 2769 1026 2829 absumtus,
1061 2774 1381 2819 asservantur
1414 2764 1466 2816 in
1503 2766 1704 2819 archivo
1737 2767 2123 2834 Regimontano.

315 2998 492 3069 516.
532 3002 717 3067 1247
761 3001 909 3067 iulii
934 3002 1022 3067 25
1055 3000 1373 3086 Duyduni.
1444 3000 1842 3067 Innocentius
1873 3001 1987 3066 IV
2019 3003 2243 3088 repetit
2282 3024 2346 3066 n.
2376 3002 2505 3067 481
2548 3001 2625 3065 de
2653 3000 2830 3066 1244
2858 3001 3019 3064 maii
3046 2997 3159 3064 17.

530 3140 928 3209 Innocentius
986 3145 1102 3208 etc.
1326 3139 1557 3207 Dilecti
1611 3139 1726 3207 filii
1772 3146 1888 3209 etc.
1980 3141 2213 3211 Datum
2256 3140 2549 3226 Lugduni
2592 3141 2703 3207 viii
2748 3139 2873 3207 kal.
2907 3138 3155 3224 augusti

309 3247 710 3337 pontificatus
755 3248 956 3315 nostri
1002 3268 1164 3315 anno
1213 3248 1449 3332 quinto.

317 3505 491 3577 517.
532 3508 719 3575 1247
763 3520 915 3594 sept.
950 3508 1038 3573 13
1083 3506 1403 3593 Duyduni.
1481 3506 1877 3573 Innocentius
1916 3506 2030 3574 IV
2062 3510 2283 3594 repetit
2326 3506 2606 3603 Honorii
2643 3505 2767 3573 III
2802 3530 2865 3571 n.
2897 3505 3038 3572 337
3084 3506 3159 3571 de

531 3615 702 3681 1221
749 3616 1002 3681 ianuar.
1036 3616 1142 3681 19.

532 3756 928 3823 Innocentius
986 3758 1101 3822 etc.
1151 3754 1610 3822 venerabilibus
1667 3763 1782 3823 etc.
2007 3754 2273 3833 Querela
2328 3753 2697 3821 dilectorum
2754 3751 3024 3819 filiorum
3073 3788 3155 3799 ——

311 3862 702 3950 reprehendi.
769 3862 1004 3929 Datum
1036 3860 1330 3946 Lugduni
1371 3860 1512 3929 idus
1555 3861 1930 3949 septembris
1974 3862 2375 3949 pontificatus
2420 3862 2619 3927 nostri
2666 3880 2829 3927 anno
2875 3860 3111 3946 quinto.

521 4004 896 4055 Transsumtum
937 4004 992 4055 in
1039 4002 1242 4055 archivo
1277 4002 1644 4069 Regimontano
1688 4014 1892 4065 extans,
1939 4004 2007 4055 ad
2053 4003 2340 4055 instantiam
2374 4002 2577 4054 Rudolfi
2614 4001 2678 4052 de
2714 4000 2945 4053 Dulchen
2985 4017 3158 4052 comm.

311 4092 444 4161 Spir.
493 4109 582 4160 per
629 4092 818 4143 iudices
864 4093 1026 4143 curiae
1070 4091 1368 4159 episcopalis
1411 4091 1663 4162 Spirensis
1711 4092 1993 4144 confectum
2036 4092 2213 4159 Spirae
2253 4091 2389 4143 1390
2432 4091 2561 4143 febr.
2600 4089 2661 4141 17
2708 4090 2829 4141 citat
2872 4089 3161 4156 Napiersky

309 4182 354 4245 1,
377 4182 447 4233 22
483 4198 533 4234 n.
559 4180 644 4234 81.

316 4386 491 4457 518.
534 4389 717 4455 1247
761 4400 916 4475 sept.
950 4388 1035 4455 13
1079 4388 1398 4477 Iquuni.
1483 4387 1883 4457 Innocentius
1927 4387 2039 4454 IV
2070 4390 2289 4475 repetit
2332 4386 2613 4453 Honor-ii
2648 4385 2770 4451 ΙΙΙ
2804 4408 2868 4449 n.
2900 4384 3042 4451 337
3087 4386 3164 4449 de

532 4496 704 4562 1221
751 4499 1008 4562 ianuar.
1039 4497 1145 4562 19.

531 4635 927 4704 Innocentius
997 4640 1111 4702 etc.
1379 4636 1644 4715 Querela
1710 4636 2075 4704 dilectorum
2145 4640 2261 4701 etc.
2360 4632 2595 4701 Datum
2664 4631 2952 4717 Lugduni
3022 4632 3163 4699 idus

312 4744 686 4831 septembris
730 4743 1130 4831 pontificatus
1174 4742 1375 4809 nostri
1421 4763 1584 4809 anno
1631 4744 1868 4828 quinto.

521 4884 584 4936 R..
616 4882 714 4936 146
749 4884 881 4936 inter
915 4882 1256 4935 Treverensia.
1309 4882 1524 4935 Tantum
1559 4903 1606 4936 a.
1630 4884 1663 4936 5
1707 4884 1981 4950 „Treviris“
2022 4882 2087 4934 A.
2119 4880 2182 4933 16
2215 4900 2267 4948 p.
2296 4880 2412 4933 116.
