3892 5609
716 373 751 442 1
767 374 807 443 5
820 372 861 442 2
1678 383 1950 432 APULIA.
2019 383 2236 432 nom.
2306 384 2608 434 ramora

632 521 646 532 ⁸
707 563 1041 627 germanos
1089 549 1152 610 et
1198 543 1537 611 eorundem
1585 543 1847 610 heredes
1891 547 2076 611 natos
2123 548 2187 610 et
2229 545 2582 612 nascituros
2612 543 3049 613 benevolentia
3085 549 3150 611 et
3177 545 3580 612 observantia

708 651 923 736 cupiat
966 670 1081 737 pro
1127 649 1363 716 honore
1410 655 1475 716 et
1518 650 1863 716 commodis
1910 670 2128 716 eorum
2174 656 2484 738 perpetua
2525 650 2825 719 firmitate
2871 655 2936 718 et
2978 651 3205 718 robore
3237 651 3580 718 subsistere

707 763 894 843 atque
941 758 1096 823 adeo
1142 757 1493 843 predictam
1538 756 1940 824 donationem
1990 778 2105 843 per
2149 759 2618 825 sanctissimum
2663 759 2734 825 in
2766 758 3016 825 Christo
3061 765 3312 845 patrem
3359 763 3426 825 et
3465 757 3578 823 do-

705 865 948 931 minum
976 869 1261 931 nostrum
1294 864 1619 930 dominum
1652 862 2038 931 Clementem
2071 866 2434 951 septimum,
2479 866 2696 932 divina
2737 865 3138 952 providentia
3181 869 3580 932 sacrosancte

705 971 985 1039 Romane
1024 991 1107 1038 ac
1151 970 1525 1038 universalis
1574 971 1833 1038 ecclesie
1878 955 2199 1038 summum
2249 971 2646 1058 pontificem,
2704 973 2782 1039 de
2827 971 3120 1059 specialis
3164 973 3330 1039 dono
3375 972 3579 1056 gratie

708 1073 1081 1146 auctoritate
1115 1077 1461 1163 apostolica
1486 1077 1715 1161 fiilciri‚
1738 1078 2006 1164 ideoque
2029 1078 2349 1164 predictus
2381 1099 2646 1164 magnus
2678 1080 2978 1163 magister
2999 1079 3372 1166 principalis
3403 1079 3579 1165 prin-

705 1185 995 1273 cipaliter
1035 1205 1149 1271 pro
1182 1205 1251 1252 se
1279 1187 1441 1271 ipso,
1488 1185 1650 1252 citra
1679 1188 1893 1251 tamen
1925 1205 2438 1271 quorumcunque
2478 1190 2956 1272 procuratorum
2988 1205 3244 1252 suorum
3287 1206 3404 1272 per
3437 1205 3580 1252 eum

704 1292 1006 1361 hactenus
1049 1291 1517 1377 quomodolibet
1558 1293 2045 1358 constitutorum
2091 1293 2576 1375 revocationem,
2623 1293 2912 1360 omnibus
2957 1291 3326 1360 melioribus
3369 1292 3580 1376 modo,

706 1401 829 1483 via,
876 1401 1034 1483 iure,
1081 1417 1273 1464 causa
1318 1403 1383 1464 et
1426 1398 1651 1482 forma,
1701 1398 1926 1483 quibus
1958 1399 2183 1467 melius
2231 1405 2296 1468 et
2341 1398 2652 1466 efficacius
2699 1399 2777 1464 de
2821 1399 2958 1465 iure
3003 1399 3211 1484 potuit
3254 1405 3320 1466 et
3365 1399 3584 1466 debuit

707 1526 781 1574 ac
825 1511 1035 1593 potest
1082 1510 1145 1572 et
1188 1503 1395 1589 debet,
1440 1505 1611 1590 fecit,
1660 1506 2008 1590 constituit,
2055 1506 2294 1573 creavit
2338 1511 2403 1572 et
2447 1504 2788 1573 solenniter
2833 1505 3150 1572 ordinavit
3193 1525 3340 1572 suos
3373 1525 3580 1590 veros,

705 1618 909 1681 certos
958 1617 1021 1678 et
1064 1611 1410 1695 legittimos
1459 1615 1522 1677 et
1563 1610 1954 1678 indubitatos
1999 1618 2460 1698 procuratores,
2520 1617 2782 1697 actores,
2834 1612 3106 1679 factores
3151 1611 3582 1694 negotiorum-

707 1739 828 1805 que
872 1719 1422 1804 infrascriptorum
1468 1723 1750 1803 gestores
1797 1724 1862 1787 et
1888 1720 2178 1787 nunctios
2209 1717 2513 1806 speciales
2546 1724 2610 1786 et
2639 1718 2985 1803 generales,
3029 1719 3124 1785 ita
3165 1723 3382 1785 tamen
3411 1719 3582 1804 quod

704 1826 1066 1913 specialitas
1112 1824 1510 1908 generalitati
1554 1845 1682 1891 non
1730 1827 1989 1910 deroget
2032 1845 2149 1891 nec
2195 1831 2481 1909 econtra,
2529 1825 2822 1891 videlicet
2867 1825 3287 1910 venerabiles,
3335 1824 3582 1892 validos

706 1937 770 1998 et
813 1935 1301 2018 circumspectos
1337 1933 1503 1998 viros
1536 1933 1821 1998 dominos
1867 1933 2242 2015 magistrum
2275 1932 2594 1999 Andream
2625 1931 2800 2017 Puel,
2847 1933 3240 2018 prepositum
3284 1931 3356 1997 in
3391 1931 3580 1998 Orin-

703 2059 845 2125 gen,
878 2039 1332 2105 Theodericum
1364 2038 1441 2104 de
1470 2037 1749 2123 Redenn,
1795 2037 2182 2124 Ioseph(um)
2213 2037 2624 2125 Feyerabent,
2671 2039 3069 2106 scolasticum
3112 2044 3177 2105 et
3204 2039 3580 2105 canonicum

706 2147 965 2214 ecclesie
1011 2147 1140 2212 divi
1188 2143 1521 2232 Gumperti
1564 2146 1632 2212 in
1668 2145 2080 2231 Olnotzpach,
2128 2150 2192 2213 et
2233 2143 2529 2212 Ioannem
2567 2145 2897 2230 Semelich,
2943 2145 3244 2212 vicarium
3295 2144 3578 2211 eiusdem

705 2253 986 2337 ecclesie,
1035 2252 1325 2318 absentes
1356 2258 1659 2336 tanquam
1704 2257 2030 2338 presentes
2077 2258 2141 2318 et
2169 2272 2386 2318 eorum
2419 2251 2761 2337 quemlibet
2788 2253 2855 2319 in
2887 2252 3179 2336 solidum,
3225 2253 3321 2318 ita
3363 2257 3580 2318 tamen

592 2407 609 2418 ι
706 2359 873 2445 quod
928 2379 1057 2425 non
1110 2359 1195 2425 sit
1249 2358 1474 2425 melior
1529 2359 1805 2425 conditio
1862 2359 2160 2445 primitus
2216 2360 2578 2445 occupantis
2634 2379 2751 2426 nec
2795 2360 3069 2426 deterior
3113 2359 3578 2443 subsequentis,

706 2466 816 2533 sed
832 2516 850 2550 ‚
899 2466 1064 2550 quod
1112 2486 1273 2532 unus
1320 2485 1533 2532 eorum
1582 2467 1919 2552 inceperit,
1971 2466 2130 2533 alter
2175 2467 2512 2533 eorundem
2557 2466 2624 2532 id
2671 2467 2964 2552 prosequi
3011 2466 3250 2548 valeat,
3297 2465 3579 2532 mediare

704 2575 945 2660 pariter
1001 2577 1065 2639 et
1116 2571 1327 2654 finire,
1387 2571 1468 2637 ad
1520 2572 1723 2658 ipsius
1780 2574 2019 2639 domini
2075 2575 2511 2641 constituentis
2568 2573 2822 2639 nomine
2879 2572 3104 2638 humili
3160 2593 3287 2658 qua
3341 2573 3580 2659 poterit

707 2681 1038 2748 devotione
1094 2678 1379 2765 predicto
1426 2679 1824 2746 sanctissimo
1870 2680 2124 2747 domino
2170 2687 2386 2747 nostro
2432 2679 2913 2768 supplicandum
2971 2684 3037 2746 et
3093 2679 3263 2766 apud
3307 2680 3578 2747 eundem

706 2793 770 2854 et
816 2788 950 2852 eius
997 2786 1409 2873 apostolicam
1454 2785 1668 2852 sedem
1712 2807 1786 2853 ac
1815 2787 2290 2855 celeberrimum
2333 2788 2500 2854 sedis
2547 2788 2826 2854 eiusdem
2871 2791 3082 2854 cetum
3125 2785 3580 2854 reverendissi-

708 2914 955 2961 morum
1002 2893 1397 2959 dominorum
1444 2893 1859 2960 cardinalium
1905 2896 2204 2981 ipsosque
2234 2894 2521 2961 dominos
2566 2893 2917 2962 cardinales
2961 2893 3288 2978 sigillatim
3331 2894 3578 2961 instan-

707 3002 877 3084 dum,
926 3020 1047 3085 quo
1094 2999 1381 3086 predicta
1413 3000 1843 3068 irrevocabilis
1874 3001 2128 3068 donatio
2160 3001 2494 3068 antedictis
2523 3001 2824 3068 fratribus
2870 3005 2936 3068 et
2979 3021 3194 3068 eorum
3239 3001 3578 3069 heredibus

704 3114 778 3174 ut
836 3108 1150 3194 prefertur
1206 3106 1376 3173 facta
1432 3105 1801 3194 plenissima
1855 3107 2196 3195 apostolice
2241 3108 2566 3192 dignitatis
2613 3109 2983 3175 auctoritate
3027 3107 3470 3176 corroboretur
3515 3115 3580 3175 et

706 3213 1139 3297 confirmetur,
1198 3219 1269 3280 ut
1324 3214 1540 3281 eadem
1591 3216 1893 3281 sanctitas
1940 3214 2288 3302 apostolica
2329 3216 2408 3281 de
2453 3236 2565 3282 sue
2610 3215 2952 3302 apostolice
2994 3216 3329 3301 potestatis
3373 3215 3579 3302 pleni-

704 3323 925 3388 tudine
984 3341 1056 3388 ac
1112 3326 1289 3387 certa
1342 3322 1620 3388 eiusdem
1682 3322 1947 3388 scientia
1994 3342 2209 3388 omnes
2256 3327 2320 3388 et
2363 3321 2642 3406 singulos
2688 3322 2966 3389 defectus
3012 3327 3076 3389 et
3121 3323 3577 3406 solemnitateS‚

706 3431 761 3497 si
809 3429 917 3513 qui
948 3427 1047 3495 vel
1095 3449 1215 3513 que
1260 3429 1323 3494 in
1372 3429 1593 3495 eadem
1625 3429 1962 3496 donatione
1993 3428 2071 3496 de
2101 3430 2236 3495 iure
2267 3428 2368 3495 vel
2413 3428 2490 3495 de
2539 3430 2701 3496 facto
2738 3429 3038 3514 existunt,
3085 3429 3580 3498 misericorditer

706 3543 771 3604 et
814 3536 1087 3620 gratiose
1134 3535 1427 3622 suppleat
1472 3541 1661 3621 atque
1706 3541 1777 3603 ut
1809 3536 2028 3602 eadem
2059 3537 2361 3603 sanctitas
2394 3535 2739 3622 apostolica
2783 3537 2973 3602 etiam
3015 3537 3095 3602 de
3139 3557 3251 3602 sue
3295 3542 3580 3622 potesta-

704 3644 789 3710 tis
836 3642 1227 3729 plenitudine
1272 3642 1565 3709 similiter
1610 3643 1901 3709 omnibus
1947 3648 2011 3709 et
2055 3642 2318 3726 singulis
2364 3643 2635 3729 predicti
2679 3643 3049 3710 Theutonici
3094 3642 3332 3708 ordinis
3377 3645 3578 3730 privi-

702 3750 908 3834 legiiS,
962 3749 1381 3834 libertatibus,
1437 3750 1908 3834 emunitatibus,
1962 3750 2512 3818 constitutionibus
2561 3751 2752 3817 etiam
2797 3750 3022 3815 iuratis
3070 3753 3134 3816 et
3175 3751 3578 3817 consuetudi-

705 3858 892 3924 nibus
949 3857 1296 3941 ceterisque
1354 3857 1827 3941 quibuscunque
1882 3858 1950 3922 in
2006 3857 2392 3923 contrarium
2445 3857 2818 3924 facientibus
2885 3857 2966 3922 ad
3019 3856 3368 3942 pleniorem
3429 3855 3580 3925 effe-

706 3969 877 4030 ctum
923 3962 1425 4047 consequendum
1475 3963 1833 4044 omnimode
1876 3965 1945 4030 in
1988 3963 2112 4029 hiis
2144 3964 2446 4048 derogare
2475 3965 2788 4050 dignetur,
2835 3969 2898 4031 et
2941 3963 3316 4049 generaliter
3361 3965 3580 4030 omnia

707 4077 772 4136 et
817 4069 1068 4153 singula
1111 4071 1178 4135 in
1208 4069 1331 4135 hiis
1362 4070 1746 4150 faciundum,
1794 4070 2150 4157 dicendum,
2197 4072 2538 4154 gerendum
2572 4079 2637 4139 et
2665 4073 3103 4155 exercendum,
3151 4090 3272 4156 que
3316 4071 3384 4137 in
3429 4091 3578 4157 pre-

706 4177 917 4242 missis
964 4177 1321 4242 necessaria
1365 4176 1601 4243 fuerint
1646 4197 1758 4243 seu
1804 4176 2272 4262 quomodolibet
2317 4184 2630 4264 oportuna
2687 4184 2751 4246 et
2805 4199 2926 4264 que
2969 4179 3240 4265 ipsemet
3279 4178 3578 4244 dominus

706 4283 1093 4350 constituens
1138 4283 1375 4350 faceret
1418 4303 1529 4349 seu
1583 4283 1789 4350 facere
1834 4289 2078 4370 posset,
2127 4285 2182 4351 si
2225 4286 2552 4371 premissis
2596 4307 2858 4374 presens
2904 4291 2968 4353 et
3010 4283 3430 4372 personaliter
3473 4284 3575 4349 in-

706 4395 991 4472 teresset,
1042 4390 1233 4456 etiam
1278 4390 1335 4456 si
1379 4389 1533 4456 talia
1575 4390 1803 4474 forent,
1853 4410 1974 4476 que
2007 4391 2376 4459 mandatum
2423 4393 2748 4476 exigerent
2790 4394 2994 4478 magis
3040 4390 3332 4478 speciale,
3383 4411 3576 4476 quam

704 4495 1101 4582 presentibus
1148 4499 1244 4561 est
1290 4515 1689 4582 expressum,
1737 4517 1932 4563 unum
1981 4518 2228 4582 quoque
2272 4498 2372 4566 vel
2416 4499 2630 4586 plures
2674 4505 3144 4586 procuratorem
3189 4519 3302 4565 seu
3347 4518 3578 4584 procu-

703 4609 947 4668 ratores
990 4602 1127 4668 loco
1175 4602 1272 4666 sui
1320 4603 1825 4670 substituendum
1873 4624 2141 4688 eumque
2188 4605 2287 4672 vel
2334 4624 2440 4671 eos
2485 4607 2904 4673 revocandum
2965 4611 3028 4671 et
3081 4606 3215 4671 eius
3270 4625 3576 4691 procura-

703 4709 937 4774 tionem
983 4709 1051 4773 in
1099 4729 1165 4773 se
1210 4710 1727 4776 reassumendum
1784 4711 2035 4794 totiens,
2082 4709 2244 4777 suis²
2290 4710 2800 4798 procuratoribus
2847 4711 3150 4798 predictis
3195 4731 3308 4778 seu
3355 4733 3576 4778 eorum

706 4815 888 4880 alteri
933 4815 1243 4901 placuerit
1278 4835 1389 4880 seu
1421 4816 1627 4882 visum
1671 4817 1861 4884 fuerit
1892 4819 2210 4904 expedire,
2257 4818 2544 4885 relevans
2589 4818 2997 4885 nihilominus
3043 4825 3108 4886 et
3150 4818 3435 4886 relevare
3465 4841 3576 4886 vo·

702 4920 838 4986 lens
871 4920 1073 4986 dictus
1120 4921 1585 4990 illustrissimus
1616 4923 1906 4991 dominus
1937 4925 2325 4992 constituens
2371 4926 2649 5011 prefatos
2695 4947 2840 4992 suos
2887 4927 3258 4994 constitutos
3306 4946 3381 4992 ac
3426 4927 3576 4993 sub-

705 5026 1053 5094 stituendos
1102 5027 1207 5121 ab·
1228 5028 1463 5095 eisdem
1520 5050 1633 5097 seu
1692 5050 1910 5097 eorum
1968 5031 2151 5098 alteri
2205 5051 2279 5098 ac
2323 5033 2609 5118 ipsorum
2655 5033 2997 5118 quemlibet
3041 5034 3119 5100 ab
3165 5033 3338 5099 omni
3385 5052 3578 5100 onere
