3892 5609
1344 373 1766 422 Annuama.
1834 373 2144 422 Bonum
3029 364 3063 432 1
3081 363 3120 431 7
3133 362 3174 432 9

538 529 627 596 Et
669 550 783 614 ego
822 529 1129 597 Iohannes
1168 530 1497 599 Erbschad
1541 533 1619 599 de
1648 531 1991 616 Wonneck,
2041 532 2304 599 clericus
2348 529 2846 614 Mognntinensis
2892 530 3177 614 diocesis,

309 635 603 720 publicus
644 637 961 724 imperiali
992 641 1365 708 auctoritate
1394 640 1695 723 notarius,
1746 641 1894 724 quia
1936 639 2362 725 predictarum
2406 636 2782 720 litterarum,
2829 638 3181 704 munimen-

311 745 547 828 torum,
592 743 1084 829 concessionum,
1131 746 1569 830 donacionnm,
1616 746 2089 832 privilegiorum
2127 766 2237 813 seu
2271 745 2657 812 indultorum
2701 745 3179 830 presentacioni,

310 848 740 934 requisicioni,
770 850 1020 935 visioni,
1058 853 1572 938 considera-cinni,
1618 852 2152 940 transumpcionis
2183 852 2478 919 mandato
2511 857 2574 918 et
2603 851 2852 918 decreto
2882 871 3010 918 una
3038 870 3182 918 cnm

312 956 767 1043 suprascriptis
796 957 1064 1024 testibus
1096 964 1160 1026 et
1188 960 1485 1028 Heinrico
1514 961 1763 1026 notario
1796 959 2152 1046 subscripto
2189 977 2450 1044 presens
2488 957 2746 1024 interfui
2793 977 2866 1025 ac
2896 955 2974 1024 de
3001 977 3181 1024 man-

314 1059 465 1128 dato
495 1061 757 1130 illustris
802 1063 1108 1152 principis
1148 1063 1247 1133 et'
1279 1068 1536 1152 domini,
1583 1066 1823 1132 domini
1851 1064 2156 1148 Ludwici,
2203 1065 2450 1132 comitis
2497 1064 2763 1151 palatini
2793 1063 2972 1149 Reni,
3019 1064 3182 1158 sacri

312 1166 587 1236 Romani
626 1171 881 1257 imperii
928 1172 1367 1259 archidapiferi
1414 1179 1479 1240 et
1506 1172 1775 1240 Bavarie
1804 1173 2002 1257 ducis,
2053 1171 2244 1239 simul
2287 1191 2433 1239 cum
2477 1172 2696 1238 eodem
2726 1170 3025 1238 Heinrico
3069 1191 3182 1238 no-

312 1275 480 1342 tar-lo
526 1275 777 1363 publico
824 1278 1176 1367 subscripto
1220 1280 1655 1367 infrascriptae
1699 1279 1969 1364 litteras,
2025 1279 2435 1362 munimenta,
2490 1277 2941 1362 concessiones,
2988 1278 3182 1344 dona-

314 1379 551 1466 ciones,
596 1383 929 1470 privilegia
957 1406 1071 1452 seu
1098 1386 1343 1454 indulta
1386 1386 1801 1472 personaliter
1845 1405 1990 1452 cum
2036 1387 2314 1472 presenti
2357 1391 2756 1470 transumpto
2801 1383 3042 1471 perlegi
3086 1384 3182 1451 di-

312 1485 585 1570 ligenter
630 1495 695 1556 et
739 1492 1088 1559 auscultavi
1134 1513 1211 1560 ac
1240 1494 1455 1561 inveni
1498 1493 1567 1558 in
1598 1492 1887 1560 omnibus
1916 1493 2298 1560 concordare
2345 1510 2542 1576 eaque
2589 1490 2753 1558 sicut
2795 1490 3184 1578 premittitur

312 1590 455 1660 fieri
498 1595 631 1662 vidi
675 1602 741 1663 et
786 1599 1028 1682 audivi3
1076 1598 1311 1666 idcirco
1354 1599 1635 1685 presenti
1680 1603 2078 1686 transumpto
2122 1619 2238 1686 per
2284 1597 2500 1681 alium,
2546 1617 2648 1664 me
2694 1597 2836 1664 aliis
2879 1597 3184 1685 impedito

312 1701 613 1787 negociis,
658 1702 928 1772 fideliter
971 1705 1205 1791 scripto
1250 1705 1354 1772 hic
1396 1725 1499 1773 me
1540 1724 1733 1771 mann
1778 1706 2040 1793 propria
2083 1705 2430 1791 subscripsi
2473 1706 2776 1790 signoque
2823 1711 2886 1772 et
2928 1705 3183 1773 nomine

312 1807 479 1874 meis
522 1808 725 1877 solitis
771 1817 835 1878 et
878 1812 1192 1878 consuetis
1234 1830 1502 1879 unacum
1553 1813 1941 1899 appensione
1970 1811 2162 1896 sigilli
2196 1810 2409 1895 magni
2453 1811 2684 1898 prefati
2730 1811 2970 1877 domini
3005 1809 3182 1878 ducis

310 1912 601 1982 Ludwici
646 1917 893 2002 signavi
936 1923 1193 2002 rogatus
1241 1922 1304 1985 et
1331 1918 1670 2004 requisitus
1700 1919 1767 1986 in
1798 1918 1988 1987 fidem
2034 1926 2099 1988 et
2139 1918 2568 1986 testimonium
2617 1918 2896 1985 omnium
2945 1923 3010 1984 et
3054 1917 3182 1984 sin-

313 2019 609 2104 gulorum
651 2025 1123 2110 premissorum.

539 2128 627 2196 Et
670 2151 783 2214 ego
830 2130 1137 2198 Henricus
1184 2129 1401 2216 Trost,
1448 2131 1711 2198 clericus
1757 2130 2258 2216 Moguntinensis
2301 2130 2568 2198 diocesis
2583 2179 2602 2214 ,
2647 2128 2938 2216 publicus
2981 2129 3067 2195 im
3075 2148 3184 2215 pe-

312 2233 463 2301 riali
490 2237 865 2304 anctoritate
890 2237 1195 2321 notarius,
1244 2239 1392 2323 quia
1434 2238 1861 2324 predictarum
1905 2238 2281 2322 litterarum,
2327 2237 2884 2330 munimentorum,
2931 2254 3184 2302 conces-

314 2341 589 2426 sionum,
634 2342 1071 2428 donacionum,
1115 2343 1593 2431 privilegiorum
1638 2365 1749 2412 seu
1793 2344 2182 2412 indultorum
2227 2344 2710 2432 presentacioni,
2756 2342 3182 2428 requisicioni,

312 2447 569 2532 visioni,
614 2451 1128 2536 consideracioni,
1172 2451 1697 2538 transumptionis
1742 2452 2040 2518 mandato
2083 2457 2148 2518 et
2175 2451 2426 2518 decreto
2473 2471 2599 2516 una
2645 2470 2788 2517 cum
2835 2450 3184 2536 suprascri-

313 2553 447 2640 ptis
492 2555 759 2623 testibus
818 2561 883 2625 et
924 2556 1199 2625 Iohanne
1242 2558 1491 2625 notario
1552 2557 1805 2644 publico
1860 2579 2122 2644 presens
2170 2559 2427 2624 interfui
2471 2577 2716 2624 necnon
2762 2556 2840 2623 de
2884 2556 3182 2622 mandato

312 2659 584 2728 illustris
630 2664 935 2750 principis
982 2669 1047 2731 et
1088 2663 1349 2748 domini,
1396 2663 1635 2731 domini
1664 2663 1990 2750 Ludovici,
2035 2665 2282 2732 comitis
2326 2663 2593 2749 palatini
2621 2662 2802 2747 Reni,
2851 2663 3016 2730 sacri
3060 2662 3182 2729 Ro·

313 2769 495 2834 mani
535 2769 788 2856 imperii
835 2770 1279 2858 archidapiferi
1324 2775 1389 2838 et
1415 2770 1683 2838 Bavarie
1714 2771 1911 2855 ducis,
1960 2771 2150 2838 simul
2189 2791 2332 2838 cum
2362 2771 2582 2838 eodem
2611 2770 2886 2838 Iohanne
2930 2767 3183 2856 publico

312 2875 565 2942 notario
610 2876 1073 2964 suprascriptas
1116 2876 1383 2962 litteras,
1442 2879 1854 2962 munimenta,
1901 2879 2352 2962 concessione8‚
2400 2877 2798 2959 donaciones,
2851 2876 3184 2963 privilegia

314 3001 434 3048 seu
476 2982 723 3049 indulta
765 2983 1181 3069 personaliter
1224 3004 1365 3051 cum
1411 2986 1691 3071 presenti
1736 2990 2135 3070 transumpto
2178 2984 2419 3072 perlegi
2450 2983 2783 3066 diligenter
2827 2987 2892 3050 et
2936 2983 3182 3051 auscul-

312 3088 451 3155 tavi
504 3107 581 3156 ac
634 3089 851 3156 inveni
904 3090 974 3156 in
1034 3091 1325 3159 omnibus
1385 3092 1763 3159 concordare
1818 3112 2017 3177 eaque
2072 3091 2236 3158 sicut
2295 3090 2686 3176 premittitur
2739 3089 2876 3158 fieri
2930 3090 3064 3157 vidi
3119 3098 3184 3158 et

314 3194 554 3279 audivi,
598 3193 831 3262 idcirco
878 3197 1157 3282 presenti
1196 3202 1594 3284 transumpto
1638 3218 1755 3285 per
1784 3197 2000 3281 alium,
2049 3217 2150 3264 me
2180 3196 2321 3263 aliis
2351 3197 2658 3283 impedito
2688 3198 2984 3281 negociis,
3027 3195 3182 3266 fide·

310 3300 467 3368 liter
509 3301 745 3388 scripto
802 3300 907 3368 hic
960 3323 1061 3370 me
1114 3323 1309 3370 manu
1368 3304 1629 3391 propria
1682 3304 2027 3390 subscripsi
2081 3303 2384 3388 signoque
2443 3308 2506 3370 et
2556 3304 2810 3370 nomine
2865 3305 3022 3370 meis
3079 3324 3181 3370 so·

310 3405 453 3472 litis
496 3413 563 3474 et
604 3410 919 3478 consuetis
962 3430 1231 3478 unacum
1280 3413 1665 3498 appensione
1710 3409 1904 3496 sigilli
1946 3409 2166 3493 magni
2207 3409 2438 3496 prefati
2484 3409 2723 3475 domini
2767 3408 2944 3475 ducis
2971 3403 3180 3476 Ludo-

310 3513 443 3579 viei
487 3514 735 3598 signavi
776 3521 1034 3600 rogatus
1090 3522 1155 3585 et
1208 3518 1549 3604 requisitus
1601 3518 1669 3583 in
1711 3515 1901 3585 fidem
1949 3521 2012 3584 et
2055 3515 2482 3583 testimonium
2530 3516 2812 3584 omnium
2857 3521 2923 3582 et
2966 3515 3182 3600 singu·-

308 3619 525 3687 lorum
564 3622 1040 3708 premissorum.

528 3759 619 3826 lv,
655 3761 761 3816 263
777 3793 838 3802 —
851 3761 1014 3816 317v.
1232 3765 1279 3816 1.
1314 3763 1547 3816 volumen
1580 3763 1642 3816 B.
1856 3764 1906 3816 2.
1944 3761 2191 3830 supplevi.

317 4115 497 4187 195.
540 4118 717 4186 1430
759 4119 908 4184 iulia·
934 4119 1024 4187 20
1072 4121 1313 4186 Romae
1355 4121 1532 4206 apud
1574 4131 1821 4184 sanctos
1876 4119 2208 4207 apostolos.
2279 4119 2600 4185 Martinus
2641 4139 2822 4204 papa
2863 4117 2925 4184 V
2961 4139 3178 4184 execu-

538 4239 699 4292 tores
744 4228 1063 4292 constituit
1103 4229 1437 4292 sententiae
1479 4238 1699 4292 contra
1728 4225 2168 4293 Alexandrum
2217 4223 2656 4292 Tridentinum
2701 4226 3060 4312 episcopum
3104 4225 3178 4292 ob

538 4333 821 4398 ordinem
858 4331 1305 4400 Theutonicum
1350 4335 1669 4400 exactione
1706 4347 2044 4420 qravatum
2090 4334 2272 4399 latae.

537 4471 847 4540 Martinus
893 4473 1225 4561 episcopus
1272 4493 1491 4540 servus
1536 4493 1863 4541 servornm
1906 4474 2009 4541 dei
2039 4471 2499 4542 venerabilibus
2528 4469 2831 4537 fratribus
2861 4468 3180 4538 Electensi

308 4585 381 4646 et
424 4577 715 4646 Curiensi
767 4580 1078 4667 episcopis
1136 4600 1210 4648 ac
1266 4580 1494 4648 dilecto
1551 4580 1679 4646 filio
1736 4581 1972 4648 decano
2031 4578 2292 4646 ecclesie
2342 4576 2735 4644 Brixinensis
2789 4575 3056 4642 salutem
3117 4580 3184 4641 et

310 4683 727 4771 apostolicam
771 4686 1286 4756 benedictionem.
1355 4686 1659 4754 Exhibita
1701 4687 1883 4754 nobis
1929 4705 2046 4772 pro
2092 4691 2274 4772 parte
2319 4685 2689 4752 dilectorum
2724 4681 2996 4748 filiorum
3029 4679 3181 4746 Got-

308 4790 466 4858 fridi
506 4789 1015 4878 Niederhawsen,
1060 4794 1227 4861 balie
1268 4793 1550 4878 Athesis,
1595 4791 1839 4860 Nicolai
1881 4793 1947 4860 in
1995 4791 2288 4876 Bolsano,
2339 4790 2644 4878 Leopoldi
2672 4791 2741 4856 in
2767 4788 3180 4871 Longemosz,

310 4897 819 4966 Tridentinensis
848 4899 1137 4984 diocesis,
1168 4905 1232 4966 et
1257 4899 1536 4968 Eckardi
1564 4899 1839 4984 Mulock,
1864 4898 2384 4982 Tridentinensis,
2415 4896 2746 4983 hospitalis
2778 4895 2958 4962 beate
2981 4892 3182 4961 Marie

310 5003 841 5073 Theotonieorum
898 5005 1399 5074 Ierosolomitani
1454 5007 1782 5074 domorum
1836 5005 2448 5089 commendatorum,
2515 5004 2744 5107 peticio
2803 5001 3183 5086 continebat,

2641 5115 2758 5173 12*
