3892 5609
1349 1513 2210 1591 CORRIGENDA.

781 1939 832 1988 p.
863 1921 942 1972 14.
980 1938 1027 1972 v.
1053 1920 1138 1972 37.
1187 1939 1286 1993 pro
1327 1920 1792 1988 Hierosolymitsnis
1839 1955 1856 1974 .
1873 1955 1890 1972 .
1909 1955 1924 1971 .
1969 1919 2355 1989 archiepiscopis
2400 1921 2567 1977 scribe
2602 1921 2777 1974 Hiero·

986 2009 1312 2077 solymitanus
1349 2047 1362 2061 .
1383 2047 1398 2063 .
1419 2047 1432 2064 .
1469 2009 1861 2077 archiepiscopo.

774 2117 825 2166 p.
856 2099 934 2150 19.
972 2117 1019 2150 v.
1051 2100 1130 2150 15.
1165 2117 1264 2171 pro
1301 2098 1806 2166 Qusbriquembelids
1841 2097 2005 2152 scribe
2040 2098 2395 2166 Qnsbriqnem,
2426 2097 2625 2162 Belide.

775 2205 826 2254 p.
851 2188 938 2240 27.
975 2206 1022 2240 τ’.
1046 2187 1132 2240 21.
1165 2206 1264 2259 pro
1301 2197 1459 2240 tostus
1494 2187 1658 2242 scribe
1693 2195 1868 2238 testes.

775 2293 825 2342 p.
851 2276 938 2328 57.
974 2295 1022 2330 v.
1053 2277 1132 2327 11.
1166 2293 1266 2348 pro
1302 2284 1578 2343 suppetunt
1609 2275 1776 2331 scribe
1811 2283 2101 2342 suppetant.

775 2382 826 2431 p.
851 2364 938 2418 58.
975 2382 1022 2416 v.
1048 2364 1132 2416 20.
1164 2383 1265 2436 pro
1301 2365 1638 2431 patriarchum
1673 2363 1841 2420 scribe
1876 2363 2225 2430 patriarcham.

773 2471 824 2520 p.
849 2453 934 2504 81.
971 2470 1018 2506 v,
1043 2453 1076 2505 9
1109 2472 1208 2525 pro
1246 2453 1669 2520 dampnificationi
1701 2451 1866 2508 scribe
1901 2453 2283 2520 dampnifiestis.

773 2559 824 2608 p.
849 2541 920 2593 83
955 2559 1002 2594 v.
1027 2541 1113 2593 34.
1151 2549 1267 2596 ante
1302 2542 1563 2610 privilegia
1598 2541 1730 2596 adde
1763 2541 2097 2610 infrascripta.

775 2647 827 2696 p.
851 2630 936 2683 83.
973 2648 1019 2682 v.
1045 2631 1131 2682 35.
1165 2638 1283 2702 poet
1315 2631 1554 2698 magistro
1590 2631 1724 2686 adde
1758 2640 1810 2683 et
1843 2632 2097 2684 fratribus.

775 2736 825 2786 Ρ.
850 2718 934 2771 85.
971 2737 1018 2770 v.
1049 2719 1130 2772 15.
1162 2738 1260 2790 pro
1297 2720 1646 2788 praesentibus
1679 2721 1844 2776 scribe
1878 2720 2121 2788 partibus.
2438 2751 2467 2794 Ι

775 2825 826 2874 Ρ.
852 2807 938 2859 85.
974 2825 1021 2859 v.
1045 2807 1132 2860 21.
1169 2814 1284 2862 ante
1318 2810 1719 2876 possessionibus
1755 2810 1889 2864 adde
1923 2809 2113 2861 iuribus
2150 2817 2217 2861 st.

776 2913 827 2962 Ρ.
857 2895 972 2947 119.
1009 2914 1056 2947 v.
1087 2895 1168 2949 16.
1199 2915 1298 2969 pro
1336 2897 1650 2950 ordinaretur
1682 2897 1848 2953 scribe
1883 2897 2189 2951 ordinarent..

775 3001 826 3050 Ρ.
855 2985 970 3036 119.
1008 3002 1055 3038 v·
1081 2985 1166 3037 21.
1204 2993 1258 3039 in
1292 2987 1474 3041 laeum
1509 2987 1643 3041 adde
1677 2985 1902 3053 provide.

777 3090 827 3140 Ρ.
859 3074 974 3126 151.
1011 3093 1058 3126 v·
1083 3074 1168 3126 23.
1200 3093 1300 3146 pro
1335 3093 1424 3127 rex
1459 3075 1626 3130 scribe
1661 3075 1776 3126 dux.

775 3178 826 3228 Ρ.
849 3163 969 3216 270.
1007 3180 1054 3214 v.
1078 3163 1163 3215 38.
1193 3181 1296 3235 pro
1332 3163 1610 3216 Innocentii
1644 3162 1810 3218 scribe
1845 3163 2180 3214 Innocentius.

775 3267 826 3316 Ρ.
851 3250 972 3302 273.
1011 3268 1057 3302 v.
1087 3253 1168 3304 15.
1201 3271 1302 3324 pro
1338 3253 1406 3304 sd
1438 3253 1605 3308 ser-ibe
1640 3267 1714 3304 so.

773 3355 824 3405 Ρ.
849 3339 972 3392 318.
1007 3358 1055 3391 v.
1085 3340 1166 3392 13.
1199 3359 1298 3411 pro
1335 3343 1402 3393 sit
1433 3341 1598 3396 scribe
1633 3341 1748 3393 sint.

773 3443 825 3493 Ρ.
850 3427 971 3480 365.
1007 3445 1054 3480 v·
1078 3427 1165 3481 3⁷.
1197 3448 1297 3502 pro
1339 3429 1474 3483 1246
1506 3430 1673 3509 scribe
1712 3429 1864 3482 1247.
