3892 5609
2771 300 2779 305 .
2830 285 2837 292 “
3008 281 3023 309 X

1216 368 1233 377 ν
1345 348 1736 397 vamnem
1781 348 2171 399 enuntians
3030 336 3179 409 363

325 510 585 575 domum
638 514 914 577 vestram
974 507 1288 593 aliquibus
1347 508 1574 575 debitis
1631 508 1957 594 obligarit,
2013 532 2128 579 nos
2186 518 2393 579 vestre
2449 512 2593 597 paci
2648 515 2712 577 et
2762 506 3043 577 eiusdem
3087 508 3185 574 in-

323 617 704 702 dempnitati
747 617 968 683 domus
1015 616 1346 702 providere
1392 616 1669 683 volentes
1713 620 2104 701 presentium
2150 620 2325 687 vobis
2367 618 2739 686 auctoritate
2768 616 3185 701 concedimuS,

323 729 419 807 ut,
464 726 520 789 si
565 728 711 810 post
754 723 1102 811 predictam
1146 724 1632 807 resignationem
1679 726 2026 807 magisterii
2062 734 2127 793 et
2162 726 2353 811 sigilli
2392 725 2601 810 aliqua
2630 724 2843 793 debita
2869 725 3008 810 ipse
3038 743 3184 789 con·

326 832 556 915 traxit,
613 830 770 897 nulli
817 830 895 897 de
937 831 1095 917 ipsis
1141 830 1481 898 teneamini
1525 832 1938 918 respondere,
1994 834 2326 921 presertim
2374 852 2516 899 cum
2560 839 2667 915 tu,
2726 828 2817 897 fili
2862 829 3183 914 magister,

324 938 451 1005 sibi
507 939 673 1025 apud
732 938 943 1005 sedem
1001 938 1410 1026 apostolicam
1468 939 1956 1025 quadringentas
2012 961 2258 1009 marcas
2312 939 2557 1025 argenti
2600 938 2846 1005 dederis
2892 957 3006 1024 pro
3054 937 3184 1003 suis

325 1044 554 1113 debitis
622 1044 1072 1131 persolvendis,
1166 1044 1402 1113 Datum
1461 1044 1752 1129 Lugduni
1807 1048 1941 1113 xvii
1998 1048 2122 1115 kal.
2171 1046 2473 1116 februarii
2529 1044 2928 1134 pontificatus
2984 1044 3187 1110 nostri

327 1172 494 1220 anno
539 1146 830 1219 semndo.

538 1285 670 1337 Edd.
705 1286 770 1336 de
794 1285 912 1339 wal
947 1284 1266 1337 Becherches
1301 1285 1368 1348 11,
1393 1281 1516 1337 36⁷.
1566 1284 1776 1353 Hennes
1813 1287 1854 1349 Ι,
1884 1286 1977 1338 121
2002 1304 2070 1357 ⁸n.
2100 1286 2216 1338 117.

329 1509 510 1633 481.
553 1564 726 1631 1245
753 1566 1044 1629 ianuarii
1061 1565 1148 1630 17
1172 1564 1492 1651 Iquuni.
1560 1564 1957 1630 Innocentius
1990 1564 2102 1630 IV
2120 1566 2341 1651 repetit
2366 1588 2429 1629 n.
2456 1564 2601 1631 478
2630 1564 2706 1629 de
2738 1563 2911 1629 1244
2942 1563 3103 1627 maii
3120 1560 3183 1627 3.

481 1668 488 1675 ι
547 1702 943 1771 Innocentius
988 1710 1103 1772 etc.
1329 1704 1489 1773 ,Cum
1533 1703 1777 1773 dilectis
1819 1710 1932 1773 etc.
2003 1705 2241 1773 Datum
2270 1704 2561 1790 Lugduni
2591 1704 2699 1771 xvi
2729 1704 2855 1771 kal.
2882 1702 3184 1771 februarii
3199 1682 3227 1703 ⁸

327 1810 726 1898 pontificatus
771 1813 972 1879 nostri
1019 1831 1182 1878 anno
1228 1812 1520 1879 secundo,

325 2079 509 2151 488.
550 2082 726 2147 1245
770 2083 1060 2145 ianuarii
1097 2081 1184 2146 17
1227 2078 1546 2165 Luyduni.
1626 2078 2025 2146 Innocentius
2067 2080 2115 2145 Ι
2118 2078 2180 2146 V
2212 2080 2476 2162 inhibet,
2527 2083 2857 2167 quominus
2903 2102 2977 2144 ex
3027 2075 3187 2145 Ger-

549 2189 744 2254 hardi
785 2190 861 2253 de
891 2188 1235 2267 Malberch,
1287 2188 1604 2273 quondam
1633 2189 1926 2272 maqistm'
1954 2188 2198 2252 ordinis
2238 2185 2623 2269 Theutonici,
2672 2190 2759 2253 ad
2794 2186 3188 2274 Templan’os

550 2298 820 2361 transitu
864 2296 1010 2360 kuic
1043 2296 1512 2381 praeiudicium
1552 2306 1878 2379 ρεπεν-παν
1911 2296 2355 2381 confirmatque
2390 2298 2905 2375 constitutionem,
2938 2316 3017 2360 ne
3045 2295 3188 2379 quis

550 2404 766 2469 relicto
823 2402 1200 2469 Theutonico
1254 2401 1760 2489 Templao-towm
1802 2404 1993 2469 intret
2038 2404 2337 2469 ordinem.

551 2543 949 2611 Innocentius
995 2543 1292 2630 epicopus
1339 2561 1558 2609 servus
1602 2562 1924 2609 servorum
1958 2543 2060 2610 dei
2090 2544 2335 2611 dilectis
2365 2542 2511 2611 filiis
2544 2593 2559 2609 .
2583 2593 2600 2610 .
2634 2543 2936 2628 magistro
2968 2546 3032 2609 et
3058 2541 3187 2609 fra-

330 2650 533 2717 tribus
577 2651 908 2737 hospitalis
955 2656 1171 2717 sancte
1201 2649 1400 2716 Marie
1431 2650 1955 2716 Theutonicorum
1992 2650 2474 2718 lerosolimitani
2518 2650 2788 2721 salutem
2832 2656 2896 2717 et
2939 2654 3190 2737 aposto-

328 2758 517 2825 licam
561 2758 1078 2827 benedictionem.
1305 2756 1374 2823 In
1419 2755 1794 2823 venerandis
1840 2757 2128 2824 domibus
2174 2758 2400 2826 militie
2445 2758 2689 2846 Templi
2735 2764 2800 2825 et
2840 2754 3189 2844 Hospitalis

332 2885 405 2931 ac
449 2866 516 2931 in
561 2872 772 2932 vestra
818 2866 1009 2933 etiam
1055 2885 1337 2953 semper,
1384 2864 1548 2931 sicut
1591 2862 1978 2948 audivimuS,
2026 2866 2425 2950 observatur,
2474 2866 2637 2952 quod
2682 2866 2892 2933 nullus
2938 2886 3017 2932 ex
3061 2865 3191 2931 fra-

327 2973 532 3039 tribus
561 2971 842 3059 ipsarum
875 2974 1204 3039 domorum
1236 2972 1314 3037 ob
1346 2970 1620 3057 aliquam
1651 2990 1905 3037 causam
1935 2973 2004 3038 in
2036 2962 2292 3039 alterius
2323 2973 2582 3040 fratrem
2613 2973 2935 3059 recipitur,
2962 2973 3188 3053 immo,

330 3082 385 3146 si
443 3080 668 3166 aliquis
729 3102 808 3147 ex
854 3080 1090 3147 eisdem
1137 3079 1214 3145 de
1260 3100 1374 3144 sua
1417 3079 1602 3144 domo
1646 3078 1942 3145 recedens
1988 3080 2071 3144 ad
2115 3080 2301 3146 aliam
2350 3081 2721 3165 quandoque
2766 3080 3087 3164 confugiat
3128 3083 3194 3145 et

329 3180 686 3255 nullatenus
730 3188 935 3255 redire
981 3187 1134 3254 velit
1177 3186 1257 3253 ad
1304 3206 1481 3253 suam
1497 3236 1516 3269 ,
1561 3186 1880 3270 resignato
1925 3186 2146 3259 habitu
2188 3186 2511 3271 fratribuS,
2558 3206 2714 3272 quos
2757 3186 3034 3273 reliquit,
3081 3186 3191 3252 do-

330 3315 536 3379 mum,
582 3295 664 3363 ad
709 3286 896 3382 qu'am
943 3294 1241 3378 confugit,
1289 3293 1608 3377 egreditur
1653 3294 2021 3389 religionem
2070 3294 2261 3360 aliam
2306 3295 2673 3361 intraturus.
2744 3294 2999 3378 Verum,
3042 3292 3193 3361 licet

332 3423 445 3469 nos
491 3423 607 3489 pro
653 3422 808 3490 pace
853 3408 916 3470 et
959 3403 1168 3487 quiete
1210 3401 1405 3467 vestri
1452 3402 1710 3486 ordinis,
1757 3422 1877 3486 que
1912 3422 2028 3488 per
2056 3401 2316 3468 fratrem
2349 3400 2699 3469 Gerardum
2742 3402 2820 3469 de
2849 3401 3189 3487 Malberch,

333 3509 647 3595 quondam
693 3512 1066 3593 magistrum
1110 3513 1386 3576 vestrum
1404 3558 1422 3592 ,
1477 3510 1531 3574 si
1577 3509 1986 3576 remansisset
2030 3509 2097 3575 in
2141 3508 2282 3595 illo,
2330 3510 2606 3592 graviter
2650 3515 2899 3597 poterat
2944 3513 3191 3596 pertur-

333 3617 498 3701 bari,
553 3618 915 3684 duxerimus
962 3610 1416 3699 sustinendum,
1466 3615 1632 3701 quod
1675 3616 1977 3701 transiret
2020 3616 2099 3683 ad
2144 3617 2535 3703 Templarios
2580 3618 2865 3704 ipsorum
2909 3616 3192 3683 habitum

331 3730 728 3813 recepturus,
782 3729 992 3791 tamen
1009 3774 1026 3807 ,
1082 3743 1162 3790 ne
1217 3728 1475 3809 propter
1529 3723 1650 3790 hoc
1708 3722 1912 3790 ordini
1959 3729 2167 3791 vestro
2215 3724 2467 3811 aliquod
2510 3726 2579 3791 in
2623 3729 2947 3811 posterum
2992 3724 3193 3811 possit

332 3831 746 3919 preiudicium
791 3832 1100 3916 generari,
1147 3826 1518 3898 auctoritate
1563 3832 1950 3916 presentium
1995 3831 2339 3899 districtius
2364 3831 2743 3916 inhibemus,
2787 3832 2955 3918 quod
2982 3831 3192 3899 nullus

331 3940 598 4005 fratrum
657 3944 1008 4006 vestrorum
1065 3940 1144 4005 ad
1190 3936 1579 4024 Templarios
1639 3939 1812 4025 ipsos
1859 3938 1936 4005 de
1982 3943 2187 4006 cetero
2234 3940 2505 4007 transire
2549 3946 2875 4027 presumat
2914 3958 3031 4006 nec
3078 3939 3191 4005 ali·

335 4048 474 4132 quis
531 4048 722 4113 etiam
782 4066 862 4113 ex
907 4045 1144 4113 eisdem
1188 4066 1330 4113 cum
1375 4047 1570 4113 fratre
1616 4051 1898 4113 transeat
1943 4052 2320 4131 memoratu,
2380 4048 2471 4114 eis
2516 4047 2849 4115 dumtaxat
2890 4047 3192 4133 exceptis,

336 4154 442 4239 qui
488 4153 628 4237 sibi,
676 4159 1008 4239 postquam
1055 4153 1245 4219 vobis.
1279 4172 1460 4219 suum
1507 4154 1854 4237 resignavit
1896 4154 2349 4239 magisterium,
2398 4155 2796 4239 adheserunt,
2844 4159 2908 4222 et
2944 4159 3193 4221 nostras
3246 4230 3253 4237 ,

335 4262 412 4328 de
460 4260 825 4327 transeundi
869 4260 1125 4327 licentia
1166 4260 1410 4327 litteras
1448 4260 1917 4346 presentabunt.
1992 4260 2161 4327 Nulli
2194 4282 2339 4345 ergo
2372 4262 2623 4327 omnino
2654 4262 2977 4329 hominum
3008 4261 3195 4330 liceat

333 4369 497 4435 hanc
550 4369 848 4454 paginam
906 4374 1119 4435 nostre
1174 4367 1564 4435 inhibitionis
1618 4367 1959 4452 infringere
2019 4367 2119 4435 vel
2174 4368 2233 4434 ei
2278 4389 2434 4435 ausu
2480 4370 2813 4437 temerario
2859 4369 3189 4437 contraire.
3232 4414 3273 4421 --

337 4476 405 4543 Si
463 4476 602 4560 quis
661 4480 869 4543 autem
923 4476 1040 4542 hoc
1087 4481 1464 4561 attemptare
1509 4476 1995 4561 presumpserit,
2055 4476 2552 4559 indignationem
2598 4476 3047 4564 omnipotentis
3092 4478 3194 4545 dei

336 4591 400 4650 et
455 4584 780 4651 beatorum
824 4582 996 4649 Petri
1051 4588 1114 4649 et
1157 4582 1339 4648 Pauli
1393 4582 1818 4668 apostolorum
1863 4584 1997 4649 eius
2045 4601 2112 4648 se
2157 4584 2404 4649 noverit
2446 4583 2863 4651 incursurum.
2956 4584 3191 4653 Datum

335 4689 625 4773 Lugduni
672 4690 778 4755 xvi
825 4690 1124 4756 kalendas
1168 4688 1470 4755 februarii
1513 4688 1913 4776 pontificatus
1959 4690 2161 4756 nostri
2208 4710 2369 4756 anno
2418 4692 2709 4758 secundo.

547 4848 670 4899 Sine
693 4848 836 4901 dato:
873 4848 936 4901 R.
957 4848 1028 4900 94
1053 4848 1352 4916 Ottingense
1376 4849 1574 4900 unicum
1588 4868 1604 4910 ;
1639 4850 1702 4899 R.
1730 4848 1828 4899 156
1853 4848 1983 4899 int-er
2006 4849 2271 4901 Iuncensia
2292 4850 2509 4914 „Datum
2526 4850 2786 4902 Ludue‘ii“.
2810 4880 2873 4889 -—-·
2900 4852 3023 4903 eum
3047 4852 3193 4905 dato:

335 4938 450 4991 Duo
487 4936 750 5005 originalia
785 4954 1018 5004 quorum,
1067 4936 1275 4989 alterum
1311 4937 1812 5004 Mergenthemense‚
1850 4954 1963 4989 cum
1998 4936 2136 4989 bulla
2172 4939 2224 4991 in
2258 4938 2356 4991 filis
2392 4940 2595 4991 sericeis
2630 4940 2871 5007 appensis
2902 4940 2957 4991 in
2992 4940 3193 4993 archivo

337 5028 526 5080 ordinis
561 5026 856 5080 Theutonici
888 5026 1266 5080 vindobonensi
1279 5045 1295 5089 3
1341 5026 1406 5080 R.
1431 5026 1502 5079 88
1545 5026 1676 5079 inter
1711 5024 2205 5093 Mergenthemensia
2248 5045 2298 5080 11.
2323 5025 2409 5080 47.
2468 5027 2599 5082 Edd.
2622 5028 2903 5082 Ludovicus
2940 5049 2971 5081 a
2992 5029 3195 5083 Baesko
