3892 5609
1314 396 1704 447 Pnrvmncffl
1731 382 2175 466 'summu-4,
2448 461 2457 474 ,
2999 384 3149 454 275

289 554 442 622 dere
499 556 832 641 contigerit
885 556 1148 624 licencia
1200 576 1328 623 non
1374 556 1660 643 obtenta,
1717 560 1790 624 ut
1843 560 2240 625 revertantur
2285 555 2363 621 ad
2410 555 2614 641 ipsam
2630 604 2648 637 ,
2710 574 2783 621 ac
2838 554 3011 637 illos,
3072 554 3153 620 ad

289 683 562 749 quorum
607 664 931 731 consorcia
975 684 1044 731 se
1090 664 1547 749 transtulerint,
1593 671 1667 731 ut
1710 684 1815 731 eos
1861 669 2081 731 contra
2124 650 2405 750 ipsorum
2434 663 2699 729 fratrum
2733 681 2861 728 non
2900 667 3157 730 teneant

285 769 702 855 voluntatem,
749 771 980 855 singuli
1025 792 1140 859 per
1185 792 1332 839 suas
1377 772 1656 839 dioceses
1703 770 2057 839 monicione
2100 770 2413 858 premissa
2454 790 2571 857 per
2599 788 2927 837 censuram
2959 768 3155 835 eccle·-

287 878 614 945 siasticam
673 878 1096 965 appellatione
1161 880 1516 967 postposita
1583 879 1996 967 compellatis.
2076 877 2309 945 Datum
2368 875 2565 943 Rome
2630 877 2800 963 apud
2868 883 3155 943 sanctum

285 982 553 1052 Petrum
595 984 736 1051 xiiii
781 985 906 1052 kal.
937 986 1212 1055 ianuarii
1257 986 1656 1074 pontificatus
1700 986 1902 1054 nostri
1950 1006 2113 1053 anno
2163 986 2390 1072 primo.

503 1099 596 1161 lv,
635 1098 752 1151 174.
817 1100 1077 1168 originale
1114 1102 1367 1169 quondam
1401 1103 1454 1153 in
1491 1102 1637 1154 domo
1661 1100 1961 1153 'treverensi
1996 1109 2307 1152 asservatum
2342 1115 2475 1150 nunc
2498 1098 2831 1150 vindobonae
2864 1098 2917 1149 in
2953 1096 3155 1149 archivo

286 1187 480 1241 ordinis
505 1188 802 1241 Theu'tonici
835 1198 1015 1242 exstat.
1076 1190 1140 1243 R.
1171 1190 1272 1243 140
1306 1191 1436 1243 inter
1465 1191 1821 1254 'trever-ensi&
1863 1220 1923 1229 -
1968 1208 2046 1257 „a-
2069 1190 2095 1241 1
2125 1188 2370 1244 Treviris“
2410 1188 2476 1241 A.
2500 1188 2565 1239 16
2600 1206 2652 1255 p.
2680 1186 2797 1239 113.

292 1390 473 1463 305.
515 1396 694 1463 1218
740 1408 851 1463 oct.
886 1397 926 1464 1
975 1422 1082 1485 ap.
1121 1398 1344 1465 Urbem
1377 1398 1650 1465 Veterem
1706 1396 1831 1483 (cf.
1869 1398 2043 1465 1221
2093 1400 2345 1463 ianuar.
2382 1397 2470 1464 16
2514 1396 2826 1463 Laterani
2876 1406 2936 1460 et
2978 1394 3156 1462 1226

513 1505 683 1569 iunii
723 1504 815 1571 27
861 1504 1224 1587 Laterani).
1303 1506 1629 1573 Honorius
1660 1506 1785 1571 III
1818 1508 2052 1585 sancit,
2114 1528 2195 1570 ne
2244 1504 2323 1569 ab
2368 1504 2587 1591 aliquo
2632 1506 2703 1567 in
2743 1503 2993 1588 fratres
3041 1505 3151 1567 οἰδ.

440 1686 450 1697 .
523 1609 696 1677 ΤΙιι-ἰ.
744 1614 1044 1679 sententia
1087 1616 1742 1681 excommunicationis
1786 1613 1886 1678 vel
1923 1614 2245 1679 interdicti
2283 1610 2735 1698 promulgetur.
2938 1635 2945 1644 ¹

513 1734 828 1803 Honorius
884 1736 1214 1824 episcopus
1269 1756 1487 1805 servus
1543 1757 1863 1804 servorum
1924 1736 2027 1803 dei
2082 1734 2543 1802 venerabilibus
2596 1732 2899 1799 fratribus
2955 1731 3159 1799 archi-

287 1842 604 1929 episcopis
649 1848 713 1909 et
757 1842 1087 1930 episcopis,
1137 1850 1200 1911 et
1243 1844 1489 1911 dilectis
1534 1843 1682 1911 filiis
1729 1842 2078 1927 abbatibus,
2125 1844 2464 1930 prepositis
2478 1838 2513 1925 ¹,
2560 1840 2905 1927 prioribuS,
2956 1838 3159 1921 arehi-

287 1947 590 2033 diaconis,
637 1949 890 2017 decanis
936 1955 1000 2017 et
1045 1950 1184 2017 aliis
1231 1951 1631 2018 ecclesiarum
1679 1950 1961 2037 prelatis,
2009 1950 2089 2017 ad
2134 1971 2293 2035 quos
2338 1948 2547 2016 littere
2576 1948 2697 2015 iste
2736 1948 3157 2035 pervenerint,

287 2056 558 2123 salutem
604 2061 669 2124 et
707 2040 1118 2144 apostolicam
1149 2058 1663 2126 benedictionem.
1933 2057 2093 2125 Cum
2140 2056 2354 2125 dilecti
2396 2055 2513 2123 filii
2554 2056 2783 2123 fratres
2827 2054 3158 2143 hospitalis

287 2170 507 2231 sancte
550 2162 748 2231 Marie
779 2163 1304 2232 Theutonicorum
1351 2164 1830 2233 lerosolimitani
1873 2166 2114 2233 nullum
2160 2164 2433 2233 habeant
2475 2164 2839 2252 episcopum
2870 2164 2971 2230 vel
3016 2179 3159 2250 pre-‘-

284 2270 487 2338 latum
545 2277 756 2358 preter
796 2270 1146 2339 Romanum
1193 2272 1552 2359 pontificem
1600 2278 1666 2341 et
1709 2272 1968 2360 speciali
2012 2272 2414 2359 prerogativa
2456 2272 2771 2357 gaudeant
2812 2260 3157 2353 libertatis3

285 2398 418 2445 non
462 2378 640 2445 decet
683 2397 798 2445 vos
837 2378 908 2444 in
956 2398 1062 2446 eos
1107 2380 1210 2447 vel
1254 2380 1512 2449 clericos
1559 2385 1669 2447 aut
1712 2380 2007 2447 ecclesias
2054 2400 2301 2464 eorum,
2358 2379 2428 2445 in
2473 2378 2698 2465 quibus
2743 2374 3159 2465 potestatem'

286 2485 778 2553 ecclesiasticam
822 2506 951 2553 non
995 2486 1260 2571 habetis,
1321 2486 1558 2572 absque
1600 2487 1898 2554 mandato
1941 2492 2160 2553 nostro
2208 2486 2872 2553 excommunicationis
2916 2485 3018 2553 vel
3061 2486 3158 2552 in-

285 2592 540 2659 terdicti
583 2589 995 2661 sententiam⁸
1038 2594 1460 2681 promulgare,
1508 2594 1638 2681 sed,
1687 2595 1743 2661 si
1787 2595 2037 2681 quando
2067 2613 2177 2661 vos
2206 2593 2309 2661 vel
2354 2593 2637 2660 subditos
2680 2598 2921 2660 vestros
2950 2593 3157 2659 'iidem

283 2700 517 2768 fratres
571 2701 804 2768 iniuste
856 2702 1287 2787 gravaverint,
1347 2722 1462 2790 per
1516 2722 1628 2769 vos
1687 2708 1799 2769 aut
1839 2702 2095 2769 nuntios
2138 2704 2383 2767 vestros
2426 2700 2495 2767 id
2538 2700 2819 2767 Romano
2875 2699 3156 2788 pontifici

285 2800 644 2893 significare
697 2808 940 2875 debetis
997 2828 1072 2876 ac
1123 2830 1239 2896 per
1292 2810 1502 2896 ipsum
1557 2809 1637 2876 de
1703 2810 2069 2877 memoratis
2122 2806 2424 2875 fratribus
2479 2808 2798 2875 iusticiam
2851 2809 3151 2876 obtinere.

283 2916 440 2984 Inde
471 2922 600 3001 est,
648 2916 814 3002 quod
857 2916 1255 2984 universitati
1295 2922 1503 2983 vestre
1539 2937 1657 3003 per
1687 2917 2033 3004 apostolica
2060 2916 2301 3003 scripta
2327 2916 2731 3002 precipiendo
2762 2914 3153 3023 mandamus,

285 3024 584 3109 quatinus
614 3025 679 3090 in
711 3023 1026 3111 predictos
1055 3024 1284 3091 fratres
1315 3020 1481 3091 sive‘
1509 3020 1802 3091 clericos⁴
1844 3031 1954 3092 aut
1983 3023 2277 3091 ecclesias
2306 3042 2543 3106 eorum,
2588 3022 2658 3088 in
2688 3022 2909 3107 quibus
2944 3030 3155 3091 aucto-

283 3132 542 3198 ritatem
587 3150 984 3217 nequaquam
1028 3130 1306 3216 habetis,
1355 3132 2019 3199 excommunicationis
2063 3130 2163 3197 vel
2212 3130 2532 3198 interdicti
2586 3132 2962 3197 sententiam
3006 3150 3154 3217 pro-

283 3238 570 3323 mulgare
615 3238 972 3306 nullatenus
1017 3240 1422 3326 presumatis,
1469 3258 1588 3305 nec
1631 3259 1738 3306 eos
1785 3234 1977 3305 alias⁶
2018 3236 2305 3304 indebita
2331 3237 2663 3305 vexatione
2701 3238 2996 3323 gravetis,
3043 3237 3156 3305 sed

284 3365 440 3430 erga
481 3342 692 3433 ipsos⁶
739 3366 850 3413 vos
895 3344 1109 3412 taliter
1149 3346 1468 3429 habeatis,
1525 3344 1692 3431 quod
1733 3364 1860 3411 non
1917 3344 2213 3431 habeant,
2250 3344 2579 3425 adversum
2597 3340 2618 3374 ⁷
2662 3364 2775 3411 vos
2820 3346 3155 3413 materiam

282 3452 671 3539 querelandi,
720 3453 960 3538 scituri,
1007 3452 1193 3538 quod,
1240 3453 1298 3521 si
1342 3451 1710 3520 mandatum
1755 3458 2046 3520 nostrum
2088 3452 2493 3537 neglexeritis
2536 3452 2606 3518 in
2647 3452 2765 3519 hac
2808 3456 3011 3539 parte,
3060 3452 3155 3519 di-

281 3560 540 3627 mittere
592 3580 720 3627 non
773 3560 1121 3647 poterimus
1137 3608 1156 3644 ,
1226 3560 1379 3646 quin
1438 3560 1672 3627 eisdem
1731 3560 2036 3627 fratribus
2081 3560 2149 3626 in
2196 3580 2313 3625 sua
2369 3544 2640 3645 iusticia,
2700 3560 2756 3627 si
2812 3560 2981 3646 apud
3037 3580 3154 3628 nos

283 3667 606 3752 querelam
671 3667 904 3735 iterum
961 3667 1398 3755 deposuerint,
1470 3666 1803 3734 efficaciter
1862 3666 2198 3756 providere
2262 3685 2571 3735 curemus.
2669 3667 2904 3734 Datum
2987 3667 3155 3755 apud

280 3772 521 3842 Urbem
566 3774 858 3843 Veterem
902 3774 1031 3842 kal.
1081 3774 1352 3842 octobris
1397 3774 1798 3861 pontificatus
1842 3775 2047 3841 nostri
2096 3794 2261 3841 anno
2302 3774 2393 3841 iii.

496 3886 574 3949 11,
612 3888 742 3941 90v.
777 3890 888 3941 sine
926 3888 1070 3943 dato..
1103 3918 1166 3928 -—
1207 3890 1332 3941 Cum
1366 3889 1511 3941 dato:
1561 3908 1644 3957 ap.
1671 3889 1932 3942 Urb.Vet.
1969 3888 2073 3942 kal.
2106 3898 2202 3941 oct.
2239 3906 2291 3957 p.
2328 3908 2376 3941 a.
2413 3890 2473 3941 3:
2519 3889 2585 3940 A.
2611 3888 2681 3941 20
2718 3907 2767 3942 n.
2792 3890 2827 3942 3
2876 3889 3055 3941 Latine
3102 3896 3157 3940 et

281 3976 606 4039 Germanice,
643 3974 730 4029 uti
764 3978 979 4045 legitur:
1023 3979 1148 4044 „Est
1181 3978 1234 4029 in
1273 3978 1612 4040 Confluentia;
1649 3988 1704 4031 et
1737 3978 2069 4032 Innocenoius
2104 3979 2157 4031 in
2184 3978 2417 4041 Colonia3
2454 3979 2729 4046 Gregorius
2764 3978 2816 4030 iu
2852 3978 3155 4044 Nurenberg

279 4075 338 4118 et
361 4066 652 4119 Alexander
688 4076 742 4119 et
775 4070 995 4121 oetera“.
1028 4098 1092 4107 -
1126 4068 1248 4118 Cum
1286 4066 1430 4119 dato:
1469 4068 1710 4119 Laterani
1745 4069 1846 4119 xvii
1879 4068 1984 4120 kal.
2020 4068 2149 4119 febr.
2186 4084 2238 4135 p.
2264 4086 2311 4119 a.
2338 4068 2398 4119 5:
2436 4068 2527 4130 IV,
2558 4068 2673 4120 183.
2712 4098 2772 4107 —
2813 4068 2877 4118 A.
2907 4066 2973 4118 16
3006 4084 3057 4133 p.
3084 4066 3148 4117 61

285 4155 384 4221 „in
427 4154 739 4223 Marpurg.“.
779 4186 842 4195 --
891 4158 956 4209 R.
987 4156 1086 4208 129
1131 4156 1263 4207 inter
1309 4156 1712 4223 Marburgensia.
1753 4186 1815 4195 -—
1864 4156 1973 4210 Ioh.
2011 4156 2099 4209 30.
2144 4186 2206 4195 —
2245 4156 2377 4208 Edd.
2417 4156 2683 4209 Caorsinus
2717 4174 2769 4223 p.
2797 4156 2836 4207 C
2872 4163 2926 4206 et
2958 4155 3155 4206 Senner

279 4261 336 4312 p.
359 4244 408 4295 D
447 4243 537 4295 ssv.
577 4274 642 4283 —
682 4245 804 4296 Cum
842 4246 987 4297 dato:
1034 4244 1271 4297 Laterani
1307 4244 1340 4296 5
1377 4244 1480 4297 kal.
1514 4245 1623 4297 iulii
1659 4264 1704 4297 a.
1735 4244 1801 4296 10
1843 4244 2109 4309 „Colonie“
2149 4244 2214 4296 A.
2240 4244 2306 4295 16
2343 4261 2393 4310 p.
2414 4243 2499 4295 75.
2541 4274 2603 4283 --
2645 4244 2732 4295 Or.
2769 4260 2881 4294 cum
2916 4242 3053 4294 bulla
3098 4242 3152 4293 in

263 4332 382 4385 fllia
417 4332 621 4385 sericeis
656 4333 997 4400 appendente,
1035 4334 1286 4400 quondam
1311 4334 1580 4386 Veteribus
1595 4362 1620 4372 -
1633 4334 1799 4385 Iuncis
1837 4332 2205 4398 (confluentiae
2218 4334 2265 4399 ?)
2280 4370 2295 4393 ,
2338 4350 2473 4383 nunc
2495 4332 2827 4384 Vindobonae
2861 4333 2913 4384 in
2951 4331 3151 4385 archivo

277 4422 375 4475 ois-
395 4421 536 4473 Thei.
704 4422 752 4473 1.
788 4422 934 4475 deest
959 4422 1048 4475 IV.
1210 4422 1260 4475 2.
1297 4432 1496 4490 partem
1518 4424 1610 4485 IV,
1633 4424 1698 4475 R..
1859 4422 1908 4474 3.
1947 4421 2225 4474 sententiae
2258 4420 2351 4474 lv,
2512 4422 2563 4473 4.
2600 4421 2747 4473 deest
2767 4422 2858 4483 IV,
2884 4422 2948 4484 R,
2973 4421 3037 4473 A.
3063 4420 3151 4471 20.

277 4511 332 4563 5.
381 4510 508 4563 alins
544 4528 632 4563 eos
667 4510 756 4563 IV.
936 4511 986 4565 6.
1033 4511 1172 4581 ipsos
1209 4512 1316 4564 sive
1351 4512 1558 4564 clericos
1596 4512 1660 4563 A.
1685 4510 1770 4563 20.
1950 4510 2001 4563 7.
2048 4511 2289 4563 adversus
2322 4510 2417 4562 IV.

281 4716 465 4790 306.
505 4718 683 4786 1220
715 4664 856 4785 deo.
883 4720 971 4787 15
1015 4718 1326 4785 Laterani
1367 4718 1483 4804 (cf.
1517 4718 1698 4785 1227
1737 4718 1886 4806 iulii
1911 4718 2003 4785 28
2031 4716 2424 4806 Anayniae).
2492 4716 2817 4784 Honorius
2841 4714 2968 4783 III
3002 4738 3147 4783 con·-

499 4826 727 4910 siv-mat
771 4839 828 4893 et
871 4838 1058 4914 auqet
1102 4828 1344 4893 ordinis
1384 4822 1756 4893 Theutoniei
1793 4825 2151 4913 privileqia.

505 4949 822 5018 Honorius
867 4951 1200 5038 episcopus
1257 4970 1478 5017 servus
1534 4969 1859 5017 servorum
1915 4949 2017 5016 dei
2072 4947 2317 5016 dilectis
2371 4948 2519 5015 filiis
2564 4947 2954 5031 Hermanno,
3015 4966 3149 5013 ma·-

273 5058 480 5144 gistro
536 5057 827 5143 religiose
893 5058 1306 5125 fraternitatis
1363 5058 1694 5146 hospitalis
1761 5060 1977 5125 sancte
2032 5056 2231 5125 Marie
2285 5056 2807 5124 Theotonicorum
2862 5054 3152 5122 lerosoli-

2614 5168 2727 5227 18*
