3892 5609
751 346 792 419 3
805 348 898 419 78
1722 351 2147 407 Ponrmcuu
2191 355 2635 406 semitonum

745 518 1067 585 hominum
1137 518 1322 584 liceat
1387 517 1548 583 hanc
1613 518 1910 603 paginam
1978 522 2193 585 nostre
2252 516 2671 583 concessionis
2726 515 3071 598 infringere
3125 519 3243 581 etc.
3338 512 3409 579 Si
3464 512 3603 598 quis

747 631 956 692 autem
1003 630 1118 691 ete.
1189 625 1422 692 Datum
1471 626 1760 709 Anagnie
1807 646 1846 689 v
1889 626 2031 691 idus
2076 623 2211 690 iulii
2256 623 2657 710 pontificatus
2702 623 2905 689 nostri
2948 642 3112 689 anno
3158 621 3455 687 secundo.

955 766 1033 816 Ex
1077 774 1380 817 transsumto
1417 764 1481 816 de
1523 766 1650 816 1201
1695 783 1765 817 sc.
1793 766 1923 817 1301
1968 766 2073 831 (m0
2099 778 2179 817 cc⁰
2214 765 2457 831 primoli)
2508 765 2601 814 sub
2641 762 2817 829 sigillis
2854 763 3075 829 Philippi
3110 763 3311 814 abbatis
3346 760 3605 813 Scotorum

746 865 799 907 et
832 854 1000 906 fratris
1035 854 1275 905 Friderici
1309 854 1539 919 gurdiani
1573 855 1780 905 fratrum
1815 854 2061 906 minorum
2082 855 2315 905 Wumam
2352 854 2406 919 (i.
2430 870 2475 904 e.
2500 852 2770 919 wiennae)
2808 852 3237 911 commorantium,
3272 850 3437 912 ficto,
3472 850 3605 916 qnod

746 944 972 996 Venetiis
1002 944 1377 1005 asservabatur,
1415 944 1467 993 in
1504 943 1567 994 A.
1591 944 1656 994 16
1691 962 1740 1011 p.
1767 944 1852 995 23.
1881 974 1942 981 —-
1983 943 2041 994 In
2079 942 2426 1009 designatione
2460 941 2785 993 Mitowiensis
2822 939 3009 991 archivi
3046 957 3127 1005 ap.
3152 939 3391 990 Schirren
3426 956 3479 1005 p.
3508 937 3607 990 130

745 1052 796 1085 n.
828 1034 920 1085 101
963 1032 1238 1083 Alexandri
1269 1032 1341 1083 IV
1380 1031 1565 1097 duplex
1599 1033 1670 1083 ibi
1706 1033 1923 1084 existens
1960 1032 2213 1083 concessio
2250 1032 2447 1093 citamr,
2495 1040 2553 1081 nt
2566 1068 2581 1091 ,
2630 1031 2911 1095 ubicunque
2947 1029 3110 1080 ordini
3142 1009 3457 1080 'l'heutnnico
3493 1028 3603 1095 pla-

747 1122 930 1183 cuerit,
975 1130 1303 1173 mercaturam
1349 1120 1516 1171 facere
1562 1122 1610 1171 ei
1653 1121 1816 1173 liceat.
1892 1121 2060 1183 Quod.
2084 1119 2397 1187 privilegium
2442 1117 2716 1170 secundum
2751 1118 2924 1169 Dudik
2958 1118 3064 1168 Des
3112 1117 3280 1168 hohen
3314 1116 3605 1169 Deutsehen

743 1210 1095 1263 Ritterordens
1142 1210 1578 1275 Mnnzsammlung
1624 1228 1678 1277 p.
1708 1210 1803 1270 85,
1849 1219 2204 1261 transsumtum
2250 1227 2342 1278 per
2378 1208 2640 1259 Albertum
2676 1206 3101 1257 Brunswicensem
3145 1206 3353 1267 ducem,
3398 1206 3604 1273 provin-

747 1300 923 1351 cialem
960 1299 1154 1350 balivae
1191 1297 1256 1348 ad
1283 1298 1495 1349 Athesin
1533 1298 1596 1363 (c.
1629 1298 1802 1364 1338),
1839 1308 1918 1349 est
1953 1300 2003 1349 in
2042 1298 2240 1350 archivo
2266 1296 2453 1349 ordinis
2476 1296 2771 1348 Thoumnici
2796 1296 3151 1347 Vindobonaet
3188 1294 3354 1359 (1256
3378 1295 3603 1360 ang.13)

747 1388 962 1439 viterbii
1006 1387 1074 1439 id.
1111 1404 1226 1453 aug.
1264 1405 1315 1453 p.
1343 1406 1388 1437 a.
1414 1388 1447 1439 3
1495 1388 1808 1454 praeceptori
1855 1396 1906 1437 et
1954 1387 2190 1439 fratribus
2238 1386 2501 1453 hospitalis
2547 1404 2588 1436 s.
2610 1385 2806 1437 Mariae
2842 1384 3259 1437 Tbeutonicorum
3292 1385 3349 1435 in
3382 1384 3605 1435 Livouim

749 1478 895 1544 (Cum
929 1479 1118 1543 preter)
1157 1476 1400 1537 concedit,
1437 1492 1587 1542 quum
1623 1477 1812 1541 absque
1847 1476 2177 1527 mercimoniis
2213 1474 2530 1527 laudabiliter
2564 1474 2703 1525 iuxta
2730 1483 2899 1525 votum
2925 1473 3188 1541 negocium
3212 1473 3337 1523 fidei
3358 1490 3463 1524 non
3486 1490 3603 1538 pos-

748 1574 887 1627 sent,
924 1566 974 1615 in
1013 1565 1239 1616 omnibus
1276 1564 1396 1616 locis
1434 1574 1486 1615 et
1520 1566 1693 1625 terris,
1729 1565 1814 1615 ubi
1849 1566 2067 1616 viderint
2101 1565 2355 1631 expedire,
2393 1580 2581 1615 merces
2618 1580 2789 1614 eorum
2822 1562 3038 1614 vendere
3074 1571 3127 1613 et
3160 1579 3331 1613 emere
3366 1578 3461 1628 per
3494 1560 3603 1611 ido-

748 1672 870 1705 neas
895 1654 1081 1705 ordinis
1105 1670 1362 1719 personas.
1475 1654 1518 1703 1.
1545 1652 1814 1719 quidquam
1833 1654 1894 1704 A.
1913 1654 1991 1703 16.
2090 1653 2138 1703 2.
2164 1653 2395 1705 alimonie
2420 1652 2729 1718 multiplicati
2754 1669 2853 1704 non
2881 1652 2943 1703 A.
2962 1651 3041 1702 16.
3136 1650 3185 1701 3.
3211 1651 3427 1716 parattis
3446 1648 3605 1699 A.16.

755 1873 930 1946 536.
972 1866 1162 1943 1257‘
1179 1876 1511 1961 februarii
1539 1878 1625 1942 27
1671 1876 1995 1943 Laterani.
2068 1877 2431 1941 Alexander
2463 1876 2571 1943 IV
2609 1877 2932 1961 confirmat
2976 1878 3191 1941 ordini
3224 1874 3605 1941 Theutonico

971 1986 1255 2049 divinum
1301 1984 1577 2069 officium
1621 1986 1957 2049 secundum
2003 1986 2284 2049 ordinem
2329 1986 2851 2050 Praedicatorum
2893 1986 3231 2049 redactum.

971 2123 1330 2192 Alexander
1373 2124 1701 2211 episcopus
1749 2144 1965 2191 servus
2012 2145 2330 2192 servorum
2380 2127 2481 2193 dei
2528 2126 2771 2193 dilectis
2814 2123 2959 2191 filiis
3004 2124 3309 2207 magistro
3356 2127 3425 2189 et
3461 2142 3603 2189 con-

748 2230 992 2301 ventni¹
1035 2231 1365 2318 hospitalis
1421 2237 1636 2298 sancte
1679 2230 1878 2297 Marie
1919 2231 2442 2299 Thentonicorum
2487 2233 2966 2300 Ierosolimitani
3024 2231 3293 2297 salutem
3346 2236 3416 2296 et
3458 2250 3603 2315 apo-

673 2344 682 2353 “
749 2340 1030 2408 stolicam
1080 2338 1592 2406 benedictionem.
1851 2338 1961 2405 Pie
2010 2340 2500 2406 conversationis
2547 2346 2613 2407 et
2654 2341 2781 2407 vite
2824 2344 3033 2407 vestre
3076 2338 3308 2405 merita
3348 2356 3469 2403 nos
3510 2338 3603 2403 in·

749 2449 1006 2532 ducunt,
1053 2453 1124 2513 ut
1167 2444 1480 2512 desideria
1508 2450 1719 2512 vestra
1761 2446 1826 2510 in
1873 2446 2016 2529 hiis,
2066 2466 2183 2530 que
2230 2445 2417 2530 digne
2450 2468 2803 2533 possumus,
2852 2446 3074 2513 affectu
3102 2444 3410 2512 benevolo
3440 2464 3604 2511 com-

747 2554 1053 2642 pleamus
1125 2553 1290 2620 Sane
1335 2554 1618 2619 divinum
1662 2552 1957 2636 officium,
2006 2553 2171 2638 quod
2216 2554 2557 2620 seeundum
2604 2556 2887 2621 ordinem
2934 2551 3303 2621 dilectorum
3332 2550 3603 2619 filiorum

746 2664 1014 2729 fratrum
1059 2660 1529 2727 Predicatorum
1575 2662 1643 2726 in
1689 2660 1906 2727 ordine
1952 2667 2159 2727 vestro
2207 2682 2283 2727 ex
2330 2663 2727 2729 concessione
2773 2662 2937 2729 sedis
2985 2660 3359 2749 apostolice,
3420 2666 3609 2746 prout

751 2769 1125 2855 accepimuS‚
1173 2768 1559 2851 observatur,
1615 2766 1694 2833 ad
1739 2768 2075 2852 quamdam
2134 2768 2397 2834 formam
2446 2768 2786 2836 secundum
2833 2760 3027 2835 deum‘
3062 2768 3354 2852 religioni
3400 2774 3609 2834 vestre

749 2896 1085 2960 congruam
1151 2880 1214 2941 et
1269 2875 1581 2942 salubrem
1639 2895 1754 2960 per
1799 2875 2103 2959 quosdam
2148 2895 2226 2941 ex
2271 2876 2571 2943 fratribus
2618 2877 2842 2943 vestris
2888 2876 3130 2943 clericis
3173 2876 3345 2942 viros
3392 2876 3607 2959 utique

751 2984 1077 3051 timoratos
1125 2988 1187 3050 et
1241 2982 1538 3069 providos
1586 3001 1658 3047 ac
1703 2982 1770 3047 in
1815 2982 2249 3068 spiritualibus
2294 2984 2779 3070 circumspectos
2820 3003 2963 3049 cum
3004 3002 3239 3065 magna
3278 2982 3609 3066 diligentia

751 3098 815 3159 et
855 3090 1152 3174 vigilante
1197 3090 1405 3156 studio
1451 3096 1548 3155 est
1589 3089 1932 3154 redactum.
2004 3088 2132 3155 Nos
2178 3090 2389 3174 itaque
2428 3092 2653 3156 vestris
2694 3090 3255 3178 supplicationibus
3296 3090 3603 3173 inclinati,

752 3198 918 3284 quod
961 3197 1028 3263 in
1072 3198 1190 3264 hac
1233 3203 1416 3283 parte
1456 3197 1688 3263 factum
1737 3202 1852 3280 est,
1897 3203 2106 3262 ratum
2154 3197 2451 3264 habentes
2500 3202 2563 3264 et
2604 3196 2876 3281 firmum,
2921 3198 2987 3263 id
3009 3197 3409 3264 'auctoritate
3454 3218 3603 3284 apo-

750 3305 974 3373 stolica
1017 3304 1094 3370 de
1139 3309 1312 3369 certa
1355 3304 1620 3369 scientia
1663 3302 2104 3369 confirmamus
2150 3310 2213 3369 et
2256 3305 2567 3389 presentis
2612 3306 2833 3391 scripti
2878 3306 3223 3391 patrocinio
3256 3305 3603 3371 communi-

750 3434 912 3497 mus,
960 3411 1305 3477 districtius
1350 3410 1724 3494 inhibente8‚
1771 3416 1844 3475 ut
1887 3410 1965 3476 de
2010 3411 2292 3496 predicta
2334 3412 2539 3477 forma
2580 3414 2779 3497 ipsius
2826 3410 3033 3496 officii,
3080 3432 3202 3496 que
3232 3412 3314 3477 ad
3344 3430 3603 3498 presens

750 3522 818 3587 in
863 3519 1080 3585 eodem
1127 3519 1343 3584 ordine
1375 3524 1582 3584 vestro
1629 3522 1934 3601 servatur,
1980 3517 2188 3584 nullus
2220 3518 2356 3584 sine
2386 3538 2693 3585 consensu
2720 3519 2977 3585 maioris
3008 3524 3073 3585 et
3098 3519 3369 3585 sanioris
3402 3520 3603 3605 partis

752 3632 1028 3695 vestrum
1075 3625 1312 3711 aliquid
1357 3626 1434 3692 de
1478 3629 1683 3691 cetero
1729 3626 2029 3691 innovare
2075 3626 2173 3691 vel
2218 3626 2551 3693 immutare
2594 3631 2935 3712 presumat.
3005 3626 3255 3692 Iri-itum
3304 3628 3497 3692 etiam
3540 3632 3605 3692 et

750 3736 939 3801 inane
983 3732 1396 3817 decernimus,
1441 3734 1496 3798 si
1541 3736 1758 3798 contra
1802 3732 2158 3798 huiusmodi
2202 3732 2733 3801 confirmationem
2766 3740 2831 3801 et
2854 3733 3291 3800 inhibitionem
3318 3740 3605 3799 nostram

753 3862 932 3908 secus
989 3841 1182 3907 fuerit
1239 3846 1699 3927 attemptatum.
1790 3838 1963 3905 Nulli
2010 3858 2155 3923 ergo
2202 3842 2455 3907 omnino
2502 3842 2823 3907 hominum
2870 3840 3061 3906 liceat
3100 3840 3263 3907 hanc
3306 3842 3602 3927 paginam

750 3953 964 4016 nostre
1008 3946 1520 4031 confirmationiS,
1565 3946 1957 4014 inhibitionis
2004 3953 2067 4013 et
2110 3948 2573 4014 constitutionis
2620 3948 2959 4032 infringere
2990 3948 3088 4014 vel
3133 3949 3191 4014 ei
3222 3968 3382 4015 ausu
3410 3955 3603 4015 teme-

750 4055 921 4123 rario
974 4056 1304 4121 contraire.
1399 4053 1466 4121 Si
1523 4055 1662 4139 quis
1721 4059 1928 4119 autem
1986 4054 2103 4121 hoc
2150 4061 2524 4142 attemptare
2570 4056 3055 4143 presumpserit,
3107 4056 3601 4139 indignationem

754 4162 1202 4249 omnipotentis
1257 4162 1361 4227 dei
1415 4167 1480 4228 et
1535 4161 1859 4228 beatorum
1904 4160 2076 4228 Petri
2124 4172 2187 4228 et
2228 4162 2409 4229 Pauli
2456 4163 2881 4249 apostolorum
2926 4164 3059 4230 eius
3104 4183 3173 4229 se
3216 4162 3467 4230 noverit
3508 4164 3603 4229 in-

754 4289 1100 4337 cursurum.
1171 4268 1407 4336 Datum
1449 4268 1748 4336 Laterani
1791 4268 1863 4335 iii
1909 4268 2034 4334 kal.
2068 4271 2301 4354 martii,
2349 4268 2746 4356 pontificatus
2790 4271 2991 4337 nostri
3036 4291 3199 4337 anno
3244 4271 3454 4338 tertio.

965 4410 1087 4461 Sine
1122 4410 1268 4461 dato:
1305 4410 1371 4471 11,
1401 4410 1500 4461 133
1511 4426 1558 4461 v.
1595 4410 1833 4476 magistro
1869 4419 1923 4461 et
1958 4412 2247 4472 conventni3
2284 4410 2347 4462 A.
2366 4410 2435 4463 20
2468 4430 2519 4462 n.
2551 4412 2651 4462 104
2685 4411 2865 4463 Latine
2898 4420 2951 4463 et
2976 4412 3275 4463 Germanice
3310 4428 3423 4464 eum
3456 4422 3602 4464 nota:

761 4508 869 4565 „est
902 4499 954 4549 in
976 4498 1248 4565 Meg-uncia
1267 4498 1348 4550 vel
1383 4500 1434 4549 in
1457 4498 1848 4565 Mergintheym,
1883 4498 2209 4551 Frankinfort
2230 4500 2311 4551 vel
2335 4500 2567 4551 Erfordia
2590 4501 2670 4552 vel
2694 4500 3030 4567 Aldinburg“;
3070 4500 3151 4566 „Is
3186 4502 3253 4553 ist
3280 4518 3369 4553 acu
3395 4502 3603 4553 Manem

753 4588 878 4641 item
911 4604 1000 4639 zcu
1023 4588 1406 4655 Mergentheym
1431 4587 1541 4639 adit
1563 4588 1902 4651 Frankinsort‚
1939 4589 2131 4639 Erffort
2155 4588 2279 4640 ader
2301 4589 2647 4656 Aldenburg“.
2702 4590 3063 4657 Apographum
3084 4590 3193 4643 fere
3218 4590 3282 4643 de
3304 4608 3441 4643 anno
3468 4590 3602 4642 1423

755 4677 902 4728 valde
939 4686 1222 4742 corruptum
1258 4685 1310 4728 et
1343 4675 1568 4727 mutilum
1590 4678 1642 4728 in
1667 4677 1768 4729 fine
1792 4695 1821 4728 e
1845 4678 2017 4729 codice
2041 4678 2077 4727 4
2112 4696 2161 4729 n.
2186 4678 2251 4729 10
2286 4678 2635 4740 bibliothecae,
2670 4696 2799 4746 quae
2827 4680 3007 4732 dicitur
3032 4680 3267 4732 Omnium
3290 4680 3603 4743 Sanctorum,

754 4765 822 4818 ad
867 4765 1044 4817 aedem
1077 4765 1356 4817 Marianam
1390 4766 1617 4816 Dantisci
1663 4774 1947 4817 asservatae
1994 4766 2074 4817 ed.
2108 4767 2201 4818 Th.
2234 4768 2419 4819 Hirsch
2464 4768 2561 4819 Die
2597 4768 3046 4836 Oberpfarrkirche
3090 4787 3190 4822 von
3226 4769 3279 4821 S.
3308 4770 3505 4821 Μετίου
3550 4771 3599 4820 in

753 4854 967 4921 Danzig.
1029 4854 1228 4921 Danzig
1266 4854 1416 4905 1843.
1472 4854 1546 4907 8⁰.
1601 4854 1651 4917 1,
1689 4854 1820 4917 211,
1867 4856 2003 4906 unde
2041 4856 2242 4921 repetiit
2272 4856 2403 4907 male
2440 4856 2727 4910 Alexandro
2754 4858 2799 4907 V
2838 4858 3275 4925 (1409-1410)
3314 4860 3601 4911 adscribens

753 4943 956 5009 Krssger
986 4942 1093 4993 Der
1127 4942 1400 4994 kirchlicbe
1435 4944 1582 4994 Ritus
1617 4944 1668 4995 in
1705 4942 1950 4995 Preul'sen
1986 4944 2223 4995 wahrend
2260 4946 2349 4996 der
2384 4946 2681 4997 Herrscbast
2715 4946 2807 4998 des
2840 4946 3131 4999 Dentschen
3154 4948 3356 4999 Ordens
3390 4950 3443 5000 in
3468 4950 3598 5001 Zeit-

756 5031 930 5084 schrist
963 5031 1047 5084 fllr
1083 5032 1166 5085 die
1202 5032 1503 5085 Geschichte
1539 5033 1642 5085 und
1677 5032 2161 5085 Alterthumskunde
2196 5034 2477 5088 Enniands·
2530 5034 2855 5102 Braunsberg
2880 5036 3033 5089 1866.
3086 5036 3189 5101 ΠΙ,
3212 5037 3335 5091 ⁷⁰4.
3374 5068 3435 5077 --
3482 5039 3601 5091 cum
