3892 5609
745 392 792 460 4
1317 416 1320 419 -
1533 404 1763 451 'mum
1809 404 2092 452 sanem.
2164 404 2493 451 annuum.
2565 404 2832 452 errans

742 561 908 627 dicto
969 567 1032 628 et
1087 561 1367 628 eiusdem
1420 562 1755 630 heredibus
1809 563 1880 629 in
1928 564 2382 651 sempiternum
2431 564 2623 647 done,
2680 563 2797 629 tali
2843 563 3095 649 quidem
3141 568 3389 646 tenore,
3450 562 3621 647 quod

739 672 943 734 totum
988 668 1146 735 illud
1175 668 1486 753 videlicet,
1535 670 1702 755 quod
1746 671 1814 736 in
1859 671 2110 757 prefata
2142 675 2315 737 terra
2343 670 2577 738 Montis
2607 670 2861 754 Regalis
2908 672 3040 737 sive
3086 670 3153 735 in
3199 674 3332 737 toto
3376 667 3619 735 honore

741 775 1020 843 eiusdem
1069 780 1177 843 aut
1221 777 1288 843 in
1334 777 1534 863 ipsius
1583 777 1989 863 pertinenciis
2033 778 2099 843 in
2132 778 2409 844 dominio
2443 778 2747 844 habebam
2784 776 2881 844 vel
2910 778 2975 843 in
3010 796 3123 864 spe
3154 776 3289 843 sive
3319 781 3619 863 expecta-

738 882 908 948 tione
953 882 1164 949 future
1209 884 1685 970 conquisitionis
1733 905 1836 950 me
1879 885 2240 953 habiturum
2292 885 2619 973 sperabam
2638 937 2655 970 ,
2720 885 2947 952 habeat
2992 890 3055 951 et
3096 884 3235 971 ipse
3280 882 3621 970 Philippus

737 988 803 1054 in
851 989 1126 1056 dominio
1174 1010 1308 1075 suc,
1366 996 1450 1075 et,
1511 988 1808 1077 quicquid
1853 991 2091 1058 ibidem
2138 992 2364 1077 aliquis
2413 993 2489 1060 de
2536 1013 2636 1058 me
2682 992 2956 1076 tenebat,
3008 992 3084 1057 ab
3129 992 3268 1077 ipso
3316 990 3619 1079 Philippo

738 1102 801 1162 et
832 1097 1112 1163 eiusdem
1142 1096 1476 1165 heredibus
1509 1098 1804 1185 deinceps
1835 1104 2067 1165 teneat.
2136 1098 2430 1166 Predicta
2466 1100 2661 1183 igitur
2693 1100 2905 1165 omnia
2935 1099 3227 1164 dominus
3257 1098 3618 1185 Philippus,

738 1203 814 1269 de
857 1225 981 1289 quo
1026 1204 1130 1271 hic
1175 1206 1402 1290 agitur,
1452 1210 1516 1271 01
1560 1206 1761 1292 ipsius
1805 1205 2068 1272 heredes
2113 1205 2330 1291 libere,
2379 1207 2587 1290 quiete
2634 1211 2697 1273 et
2731 1208 2867 1272 sine
2904 1206 3075 1271 omni
3122 1205 3483 1293 calumpnia
3512 1206 3620 1272 vel

733 1310 1186 1399 impedimento
1232 1312 1300 1378 in
1345 1316 1671 1399 posterum
1714 1312 1989 1380 habeant
2044 1318 2108 1378 et
2161 1313 2299 1380 iure
2351 1313 2728 1407 hereditario
2776 1315 2843 1379 111
2890 1318 3177 1379 eternum
3220 1312 3615 1399 possideant,

724 1418 910 1485 salvo
969 1424 1184 1486 tamen
1227 1420 1398 1503 regie
1443 1420 1765 1486 maiestati
1809 1420 2110 1502 servici0,
2170 1408 2338 1505 quod
2394 1440 2473 1487 ex
2518 1420 2754 1487 honore
2810 1426 2873 1486 et
2930 1440 3045 1505 pro
3091 1420 3329 1486 honore
3372 1418 3615 1486 Montis

732 1524 986 1609 Regalis
1031 1526 1167 1593 fieri
1212 1527 1541 1610 condecet,
1603 1531 1667 1593 et
1711 1527 1902 1594 salvis
1957 1527 2155 1593 eciam
2200 1525 2501 1594 Beduinis
2548 1528 2706 1593 meis
2747 1526 3078 1610 omnibus,
3136 1527 3246 1611 qui
3300 1526 3378 1593 de
3434 1534 3617 1593 terra

731 1630 964 1699 Montis
996 1633 1249 1717 Regalis
1297 1633 1431 1699 nati
1477 1654 1606 1700 non
1652 1640 1818 1720 sunt,
1867 1634 2181 1718 salvisque
2226 1634 2383 1699 mihi
2430 1634 2719 1700 omnibus
2756 1634 3106 1718 caravaniS,
3157 1638 3463 1719 quotquot
3505 1634 3614 1700 vel

733 1758 1097 1826 quecunque
1144 1740 1221 1808 de
1264 1740 1552 1826 partibus
1582 1741 1971 1809 Alexandrie
2018 1746 2081 1807 et
2124 1741 2327 1807 tocius
2373 1740 2611 1827 Egypti
2656 1747 2986 1809 transeunt
3030 1742 3095 1807 in
3136 1740 3416 1811 Baldaeh
3462 1746 3527 1807 et
3576 1763 3613 1808 e

731 1866 1062 1932 converso,
1110 1868 1230 1933 que
1277 1847 1399 1914 duo
1445 1848 1599 1914 mihi
1645 1850 1907 1916 retineo.
1980 1847 2116 1914 Hoc
2160 1848 2355 1914 eciam
2404 1848 2525 1913 fuit
2567 1848 2635 1914 in
2680 1849 2913 1934 pactis,
2972 1848 3158 1932 quod,
3215 1849 3270 1914 si
3324 1868 3611 1933 unquam

641 2034 662 2053 ⁹
730 1954 798 2019 in
842 1954 1122 2021 futurum
1173 1954 1385 2039 aliqua
1429 1956 1792 2041 calumpnia
1850 1976 1967 2041 pro
2026 1975 2175 2041 sepe
2222 1954 2387 2021 (11010
2433 1954 2667 2022 Montis
2712 1954 2965 2039 Regalis
3009 1956 3246 2021 honore
3298 1976 3405 2021 ex-
3424 1960 3610 2041 parte

730 2060 944 2147 aliqua
988 2064 1336 2147 emerserit,
1393 2082 1506 2146 ego
1555 2067 1619 2129 01
1663 2080 2054 2129 successores
2100 2061 2228 2127 mei
2275 2061 2527 2128 domino
2572 2061 2866 2148 Philippo
2914 2068 2980 2129 et
3020 2062 3221 2148 ipsius
3266 2062 3609 2129 heredibus

727 2188 898 2235 nune
942 2174 1005 2235 et
1048 2190 1248 2256 usque
1292 2169 1360 2235 in
1408 2170 1861 2257 sempiternum
1909 2168 2337 2254 calumpniam
2382 2168 2593 2252 illam,
2652 2189 3020 2254 quecunque
3063 2169 3286 2252 fuerit,
3344 2170 3608 2253 adquie-

727 2280 884 2359 tare,
933 2276 1155 2342 sedare
1201 2277 1453 2343 omnino
1499 2295 1883 2363 prorsusque
1913 2274 2133 2342 tollere
2166 2296 2245 2341 ex
2272 2276 2417 2362 ipsa
2448 2276 2857 2343 conventione
2890 2276 3206 2342 debemus.
3278 2275 3421 2362 Ipse
3454 2296 3605 2342 vero

729 2380 1021 2448 dominus
1065 2382 1398 2470 Philippus
1453 2403 1754 2449 concessu
1800 2382 2054 2448 domine
2098 2382 2431 2449 Helizabet
2476 2383 2691 2448 uxoris
2740 2404 2853 2449 sue
2908 2388 2973 2449 et
3016 2383 3296 2449 Rainerii
3342 2382 3456 2448 filii
3502 2384 3605 2449 sui

729 2494 793 2555 et
836 2486 1110 2555 filiarum
1157 2509 1412 2555 suarum
1461 2490 1742 2556 omnium
1795 2510 2041 2556 necnon
2088 2494 2151 2555 et
2197 2488 2595 2555 concessione
2638 2489 2909 2555 fratrum
2956 2510 3249 2573 suorum,
3294 2488 3605 2556 Guidonis

725 2594 1115 2679 Francigene
1159 2596 1453 2663 videlicet
1509 2603 1572 2664 et
1613 2596 1874 2664 Henrici
1919 2595 2175 2679 Bubali,
2236 2595 2641 2682 omniumque
2700 2616 2955 2662 suorum
3013 2602 3349 2683 parentum
3408 2596 3607 2661 donat

725 2702 883 2769 mihi
926 2703 994 2768 in
1039 2703 1403 2770 concambio
1449 2701 1682 2771 Montis
1725 2702 1978 2787 Regalis
2038 2707 2243 2769 totum
2302 2702 2556 2769 feodum
2614 2701 2803 2786 illud,
2862 2703 3029 2788 quod
3086 2705 3144 2769 ei
3198 2703 3517 2789 quondam
3564 2725 3603 2769 a

727 2809 980 2875 domino
1026 2809 1318 2876 Rohardo
1377 2815 1441 2878 et
1487 2832 1524 2877 a
1569 2809 1826 2877 domina
1869 2808 2048 2877 Gisla
2094 2830 2289 2875 uxore
2337 2809 2507 2876 illius
2554 2808 2923 2894 obvenerat,
2984 2830 3059 2875 ea
3102 2810 3395 2875 videlicet
3437 2810 3601 2877 inte-

725 2916 976 3002 gritate,
1025 2937 1150 3003 qua
1193 2917 1330 3004 ipse
1374 2916 1702 2984 Rohardus
1749 2923 1814 2984 et
1857 2918 1988 2983 iam
2035 2916 2203 2983 dicta
2248 2916 2527 2983 eiusdem
2574 2937 2734 2982 uxor
2768 2915 2943 2983 Gisla
2985 2917 3239 2983 feodum
3283 2915 3442 2983 illud
3488 2936 3601 2981 an-

725 3044 878 3090 num
924 3029 988 3091 et
1033 3024 1198 3091 diem
1245 3029 1583 3091 tenuerunt
1629 3030 1692 3090 et
1734 3023 2111 3106 habuerunt,
2159 3028 2423 3109 excepto
2460 3028 2673 3090 tamen
2706 3024 2898 3090 casali
2932 3024 3201 3109 quodam
3234 3020 3598 3089 Adelemia⁸

723 3131 978 3197 nomine
1023 3150 1166 3198 cum
1214 3132 1503 3198 omnibus
1548 3132 1955 3217 pertinenciis
2001 3131 2132 3196 suis
2190 3134 2255 3197 et
2312 3136 2572 3216 excepto
2630 3130 2927 3215 quicquid
2982 3129 3253 3198 habebat
3304 3132 3370 3197 in
3418 3130 3599 3197 Mon-

723 3240 890 3304 tanis
937 3239 1174 3324 Bassis,
1227 3259 1344 3324 que
1392 3237 1514 3305 sibi
1559 3238 1800 3305 scilicet
1845 3242 1909 3303 et
1953 3237 2288 3304 heredibus
2340 3238 2471 3303 suis
2517 3238 2587 3302 in
2630 3243 3004 3324 perpetuum
3054 3238 3334 3304 retinuit.
3406 3237 3601 3304 Dedit

723 3346 985 3432 insuper
1041 3350 1105 3412 et
1159 3345 1314 3411 mihi
1367 3344 1622 3411 feodum
1668 3345 1867 3430 patris
1913 3346 2013 3410 sui
2060 3344 2366 3411 Guidonis
2412 3344 2655 3410 scilicet
2699 3344 2775 3411 de
2820 3342 2971 3410 Mile
3017 3364 3092 3410 ea
3136 3346 3385 3430 quidem
3434 3345 3598 3411 inte-

722 3452 972 3535 gritate,
1022 3473 1146 3537 qua
1189 3452 1328 3539 ipse
1359 3450 1564 3519 Guido
1597 3451 1676 3518 de
1705 3450 1856 3518 Mile
1901 3456 1967 3517 et
1998 3452 2289 3519 dominus
2321 3450 2653 3537 Philippus
2683 3450 2849 3516 filius
2895 3450 3095 3537 ipsius
3140 3450 3296 3517 illud
3340 3451 3596 3517 feodum

724 3559 892 3625 diem
952 3565 1018 3625 et
1074 3580 1308 3625 annum
1369 3564 1707 3626 tenuerunt
1761 3564 1826 3625 et
1880 3557 2254 3625 habuerunt.
2334 3558 2531 3624 Dedit
2584 3562 2647 3624 et
2702 3557 2840 3643 ipse
2896 3558 3217 3643 predictus
3262 3556 3596 3645 Philippus

721 3664 877 3731 mihi
923 3665 1176 3732 feodum
1207 3665 1515 3733 Guidonis
1545 3665 1956 3751 Francigene,
2005 3665 2173 3752 quod
2218 3665 2509 3731 videlicet
2552 3664 2620 3730 in
2658 3652 2979 3731 'montanis
3022 3664 3455 3753 Neapolitanis
3502 3670 3595 3733 te·

722 3773 864 3838 nuit
903 3773 1084 3861 prius
1132 3771 1210 3839 de
1257 3773 1510 3839 domino
1544 3771 1836 3839 Rohardo
1886 3778 1951 3839 et
1994 3773 2399 3861 postmodum
2446 3771 2523 3837 de
2568 3770 2821 3838 domino
2850 3770 3146 3859 Philippo
3174 3771 3594 3858 Neapolitano

720 3878 917 3945 fratre
975 3900 1119 3965 suo,
1183 3880 1277 3945 ita
1333 3879 1499 3965 quod
1557 3881 1782 3946 amodo
1831 3878 2036 3946 Guido
2082 3879 2477 3963 Francigena
2528 3878 2687 3945 illud
2744 3900 2823 3945 ex
2874 3900 2977 3946 me
3022 3884 3236 3945 teneat
3278 3880 3595 3965 michique

675 3981 684 3987 ’
721 3987 1054 4053 servicium
1104 3986 1316 4053 faciat.
1387 3986 1580 4053 Dedit
1625 3988 1823 4053 eciam
1870 3987 2029 4054 mihi
2059 3987 2391 4074 Philippus
2435 3986 2564 4053 iam
2610 3986 2847 4065 tociens
2888 3985 3092 4052 dietus
3135 3986 3387 4053 feodum
3422 3986 3595 4055 Hen-

719 4093 838 4160 rici
865 4091 1114 4176 Bubali,
1158 4093 1376 4159 fratris
1423 4093 1735 4180 siquidem
1781 4094 1900 4177 sui,
1950 4115 2022 4161 eo
2070 4094 2325 4179 quidem
2369 4097 2605 4183 tenore,
2654 4113 2775 4177 quo
2819 4092 2959 4179 ipse
3002 4091 3313 4160 Henricus
3360 4094 3439 4161 de
3485 4094 3593 4159 do-

718 4200 891 4273 mino
937 4198 1231 4286 Philippo
1288 4200 1448 4266 illud
1504 4200 1759 4267 tenebat
1814 4206 1878 4268 et
1935 4201 2271 4267 servicium
2329 4199 2424 4267 illi
2478 4200 2768 4267 faciebat.
2851 4199 3045 4265 Dedit
3095 4200 3252 4265 mihi
3304 4206 3595 4286 preterea

717 4306 971 4373 feodum
1021 4305 1308 4373 Gaufridi
1355 4306 1561 4393 Torti,
1615 4308 1710 4373 ita
1753 4307 2047 4375 videlicet
2092 4308 2287 4394 quod,
2345 4309 2509 4374 sicut
2555 4306 2893 4374 Gaufridus
2941 4306 3167 4372 Tortus
3213 4307 3369 4373 illud
3414 4309 3593 4395 prius

721 4434 759 4479 a
789 4413 1042 4480 domino
1074 4413 1367 4501 Philippo
1413 4413 1687 4498 tenebat,
1735 4414 1826 4480 sic
1856 4414 2151 4502 deinceps
2196 4414 2353 4482 illud
2400 4436 2481 4481 ex
2524 4434 2627 4481 me
2670 4417 2884 4480 teneat
2929 4414 3209 4500 mihique
3256 4414 3592 4482 servicium

715 4520 928 4587 faciat.
1009 4520 1204 4587 Dedit
1249 4541 1498 4607 quoque
1543 4526 1608 4589 et
1650 4520 1978 4588 Maronem
2025 4522 2181 4586 mihi
2236 4526 2299 4588 et
2342 4527 2543 4588 totum
2594 4520 2793 4587 eciam
2838 4518 3028 4605 illud,
3086 4520 3253 4606 quod
3298 4522 3367 4587 in
3412 4543 3594 4589 mon-

717 4626 884 4693 tanis
931 4626 1085 4714 Tyri
1141 4634 1205 4694 et
1249 4629 1482 4699 Toroni
1539 4629 1604 4694 in
1663 4627 1938 4695 dominio
1996 4626 2388 4697 habebat,et
2447 4627 2744 4713 quicquid
2801 4625 2961 4693 alius
3020 4626 3255 4694 ibidem
3318 4650 3397 4695 ex
3451 4630 3591 4717 ipso

715 4735 990 4819 tenebat,
1039 4734 1154 4801 tali
1199 4736 1414 4819 utique
1459 4735 1666 4818 mode,
1717 4735 1883 4820 quod
1915 4736 2263 4801 dominium
2297 4736 2501 4821 ipsius
2532 4734 2812 4820 Philippi
2856 4735 2925 4799 in
2970 4755 3108 4800 meo
3156 4734 3433 4803 dominio
3480 4737 3593 4803 ha-

715 4840 902 4907 beam
947 4847 1030 4924 et,
1081 4843 1377 4927 quicquid
1425 4842 1584 4908 alius
1633 4862 1710 4907 ex
1756 4842 1897 4927 ipso
1945 4842 2217 4925 tenebat,
2268 4842 2563 4928 deinceps
2596 4862 2674 4906 ex
2708 4862 2811 4907 me
2856 4847 3069 4907 teneat
3114 4848 3179 4908 et
3222 4844 3413 4909 michi
3462 4865 3592 4911 ser-

715 4948 948 5013 vicium
994 4948 1202 5014 faciat.
1275 4948 1362 5013 Ut
1404 4949 1599 5032 igitur
1643 4947 1762 5014 hoc
1795 4949 2231 5015 concambium
2262 4970 2336 5016 00
2368 4949 2588 5033 1110110,
2638 4968 2759 5034 quo
2806 4949 2873 5014 iu
2919 4950 3349 5035 superioribus
3394 4952 3591 5017 seria-

715 5055 831 5121 tim
889 5061 1252 5122 enarratum
1311 5060 1376 5123 et
1429 5076 1798 5143 expressum
1859 5062 1989 5140 est,
2050 5076 2293 5123 necnon
2350 5055 2803 5123 convenciones
2850 5056 3167 5143 utrimque
3212 5057 3473 5124 consilio
3530 5063 3593 5127 et
