3892 5609
727 289 881 362 428
1423 340 1430 346 .
1706 299 2129 350 PONTII-'Icum
2174 299 2617 350 nomuontm

725 457 909 510 riensis
946 476 996 525 p.
1015 456 1084 534 67
1095 477 1110 509 2
1153 457 1468 524 „Bonifacius
1505 475 1640 526 papa
1665 459 1786 510 VIII
1821 459 1989 512 omnia
2023 459 2133 512 iura
2168 469 2221 511 et
2256 458 2517 526 privilegia
2553 457 2903 511 cruciferorum
2940 458 3199 512 confirma-t
3221 459 3417 511 Romae
3450 459 3607 526 apud

693 553 702 564 ’
726 566 766 599 s.
791 548 996 599 Petrum
1021 565 1152 600 anno
1182 547 1368 600 12962.
1426 549 1490 599 A.
1514 547 1577 598 16
1613 564 1664 615 Ρ.
1683 547 1752 599 57
1783 547 2034 613 „Baruli“.
2090 548 2151 600 In
2175 556 2478 601 transsumto
2506 547 2643 600 1346
2674 547 2811 601 facto
2836 549 2899 600 A.
2923 548 2990 600 16
3024 565 3075 616 p.
3099 547 3160 599 11
3194 548 3603 613 „venetiis“.-

727 637 850 688 Cum
885 637 1030 689 dato:
1067 637 1232 689 Beate
1267 637 1413 688 nonis
1450 636 1732 688 novembris
1769 655 1814 687 a.
1833 635 1869 686 4
1908 636 2172 703 „Colonie“
2212 639 2279 690 A.
2301 638 2367 689 16
2400 655 2453 705 Ρ.
2474 636 2559 688 76.

649 953 662 960 -
729 886 904 958 670.
945 889 1124 958 1296
1171 887 1504 974 februarii
1555 891 1600 956 9
1661 889 1902 954 Romae
1959 890 2136 976 apud
2188 912 2237 953 s.
2282 891 2560 955 Petrum.
2650 888 3030 974 Bonifacius
3082 887 3256 968 VIII
3304 890 3601 954 ordinem

956 995 1018 1062 Τ
1012 997 1402 1088 heutonicum
1457 999 1673 1062 eoeimit
1715 1021 1756 1060 a
1801 997 2041 1060 decima
2083 999 2471 1082 praestanda
2508 1019 2629 1084 per
2676 997 2906 1061 clerum
2948 1019 3069 1082 pro
3114 999 3364 1083 negotio
3406 999 3603 1082 requi

951 1103 1214 1170 Siciliae
1253 1125 1370 1190 per
1415 1100 1708 1169 Carolum
1749 1124 1956 1190 reqem
1997 1105 2438 1188 promovendo.

945 1243 1302 1311 Bonifacius
1357 1245 1687 1332 episcopus
1744 1265 1961 1310 servus
2008 1263 2330 1310 servorum
2378 1244 2480 1310 dei
2524 1243 2767 1310 dilectis
2808 1241 2956 1309 filiis
3001 1245 3305 1328 magistro
3352 1249 3419 1311 et
3460 1245 3593 1312 fra·

723 1351 926 1418 tribus
991 1352 1213 1419 domus
1279 1351 1610 1438 hospitalis
1675 1373 1727 1419 s.
1795 1350 1995 1417 Maris
2056 1351 2579 1417 Theutenicorum
2636 1349 3118 1417 lerosolimitani
3180 1351 3453 1419 salutem
3528 1357 3599 1420 et

726 1459 1132 1546 apostolicam
1190 1443 1703 1525 benedictionem.
1958 1457 2121 1523 Dum
2170 1465 2431 1545 paterne
2475 1457 2989 1524 considerationis
3033 1459 3333 1542 indagine
3376 1459 3593 1546 perlu-

725 1571 998 1633 stramus
1027 1567 1246 1650 gravia
1273 1584 1684 1652 personarum
1715 1565 2098 1648 discrimina,
2144 1565 2419 1631 iacturas
2448 1566 2811 1630 innumeras
2840 1571 2906 1631 et
2942 1565 3317 1632 multimoda
3358 1563 3591 1632 damna

723 1693 956 1757 rerum,
1003 1693 1124 1759 que
1168 1673 1402 1739 dudum
1447 1674 1513 1739 in
1559 1672 1813 1740 civitate
1841 1671 2191 1738 Acconensi
2240 1671 2578 1739 miserabili
2612 1673 2921 1760 plenaque
2946 1671 3264 1739 doloribus
3296 1674 3591 1760 captione

725 1779 959 1848 Christi
988 1785 1437 1868 prosequentes
1469 1779 1766 1864 obsequia
1797 1778 2168 1865 pertulistiS,
2213 1780 2362 1845 dum
2395 1781 2580 1846 etiam
2615 1780 3031 1863 recogitamus
3066 1780 3389 1864 attentius,
3420 1780 3589 1865 quod

721 1907 834 1954 vos
864 1907 980 1973 pro
1025 1887 1380 1955 defensione
1429 1907 1502 1954 ac
1547 1886 1928 1953 exaltatione
1970 1885 2117 1952 fidei
2162 1887 2507 1953 orthodoxe
2550 1888 2617 1953 in
2661 1885 2922 1953 Livonie
2970 1905 3043 1952 ac
3084 1885 3345 1954 Pruscie
3388 1888 3589 1974 parti-

720 1993 836 2060 bus
891 2015 1031 2061 cum
1087 1995 1360 2062 inimicis
1405 1994 1729 2060 christiani
1775 1993 2048 2059 nominis
2093 1993 2161 2058 in
2205 1994 2491 2079 partibus
2535 1994 2693 2080 ipsis
2740 1993 3107 2076 degentibus
3152 1995 3589 2061 constantibus

722 2101 950 2167 animis
1008 2123 1136 2169 non
1203 2101 1338 2168 sine
1395 2100 1591 2166 multo
1649 2120 2059 2186 personarum
2128 2101 2403 2185 periculo
2460 2108 2527 2168 et
2580 2101 2915 2188 multiplici
2972 2101 3279 2167 bonorum
3331 2101 3590 2188 dispen-

721 2207 826 2274 dio
853 2208 1243 2292 dimicanteS,
1288 2209 1506 2291 gravia
1535 2208 1798 2293 proinde
1827 2207 2039 2274 subire
2084 2213 2331 2293 oportet
2373 2226 2564 2274 onera
2609 2228 3059 2294 expensarum3
3104 2208 3359 2291 dignum
3402 2207 3589 2273 duxi-

719 2335 860 2382 mus
929 2322 994 2382 et
1057 2316 1285 2382 rationi
1343 2332 1681 2380 consonum
1743 2313 2151 2398 arbitramur,
2222 2321 2292 2380 ut
2346 2315 2521 2381 vobis
2577 2315 2982 2399 benignitatis
3038 2319 3103 2381 et
3156 2313 3588 2382 munificentie

722 2422 1060 2510 apostolice
1112 2423 1368 2490 ianuam
1423 2429 1776 2488 reserantes
1822 2440 1932 2486 vos
1981 2427 2044 2487 et
2088 2420 2341 2488 domum
2386 2428 2661 2488 vestram
2712 2425 3114 2508 prerogativa
3154 2422 3449 2508 specialis
3490 2423 3585 2489 fa-

718 2511 893 2596 voris¹
929 2535 994 2596 et
1034 2530 1236 2613 gratie
1279 2529 1575 2614 prosequi
1621 2529 2002 2596 studeamus,
2072 2527 2369 2596 Volentes
2411 2530 2608 2613 igitur
2650 2529 2829 2596 vobis
2874 2530 3223 2596 devotionis
3270 2529 3583 2614 affectum,

721 2657 906 2722 quem
937 2657 1087 2720 erga
1115 2657 1226 2703 vos
1261 2636 1556 2720 gerimus,
1603 2635 1930 2702 ostendere
1977 2655 2089 2722 per
2134 2635 2423 2704 effectum
2470 2643 2535 2702 et
2580 2637 2661 2704 ad
2705 2643 2979 2704 vestram
3026 2637 3317 2722 dicteque
3361 2637 3585 2704 domus

613 2740 620 2748 ’
718 2744 1161 2810 relevationem
1221 2743 1522 2810 benivolis
1579 2743 1802 2809 studiis
1847 2743 2243 2810 intendentes
2288 2764 2401 2810 vos
2447 2747 2511 2810 et
2554 2745 2807 2810 domum
2855 2743 3061 2831 ipsam
3108 2763 3183 2810 ac
3224 2743 3582 2831 hospitalia,

720 2837 972 2934 domos,
1027 2851 1310 2917 membra
1364 2855 1428 2916 et
1481 2849 1618 2915 loca
1673 2849 1794 2916 sibi
1851 2850 2132 2918 subiecta
2190 2871 2229 2917 a
2286 2851 2671 2938 prestatione
2726 2851 2966 2917 decime
3020 2849 3581 2918 ecclesiasticorum

717 2963 1156 3048 proventuum,
1210 2977 1398 3043 quam
1445 2957 1767 3024 carissimo
1814 2958 1880 3022 in
1912 2956 2162 3024 Christo
2206 2957 2335 3024 filio
2380 2963 2597 3024 nostro
2644 2955 2869 3024 Carolo
2911 2957 3050 3040 regi
3094 2956 3311 3024 Sicilie
3355 2958 3581 3025 illustri

721 3066 801 3132 ad
830 3063 1332 3154 prosequendum
1379 3065 1700 3147 negotium
1743 3065 1922 3148 regni
1954 3063 2167 3130 Sicilie
2213 3065 2507 3131 duximus
2552 3065 3032 3148 concedendam,
3080 3064 3156 3130 de
3200 3065 3411 3148 gratia
3454 3067 3583 3132 exi-

719 3173 952 3238 mimus
1009 3171 1299 3259 speciali,
1356 3171 1532 3238 vobis
1577 3171 2018 3237 nichilominus
2076 3172 2501 3256 indulgentes,
2559 3178 2631 3238 ut
2672 3191 3067 3257 nequaquam
3112 3173 3456 3238 teneamini
3506 3173 3581 3238 ad

719 3280 1170 3374 prestationem
1227 3279 1466 3345 decime
1519 3279 1906 3365 supradicte,
1964 3298 2089 3343 non
2136 3277 2454 3362 obstante,
2511 3279 2678 3365 quod
2721 3280 2787 3346 in
2832 3278 3061 3346 litteris
3106 3299 3297 3366 super
3342 3278 3579 3346 decima

720 3386 863 3473 ipsa
917 3389 1226 3453 concessis
1284 3387 1361 3452 de
1407 3386 1623 3452 ordine
1679 3405 1790 3451 seu
1847 3385 2134 3454 domibus
2177 3387 2403 3452 vestris
2452 3387 2715 3454 habetur
2760 3387 2993 3453 mentio
3038 3385 3349 3472 specialis.
3430 3385 3577 3452 Uni·

719 3513 934 3560 versae
993 3513 1236 3578 quoque
1289 3493 1981 3576 excommunicationis,
2038 3493 2464 3580 suspensionis
2512 3499 2577 3560 et
2616 3493 2935 3562 interdicti
2978 3493 3323 3560 sententias
3366 3499 3579 3560 contra

719 3600 904 3667 huius
967 3600 1350 3667 executionis
1412 3607 1476 3666 et
1531 3601 1949 3666 concessionis
2016 3607 2229 3666 nostre
2292 3605 2575 3667 tenorem
2642 3601 2711 3666 in
2768 3621 2881 3667 vos
2936 3606 3001 3667 et
3056 3601 3311 3666 domum
3376 3601 3571 3687 ipsam

720 3707 997 3793 prolatas
1051 3714 1114 3774 et
1157 3728 1312 3793 quas
1355 3708 1422 3773 in
1467 3713 1788 3794 posterum
1833 3707 2218 3794 promulgari
2264 3708 2627 3792 contigerit,
2683 3707 2896 3775 irritas
2941 3707 3333 3774 decernimus
3380 3713 3446 3775 et
3483 3709 3575 3773 in-

723 3835 872 3880 anes
904 3835 978 3880 ac
1007 3813 1240 3880 nullius
1269 3835 1526 3900 prorsus
1559 3815 1829 3880 existere
1857 3813 2193 3880 firmitatis.
2260 3813 2435 3880 Nulli
2478 3833 2624 3898 ergo
2672 3820 2789 3881 etc.
2860 3814 2929 3881 Si
2974 3814 3115 3900 quis
3160 3821 3276 3879 etc.
3345 3813 3577 3880 Datum

663 3965 668 3977 ·
719 3921 914 3989 Rome
947 3921 1114 4009 apud
1154 3927 1440 3988 sanctum
1468 3920 1724 3988 Petrum
1773 3942 1810 3986 v
1856 3922 1997 3988 idus
2037 3921 2341 3987 februarii
2386 3919 2787 4007 pontificatus
2830 3923 3031 3988 nostri
3076 3941 3241 3987 anno
3288 3921 3573 3987 secundo.

931 4059 976 4114 Ε
1011 4062 1230 4129 copim-io
1264 4063 1330 4114 A.
1363 4061 1458 4123 16,
1493 4062 1579 4113 ubi
1613 4079 1664 4128 p.
1695 4063 1758 4113 13
1796 4072 1849 4114 et
1881 4061 1952 4142 §7
1986 4062 2199 4128 legitur,
2246 4061 2433 4112 archivi
2468 4061 2824 4127 Regimontani
2872 4063 2953 4114 ed.
2988 4063 3041 4114 in
3074 4061 3201 4114 Livl.
3226 4061 3291 4114 U.
3314 4061 3375 4114 B.
3400 4063 3453 4123 1,
3476 4062 3577 4115 ⁷03

717 4169 770 4202 n.
793 4151 916 4202 562.
971 4151 1030 4202 In
1066 4150 1245 4204 eodem
1282 4151 1480 4202 archivo
1517 4161 1658 4202 extat
1691 4151 1844 4202 etiam
1865 4150 2137 4218 exemplar,
2176 4151 2225 4201 d.
2252 4151 2302 4202 d.
2326 4150 2579 4212 Panormi,
2622 4149 2755 4201 1487
2782 4152 2939 4203 octbr.
2963 4153 2997 4203 5
3033 4151 3101 4202 ad
3122 4151 3415 4203 instantiam
3434 4151 3575 4202 Hen-

719 4239 827 4300 rici,
865 4239 1204 4306 praeceptoris
1241 4239 1417 4290 domus
1452 4239 1726 4292 mansionis
1762 4240 1965 4302 ibidem,
2000 4257 2093 4306 per
2128 4240 2435 4291 Armannum
2472 4239 2537 4290 de
2571 4237 2783 4301 Munda,
2817 4239 3032 4292 iudicem
3066 4241 3211 4307 regni
3246 4249 3301 4290 et
3334 4239 3575 4291 notarium

719 4328 914 4394 regium
949 4337 1002 4380 et
1037 4327 1528 4395 archiepiscopalem,
1563 4328 1750 4380 factum
1786 4335 1840 4378 et
1871 4329 2223 4395 subscriptum.

728 4576 902 4647 671.
945 4580 1122 4647 1298
1161 4579 1376 4645 novbr.
1401 4581 1446 4645 5
1477 4579 1691 4646 Reate.
1761 4579 2141 4664 Bonifaciue
2175 4579 2352 4645 VIII
2379 4583 2603 4668 repetit
2628 4605 2692 4645 π.
2718 4581 2851 4647 669
2883 4581 2960 4646 de
2988 4581 3165 4648 1296
3192 4584 3445 4647 i‘cznuar.
3470 4583 3571 4648 16.

941 4719 1299 4788 Bonifaoius
1357 4728 1474 4788 etc.
1701 4717 1875 4786 Solet
1930 4741 2205 4789 annuere
2258 4727 2374 4788 etc.
2455 4720 2691 4790 Datum
2735 4721 2929 4790 Reate
2984 4723 3165 4788 nonis
3221 4722 3575 4789 novembris

720 4827 1118 4916 pontificatus
1166 4829 1369 4895 nostri
1413 4847 1576 4895 anno
1621 4833 1863 4915 quarto.

2122 4955 2467 4966 ——-——-——
