<?xml version="1.0" encoding="UTF-8"?>
<!DOCTYPE html PUBLIC "-//W3C//DTD XHTML 1.0 Transitional//EN"
    "http://www.w3.org/TR/xhtml1/DTD/xhtml1-transitional.dtd">
<html xmlns="http://www.w3.org/1999/xhtml" xml:lang="en" lang="en">
 <head>
  <title>
</title>
<meta http-equiv="Content-Type" content="text/html;charset=utf-8" />
  <meta name='ocr-system' content='tesseract 3.04.00' />
  <meta name='ocr-capabilities' content='ocr_page ocr_carea ocr_par ocr_line ocrx_word'/>
</head>
<body>
  <div class='ocr_page' id='page_1' title='image "./tabulaeordinist00stregoog_0408.png"; bbox 0 0 3892 5609; ppageno 0'>
   <div class='ocr_carea' id='block_1_1' title="bbox 709 258 2594 329">
    <p class='ocr_par' dir='ltr' id='par_1_1' title="bbox 709 258 2594 329">
     <span class='ocr_line' id='line_1_1' title="bbox 709 258 2594 329; baseline -0.008 0"><span class='ocrx_word' id='word_1_1' title='bbox 709 258 858 329; x_wconf 81' lang='lat'><strong>392</strong></span> <span class='ocrx_word' id='word_1_2' title='bbox 1685 265 2109 315; x_wconf 69' lang='lat' dir='ltr'><strong>Ponnmcmu</strong></span> <span class='ocrx_word' id='word_1_3' title='bbox 2151 262 2594 313; x_wconf 59' lang='lat' dir='ltr'><strong>nouinontm</strong></span> 
     </span>
    </p>
   </div>
   <div class='ocr_carea' id='block_1_2' title="bbox 703 424 3573 1265">
    <p class='ocr_par' dir='ltr' id='par_1_2' title="bbox 703 424 3573 1265">
     <span class='ocr_line' id='line_1_2' title="bbox 707 424 3573 511; baseline -0.003 -16"><span class='ocrx_word' id='word_1_4' title='bbox 707 428 910 496; x_wconf 86' lang='lat' dir='ltr'><strong>officio</strong></span> <span class='ocrx_word' id='word_1_5' title='bbox 968 427 1069 494; x_wconf 87' lang='lat' dir='ltr'><strong>vel</strong></span> <span class='ocrx_word' id='word_1_6' title='bbox 1125 426 1336 493; x_wconf 87' lang='lat' dir='ltr'><strong>baliva</strong></span> <span class='ocrx_word' id='word_1_7' title='bbox 1390 445 1502 492; x_wconf 90' lang='lat' dir='ltr'><strong>seu</strong></span> <span class='ocrx_word' id='word_1_8' title='bbox 1559 424 1744 491; x_wconf 89' lang='lat' dir='ltr'><strong>domo</strong></span> <span class='ocrx_word' id='word_1_9' title='bbox 1803 432 1911 491; x_wconf 88' lang='lat' dir='ltr'><strong>aut</strong></span> <span class='ocrx_word' id='word_1_10' title='bbox 1954 424 2033 492; x_wconf 92' lang='lat' dir='ltr'><strong>de</strong></span> <span class='ocrx_word' id='word_1_11' title='bbox 2079 424 2571 511; x_wconf 87' lang='lat' dir='ltr'><strong>quibuscumque</strong></span> <span class='ocrx_word' id='word_1_12' title='bbox 2614 424 2795 493; x_wconf 87' lang='lat' dir='ltr'><strong>bonis</strong></span> <span class='ocrx_word' id='word_1_13' title='bbox 2840 424 3117 491; x_wconf 85' lang='lat' dir='ltr'><strong>eiusdem</strong></span> <span class='ocrx_word' id='word_1_14' title='bbox 3164 424 3407 491; x_wconf 77' lang='lat' dir='ltr'>ordinis</span> <span class='ocrx_word' id='word_1_15' title='bbox 3457 442 3573 509; x_wconf 77' lang='lat' dir='ltr'><strong>per</strong></span> 
     </span>
     <span class='ocr_line' id='line_1_3' title="bbox 703 529 3571 620; baseline -0.003 -16"><span class='ocrx_word' id='word_1_16' title='bbox 703 536 950 604; x_wconf 82' lang='lat' dir='ltr'><strong>litteras</strong></span> <span class='ocrx_word' id='word_1_17' title='bbox 995 534 1161 601; x_wconf 89' lang='lat' dir='ltr'><strong>sedis</strong></span> <span class='ocrx_word' id='word_1_18' title='bbox 1201 533 1539 620; x_wconf 88' lang='lat' dir='ltr'><strong>apostolice</strong></span> <span class='ocrx_word' id='word_1_19' title='bbox 1572 553 1682 599; x_wconf 87' lang='lat' dir='ltr'><strong>seu</strong></span> <span class='ocrx_word' id='word_1_20' title='bbox 1716 534 2065 617; x_wconf 86' lang='lat' dir='ltr'><strong>legatorum</strong></span> <span class='ocrx_word' id='word_1_21' title='bbox 2098 534 2230 599; x_wconf 89' lang='lat' dir='ltr'><strong>eius</strong></span> <span class='ocrx_word' id='word_1_22' title='bbox 2260 533 2629 618; x_wconf 81' lang='lat' dir='ltr'><strong>impetratas</strong></span> <span class='ocrx_word' id='word_1_23' title='bbox 2660 533 2760 599; x_wconf 84' lang='lat' dir='ltr'><strong>vel</strong></span> <span class='ocrx_word' id='word_1_24' title='bbox 2790 533 2867 599; x_wconf 90' lang='lat' dir='ltr'><strong>de</strong></span> <span class='ocrx_word' id='word_1_25' title='bbox 2896 540 3104 600; x_wconf 87' lang='lat' dir='ltr'><strong>cetero</strong></span> <span class='ocrx_word' id='word_1_26' title='bbox 3132 529 3571 618; x_wconf 75' lang='lat' dir='ltr'><strong>impetrandas</strong></span> 
     </span>
     <span class='ocr_line' id='line_1_4' title="bbox 705 635 3573 727; baseline -0.004 -16"><span class='ocrx_word' id='word_1_27' title='bbox 705 644 892 711; x_wconf 87' lang='lat' dir='ltr'><strong>inviti</strong></span> <span class='ocrx_word' id='word_1_28' title='bbox 945 663 1070 709; x_wconf 92' lang='lat' dir='ltr'><strong>non</strong></span> <span class='ocrx_word' id='word_1_29' title='bbox 1125 642 1464 708; x_wconf 80' lang='lat' dir='ltr'><strong>teneamini</strong></span> <span class='ocrx_word' id='word_1_30' title='bbox 1525 640 1872 727; x_wconf 87' lang='lat' dir='ltr'><strong>providere.</strong></span> <span class='ocrx_word' id='word_1_31' title='bbox 1954 640 2211 707; x_wconf 91' lang='lat' dir='ltr'><strong>Irritum</strong></span> <span class='ocrx_word' id='word_1_32' title='bbox 2259 641 2447 708; x_wconf 87' lang='lat' dir='ltr'><strong>etiam</strong></span> <span class='ocrx_word' id='word_1_33' title='bbox 2495 647 2560 707; x_wconf 90' lang='lat' dir='ltr'><strong>et</strong></span> <span class='ocrx_word' id='word_1_34' title='bbox 2600 641 2788 708; x_wconf 89' lang='lat' dir='ltr'><strong>inane</strong></span> <span class='ocrx_word' id='word_1_35' title='bbox 2832 641 3261 723; x_wconf 74' lang='lat' dir='ltr'><strong>decernimu3‚</strong></span> <span class='ocrx_word' id='word_1_36' title='bbox 3316 639 3375 705; x_wconf 84' lang='lat' dir='ltr'><strong>si</strong></span> <span class='ocrx_word' id='word_1_37' title='bbox 3416 635 3573 721; x_wconf 87' lang='lat' dir='ltr'><strong>quid</strong></span> 
     </span>
     <span class='ocr_line' id='line_1_5' title="bbox 709 746 3573 835; baseline -0.003 -17"><span class='ocrx_word' id='word_1_38' title='bbox 709 756 929 818; x_wconf 86' lang='lat' dir='ltr'><strong>contra</strong></span> <span class='ocrx_word' id='word_1_39' title='bbox 995 756 1276 816; x_wconf 89' lang='lat' dir='ltr'><strong>tenorem</strong></span> <span class='ocrx_word' id='word_1_40' title='bbox 1344 748 1544 835; x_wconf 87' lang='lat' dir='ltr'><strong>ipsius</strong></span> <span class='ocrx_word' id='word_1_41' title='bbox 1613 747 1999 832; x_wconf 88' lang='lat' dir='ltr'><strong>indulgentie</strong></span> <span class='ocrx_word' id='word_1_42' title='bbox 2068 748 2261 815; x_wconf 81' lang='lat' dir='ltr'><strong>fuerit</strong></span> <span class='ocrx_word' id='word_1_43' title='bbox 2328 753 2788 834; x_wconf 84' lang='lat' dir='ltr'><strong>attemptatum.</strong></span> <span class='ocrx_word' id='word_1_44' title='bbox 2876 747 3049 815; x_wconf 88' lang='lat' dir='ltr'><strong>Nulli</strong></span> <span class='ocrx_word' id='word_1_45' title='bbox 3104 768 3255 831; x_wconf 84' lang='lat' dir='ltr'><strong>ergo</strong></span> <span class='ocrx_word' id='word_1_46' title='bbox 3314 746 3573 812; x_wconf 83' lang='lat' dir='ltr'><strong>omnine</strong></span> 
     </span>
     <span class='ocr_line' id='line_1_6' title="bbox 706 852 3571 943; baseline -0.003 -19"><span class='ocrx_word' id='word_1_47' title='bbox 706 858 1027 925; x_wconf 88' lang='lat' dir='ltr'><strong>hominum</strong></span> <span class='ocrx_word' id='word_1_48' title='bbox 1061 857 1248 924; x_wconf 83' lang='lat' dir='ltr'><strong>liceat</strong></span> <span class='ocrx_word' id='word_1_49' title='bbox 1279 857 1438 922; x_wconf 84' lang='lat' dir='ltr'><strong>hanc</strong></span> <span class='ocrx_word' id='word_1_50' title='bbox 1467 861 1680 923; x_wconf 88' lang='lat' dir='ltr'><strong>nostre</strong></span> <span class='ocrx_word' id='word_1_51' title='bbox 1713 856 2130 922; x_wconf 81' lang='lat' dir='ltr'><strong>concessionis</strong></span> <span class='ocrx_word' id='word_1_52' title='bbox 2162 857 2456 943; x_wconf 82' lang='lat' dir='ltr'><strong>paginam</strong></span> <span class='ocrx_word' id='word_1_53' title='bbox 2490 855 2830 939; x_wconf 85' lang='lat' dir='ltr'><strong>infringere</strong></span> <span class='ocrx_word' id='word_1_54' title='bbox 2853 854 2953 921; x_wconf 86' lang='lat' dir='ltr'><strong>vel</strong></span> <span class='ocrx_word' id='word_1_55' title='bbox 2984 855 3043 920; x_wconf 90' lang='lat' dir='ltr'><strong>ei</strong></span> <span class='ocrx_word' id='word_1_56' title='bbox 3074 874 3230 921; x_wconf 88' lang='lat' dir='ltr'><strong>ausu</strong></span> <span class='ocrx_word' id='word_1_57' title='bbox 3263 852 3571 919; x_wconf 83' lang='lat' dir='ltr'><strong>temeario</strong></span> 
     </span>
     <span class='ocr_line' id='line_1_7' title="bbox 707 959 3573 1050; baseline -0.003 -17"><span class='ocrx_word' id='word_1_58' title='bbox 707 966 1036 1033; x_wconf 87' lang='lat' dir='ltr'><strong>contraire.</strong></span> <span class='ocrx_word' id='word_1_59' title='bbox 1123 964 1190 1031; x_wconf 90' lang='lat' dir='ltr'><strong>Si</strong></span> <span class='ocrx_word' id='word_1_60' title='bbox 1238 965 1378 1049; x_wconf 84' lang='lat' dir='ltr'><strong>quis</strong></span> <span class='ocrx_word' id='word_1_61' title='bbox 1425 970 1630 1030; x_wconf 83' lang='lat' dir='ltr'><strong>autem</strong></span> <span class='ocrx_word' id='word_1_62' title='bbox 1677 964 1796 1029; x_wconf 90' lang='lat' dir='ltr'><strong>hoc</strong></span> <span class='ocrx_word' id='word_1_63' title='bbox 1842 969 2219 1050; x_wconf 85' lang='lat' dir='ltr'><strong>attemptare</strong></span> <span class='ocrx_word' id='word_1_64' title='bbox 2266 964 2754 1049; x_wconf 85' lang='lat' dir='ltr'><strong>presumpserit,</strong></span> <span class='ocrx_word' id='word_1_65' title='bbox 2810 962 3317 1045; x_wconf 76' lang='lat' dir='ltr'><strong>indignacionem</strong></span> <span class='ocrx_word' id='word_1_66' title='bbox 3364 959 3573 1023; x_wconf 88' lang='lat' dir='ltr'><strong>omni-</strong></span> 
     </span>
     <span class='ocr_line' id='line_1_8' title="bbox 709 1069 3567 1161; baseline -0.003 -22"><span class='ocrx_word' id='word_1_67' title='bbox 709 1073 984 1161; x_wconf 87' lang='lat' dir='ltr'><strong>potentis</strong></span> <span class='ocrx_word' id='word_1_68' title='bbox 1041 1072 1141 1137; x_wconf 90' lang='lat' dir='ltr'><strong>dei</strong></span> <span class='ocrx_word' id='word_1_69' title='bbox 1201 1076 1264 1137; x_wconf 89' lang='lat' dir='ltr'><strong>et</strong></span> <span class='ocrx_word' id='word_1_70' title='bbox 1309 1072 1631 1138; x_wconf 85' lang='lat' dir='ltr'><strong>beatorum</strong></span> <span class='ocrx_word' id='word_1_71' title='bbox 1675 1070 1848 1137; x_wconf 89' lang='lat' dir='ltr'><strong>Petri</strong></span> <span class='ocrx_word' id='word_1_72' title='bbox 1895 1075 1959 1137; x_wconf 90' lang='lat' dir='ltr'><strong>et</strong></span> <span class='ocrx_word' id='word_1_73' title='bbox 2001 1069 2183 1136; x_wconf 88' lang='lat' dir='ltr'><strong>Pauli</strong></span> <span class='ocrx_word' id='word_1_74' title='bbox 2245 1070 2669 1157; x_wconf 87' lang='lat' dir='ltr'><strong>apostolorum</strong></span> <span class='ocrx_word' id='word_1_75' title='bbox 2728 1091 2797 1136; x_wconf 87' lang='lat' dir='ltr'><strong>se</strong></span> <span class='ocrx_word' id='word_1_76' title='bbox 2850 1069 3095 1137; x_wconf 87' lang='lat' dir='ltr'><strong>noverit</strong></span> <span class='ocrx_word' id='word_1_77' title='bbox 3136 1069 3567 1135; x_wconf 87' lang='lat' dir='ltr'><strong>incursurum.</strong></span> 
     </span>
     <span class='ocr_line' id='line_1_9' title="bbox 708 1176 2795 1265; baseline -0.002 -18"><span class='ocrx_word' id='word_1_78' title='bbox 708 1180 946 1247; x_wconf 87' lang='lat' dir='ltr'><strong>Datum</strong></span> <span class='ocrx_word' id='word_1_79' title='bbox 975 1178 1242 1245; x_wconf 86' lang='lat' dir='ltr'><strong>Viterbii</strong></span> <span class='ocrx_word' id='word_1_80' title='bbox 1272 1200 1312 1241; x_wconf 88' lang='lat' dir='ltr'>v</span> <span class='ocrx_word' id='word_1_81' title='bbox 1340 1177 1482 1244; x_wconf 89' lang='lat' dir='ltr'><strong>idus</strong></span> <span class='ocrx_word' id='word_1_82' title='bbox 1528 1178 1775 1261; x_wconf 86' lang='lat' dir='ltr'><strong>augusti</strong></span> <span class='ocrx_word' id='word_1_83' title='bbox 1820 1176 2221 1265; x_wconf 87' lang='lat' dir='ltr'><strong>pontificatus</strong></span> <span class='ocrx_word' id='word_1_84' title='bbox 2267 1178 2467 1244; x_wconf 87' lang='lat' dir='ltr'><strong>nostri</strong></span> <span class='ocrx_word' id='word_1_85' title='bbox 2512 1198 2675 1244; x_wconf 88' lang='lat' dir='ltr'><strong>anno</strong></span> <span class='ocrx_word' id='word_1_86' title='bbox 2706 1178 2795 1243; x_wconf 89' lang='lat' dir='ltr'><strong>iii.</strong></span> 
     </span>
    </p>
   </div>
   <div class='ocr_carea' id='block_1_3' title="bbox 709 1314 3571 1461">
    <p class='ocr_par' dir='ltr' id='par_1_3' title="bbox 709 1314 3571 1461">
     <span class='ocr_line' id='line_1_10' title="bbox 917 1314 3571 1384; baseline -0.002 -14"><span class='ocrx_word' id='word_1_87' title='bbox 917 1319 1039 1372; x_wconf 83' lang='lat' dir='ltr'><strong>Sine</strong></span> <span class='ocrx_word' id='word_1_88' title='bbox 1075 1319 1213 1370; x_wconf 80' lang='lat' dir='ltr'><strong>dato:</strong></span> <span class='ocrx_word' id='word_1_89' title='bbox 1253 1319 1318 1380; x_wconf 91' lang='lat'><strong>11,</strong></span> <span class='ocrx_word' id='word_1_90' title='bbox 1350 1318 1508 1370; x_wconf 77' lang='lat' dir='ltr'><strong>117v.</strong></span> <span class='ocrx_word' id='word_1_91' title='bbox 1541 1336 1592 1370; x_wconf 88' lang='lat' dir='ltr'><strong>n.</strong></span> <span class='ocrx_word' id='word_1_92' title='bbox 1619 1318 1703 1370; x_wconf 84' lang='lat'><strong>73.</strong></span> <span class='ocrx_word' id='word_1_93' title='bbox 1733 1349 1792 1356; x_wconf 91' lang='lat'><strong>—</strong></span> <span class='ocrx_word' id='word_1_94' title='bbox 1835 1318 1957 1369; x_wconf 86' lang='lat' dir='ltr'><strong>Cum</strong></span> <span class='ocrx_word' id='word_1_95' title='bbox 1994 1318 2139 1370; x_wconf 77' lang='lat' dir='ltr'><strong>dato:</strong></span> <span class='ocrx_word' id='word_1_96' title='bbox 2176 1318 2240 1369; x_wconf 82' lang='lat' dir='ltr'><strong>A.</strong></span> <span class='ocrx_word' id='word_1_97' title='bbox 2262 1318 2329 1369; x_wconf 87' lang='grc'><strong>16</strong></span> <span class='ocrx_word' id='word_1_98' title='bbox 2364 1318 2503 1384; x_wconf 82' lang='lat' dir='ltr'><strong>p.45</strong></span> <span class='ocrx_word' id='word_1_99' title='bbox 2535 1317 2787 1384; x_wconf 66' lang='grc' dir='ltr'><strong>ηΒειι·ιι11“;</strong></span> <span class='ocrx_word' id='word_1_100' title='bbox 2822 1334 2873 1384; x_wconf 87' lang='lat' dir='ltr'><strong>p.</strong></span> <span class='ocrx_word' id='word_1_101' title='bbox 2897 1316 2955 1367; x_wconf 89' lang='lat'><strong>11</strong></span> <span class='ocrx_word' id='word_1_102' title='bbox 2991 1314 3279 1382; x_wconf 75' lang='lat' dir='ltr'><strong>„Venetiis“</strong></span> <span class='ocrx_word' id='word_1_103' title='bbox 3321 1315 3373 1365; x_wconf 83' lang='lat' dir='ltr'><strong>in</strong></span> <span class='ocrx_word' id='word_1_104' title='bbox 3398 1322 3571 1365; x_wconf 67' lang='lat' dir='ltr'><strong>trans-</strong></span> 
     </span>
     <span class='ocr_line' id='line_1_11' title="bbox 709 1408 1498 1461; baseline -0.004 1"><span class='ocrx_word' id='word_1_105' title='bbox 709 1417 872 1461; x_wconf 81' lang='lat' dir='ltr'><strong>sumto</strong></span> <span class='ocrx_word' id='word_1_106' title='bbox 913 1408 1050 1459; x_wconf 84' lang='lat'>1346</span> <span class='ocrx_word' id='word_1_107' title='bbox 1085 1408 1312 1459; x_wconf 87' lang='lat' dir='ltr'><strong>Venetiis</strong></span> <span class='ocrx_word' id='word_1_108' title='bbox 1349 1408 1498 1459; x_wconf 74' lang='lat' dir='ltr'><strong>facto.</strong></span> 
     </span>
    </p>
   </div>
   <div class='ocr_carea' id='block_1_4' title="bbox 713 1670 3573 1869">
    <p class='ocr_par' dir='ltr' id='par_1_4' title="bbox 713 1670 3573 1869">
     <span class='ocr_line' id='line_1_12' title="bbox 713 1670 3573 1761; baseline -0.003 -16"><span class='ocrx_word' id='word_1_109' title='bbox 713 1674 888 1745; x_wconf 85' lang='lat'><strong>568.</strong></span> <span class='ocrx_word' id='word_1_110' title='bbox 933 1676 1115 1742; x_wconf 91' lang='grc'><em>1257</em></span> <span class='ocrx_word' id='word_1_111' title='bbox 1159 1678 1414 1761; x_wconf 72' lang='lat' dir='ltr'><strong>anqusti</strong></span> <span class='ocrx_word' id='word_1_112' title='bbox 1440 1676 1528 1741; x_wconf 85' lang='lat'><strong>12</strong></span> <span class='ocrx_word' id='word_1_113' title='bbox 1569 1674 1834 1741; x_wconf 65' lang='lat' dir='ltr'><strong>Vim-bii</strong></span> <span class='ocrx_word' id='word_1_114' title='bbox 1875 1672 1990 1756; x_wconf 69' lang='lat' dir='ltr'><strong>(cf.</strong></span> <span class='ocrx_word' id='word_1_115' title='bbox 2027 1675 2207 1740; x_wconf 86' lang='lat'><em>1257</em></span> <span class='ocrx_word' id='word_1_116' title='bbox 2239 1698 2385 1761; x_wconf 70' lang='lat' dir='ltr'><strong>any.</strong></span> <span class='ocrx_word' id='word_1_117' title='bbox 2418 1674 2557 1755; x_wconf 85' lang='lat'><strong>20).</strong></span> <span class='ocrx_word' id='word_1_118' title='bbox 2628 1674 2989 1741; x_wconf 73' lang='lat' dir='ltr'><strong>Alexander</strong></span> <span class='ocrx_word' id='word_1_119' title='bbox 3018 1673 3127 1740; x_wconf 87' lang='lat' dir='ltr'><strong>IV</strong></span> <span class='ocrx_word' id='word_1_120' title='bbox 3146 1676 3375 1760; x_wconf 73' lang='lat' dir='ltr'><strong>repetit</strong></span> <span class='ocrx_word' id='word_1_121' title='bbox 3408 1670 3573 1739; x_wconf 77' lang='lat' dir='ltr'><strong>Gre-</strong></span> 
     </span>
     <span class='ocr_line' id='line_1_13' title="bbox 924 1780 2181 1869; baseline -0.002 -21"><span class='ocrx_word' id='word_1_122' title='bbox 924 1785 1098 1869; x_wconf 77' lang='lat' dir='ltr'><strong>9orii</strong></span> <span class='ocrx_word' id='word_1_123' title='bbox 1127 1782 1232 1847; x_wconf 91' lang='lat' dir='ltr'><strong>IX</strong></span> <span class='ocrx_word' id='word_1_124' title='bbox 1271 1806 1334 1847; x_wconf 77' lang='lat' dir='ltr'><strong>n.</strong></span> <span class='ocrx_word' id='word_1_125' title='bbox 1367 1782 1500 1848; x_wconf 81' lang='lat'><strong>439</strong></span> <span class='ocrx_word' id='word_1_126' title='bbox 1546 1783 1624 1846; x_wconf 85' lang='lat' dir='ltr'><strong>de</strong></span> <span class='ocrx_word' id='word_1_127' title='bbox 1668 1781 1849 1847; x_wconf 88' lang='lat'><em>1227</em></span> <span class='ocrx_word' id='word_1_128' title='bbox 1893 1804 2039 1867; x_wconf 70' lang='lat' dir='ltr'><strong>any.</strong></span> <span class='ocrx_word' id='word_1_129' title='bbox 2073 1780 2181 1847; x_wconf 85' lang='lat'><strong>31.</strong></span> 
     </span>
    </p>
   </div>
   <div class='ocr_carea' id='block_1_5' title="bbox 712 1920 3573 2114">
    <p class='ocr_par' dir='ltr' id='par_1_5' title="bbox 712 1920 3573 2114">
     <span class='ocr_line' id='line_1_14' title="bbox 928 1920 3573 1989; baseline -0.001 -1"><span class='ocrx_word' id='word_1_130' title='bbox 928 1923 1291 1989; x_wconf 83' lang='lat' dir='ltr'><strong>Alexander</strong></span> <span class='ocrx_word' id='word_1_131' title='bbox 1321 1928 1438 1989; x_wconf 86' lang='lat' dir='ltr'><strong>etc.</strong></span> <span class='ocrx_word' id='word_1_132' title='bbox 1666 1920 2055 1988; x_wconf 86' lang='lat' dir='ltr'><strong>Dilectorum</strong></span> <span class='ocrx_word' id='word_1_133' title='bbox 2086 1920 2361 1988; x_wconf 84' lang='lat' dir='ltr'><strong>filiorum</strong></span> <span class='ocrx_word' id='word_1_134' title='bbox 2391 1926 2508 1988; x_wconf 87' lang='lat' dir='ltr'><strong>etc.</strong></span> <span class='ocrx_word' id='word_1_135' title='bbox 2542 1958 2625 1967; x_wconf 97' lang='lat'><strong>—</strong></span> <span class='ocrx_word' id='word_1_136' title='bbox 2657 1920 2905 1988; x_wconf 82' lang='lat' dir='ltr'><strong>vinculo</strong></span> <span class='ocrx_word' id='word_1_137' title='bbox 2935 1921 3270 1988; x_wconf 58' lang='lat' dir='ltr'><strong>innodetis</strong></span> <span class='ocrx_word' id='word_1_138' title='bbox 3331 1920 3573 1987; x_wconf 79' lang='lat' dir='ltr'><strong>Datum</strong></span> 
     </span>
     <span class='ocr_line' id='line_1_15' title="bbox 712 2027 2701 2114; baseline -0.001 -19"><span class='ocrx_word' id='word_1_139' title='bbox 712 2030 980 2098; x_wconf 86' lang='lat' dir='ltr'><strong>Viterbii</strong></span> <span class='ocrx_word' id='word_1_140' title='bbox 1010 2030 1054 2095; x_wconf 92' lang='lat' dir='ltr'><strong>ii</strong></span> <span class='ocrx_word' id='word_1_141' title='bbox 1101 2029 1242 2095; x_wconf 91' lang='lat' dir='ltr'><strong>idus</strong></span> <span class='ocrx_word' id='word_1_142' title='bbox 1289 2030 1536 2113; x_wconf 84' lang='lat' dir='ltr'><strong>augusti</strong></span> <span class='ocrx_word' id='word_1_143' title='bbox 1584 2027 1985 2114; x_wconf 86' lang='lat' dir='ltr'><strong>pontificatus</strong></span> <span class='ocrx_word' id='word_1_144' title='bbox 2030 2029 2229 2096; x_wconf 80' lang='lat' dir='ltr'><strong>nostri</strong></span> <span class='ocrx_word' id='word_1_145' title='bbox 2276 2049 2441 2095; x_wconf 87' lang='lat' dir='ltr'><strong>anno</strong></span> <span class='ocrx_word' id='word_1_146' title='bbox 2486 2029 2701 2095; x_wconf 83' lang='lat' dir='ltr'><strong>tercio.</strong></span> 
     </span>
    </p>
   </div>
   <div class='ocr_carea' id='block_1_6' title="bbox 705 2167 3573 2505">
    <p class='ocr_par' dir='ltr' id='par_1_6' title="bbox 705 2167 3573 2505">
     <span class='ocr_line' id='line_1_16' title="bbox 918 2167 3567 2241; baseline -0.002 -19"><span class='ocrx_word' id='word_1_147' title='bbox 918 2171 1040 2222; x_wconf 86' lang='lat' dir='ltr'><strong>Sine</strong></span> <span class='ocrx_word' id='word_1_148' title='bbox 1075 2170 1220 2221; x_wconf 79' lang='lat' dir='ltr'><strong>dato:</strong></span> <span class='ocrx_word' id='word_1_149' title='bbox 1255 2170 1322 2232; x_wconf 89' lang='lat'><strong>11,</strong></span> <span class='ocrx_word' id='word_1_150' title='bbox 1353 2169 1452 2220; x_wconf 86' lang='lat'><strong>122</strong></span> <span class='ocrx_word' id='word_1_151' title='bbox 1465 2187 1512 2220; x_wconf 81' lang='lat' dir='ltr'><strong>v.</strong></span> <span class='ocrx_word' id='word_1_152' title='bbox 1549 2186 1600 2220; x_wconf 89' lang='lat' dir='ltr'><strong>n.</strong></span> <span class='ocrx_word' id='word_1_153' title='bbox 1625 2168 1710 2220; x_wconf 88' lang='grc'><strong>88.</strong></span> <span class='ocrx_word' id='word_1_154' title='bbox 1741 2198 1802 2207; x_wconf 92' lang='lat'><strong>——</strong></span> <span class='ocrx_word' id='word_1_155' title='bbox 1843 2170 1966 2220; x_wconf 81' lang='lat' dir='ltr'><strong>Cum</strong></span> <span class='ocrx_word' id='word_1_156' title='bbox 2005 2170 2149 2222; x_wconf 71' lang='lat' dir='ltr'><strong>dato:</strong></span> <span class='ocrx_word' id='word_1_157' title='bbox 2179 2170 2399 2241; x_wconf 31' lang='lat' dir='ltr'><strong>,Viterbii</strong></span> <span class='ocrx_word' id='word_1_158' title='bbox 2434 2170 2468 2220; x_wconf 91' lang='lat'>2</span> <span class='ocrx_word' id='word_1_159' title='bbox 2492 2169 2605 2221; x_wconf 86' lang='lat' dir='ltr'><strong>idus</strong></span> <span class='ocrx_word' id='word_1_160' title='bbox 2639 2170 2838 2236; x_wconf 71' lang='lat' dir='ltr'><strong>angusti</strong></span> <span class='ocrx_word' id='word_1_161' title='bbox 2871 2188 2923 2238; x_wconf 90' lang='lat' dir='ltr'><strong>p.</strong></span> <span class='ocrx_word' id='word_1_162' title='bbox 2948 2188 2998 2221; x_wconf 92' lang='lat' dir='ltr'><strong>n.</strong></span> <span class='ocrx_word' id='word_1_163' title='bbox 3024 2188 3069 2221; x_wconf 82' lang='lat' dir='ltr'><strong>a.</strong></span> <span class='ocrx_word' id='word_1_164' title='bbox 3095 2169 3131 2220; x_wconf 83' lang='lat'><strong>3</strong></span> <span class='ocrx_word' id='word_1_165' title='bbox 3172 2168 3253 2234; x_wconf 77' lang='lat' dir='ltr'><strong>„in</strong></span> <span class='ocrx_word' id='word_1_166' title='bbox 3288 2167 3567 2235; x_wconf 55' lang='grc' dir='ltr'><strong>Μυρὼ-33</strong></span> 
     </span>
     <span class='ocr_line' id='line_1_17' title="bbox 705 2257 3573 2327; baseline -0.001 -15"><span class='ocrx_word' id='word_1_167' title='bbox 705 2261 772 2312; x_wconf 77' lang='lat' dir='ltr'><strong>A.</strong></span> <span class='ocrx_word' id='word_1_168' title='bbox 795 2259 860 2312; x_wconf 88' lang='grc'><strong>16</strong></span> <span class='ocrx_word' id='word_1_169' title='bbox 896 2277 946 2327; x_wconf 85' lang='lat' dir='ltr'><strong>p.</strong></span> <span class='ocrx_word' id='word_1_170' title='bbox 967 2259 1052 2311; x_wconf 86' lang='lat'><strong>64.</strong></span> <span class='ocrx_word' id='word_1_171' title='bbox 1081 2288 1144 2299; x_wconf 90' lang='lat'><strong>--</strong></span> <span class='ocrx_word' id='word_1_172' title='bbox 1184 2258 1307 2310; x_wconf 84' lang='lat' dir='ltr'><strong>Cum</strong></span> <span class='ocrx_word' id='word_1_173' title='bbox 1331 2259 1478 2310; x_wconf 77' lang='lat' dir='ltr'><strong>dato:</strong></span> <span class='ocrx_word' id='word_1_174' title='bbox 1519 2258 1730 2309; x_wconf 85' lang='lat' dir='ltr'><strong>Viterbii</strong></span> <span class='ocrx_word' id='word_1_175' title='bbox 1770 2258 1834 2311; x_wconf 85' lang='lat'><strong>13</strong></span> <span class='ocrx_word' id='word_1_176' title='bbox 1859 2258 1963 2311; x_wconf 73' lang='lat' dir='ltr'><strong>kal.</strong></span> <span class='ocrx_word' id='word_1_177' title='bbox 1989 2259 2177 2326; x_wconf 83' lang='lat' dir='ltr'><strong>septbr.</strong></span> <span class='ocrx_word' id='word_1_178' title='bbox 2214 2277 2265 2326; x_wconf 91' lang='lat' dir='ltr'><strong>p.</strong></span> <span class='ocrx_word' id='word_1_179' title='bbox 2290 2278 2342 2311; x_wconf 89' lang='lat' dir='ltr'><strong>n.</strong></span> <span class='ocrx_word' id='word_1_180' title='bbox 2368 2278 2414 2311; x_wconf 75' lang='lat' dir='ltr'><strong>a.</strong></span> <span class='ocrx_word' id='word_1_181' title='bbox 2433 2260 2467 2311; x_wconf 86' lang='lat'><strong>3</strong></span> <span class='ocrx_word' id='word_1_182' title='bbox 2498 2258 2761 2325; x_wconf 81' lang='lat' dir='ltr'><strong>„Colonie“</strong></span> <span class='ocrx_word' id='word_1_183' title='bbox 2804 2258 2867 2311; x_wconf 88' lang='lat' dir='ltr'><strong>A.</strong></span> <span class='ocrx_word' id='word_1_184' title='bbox 2888 2259 2954 2311; x_wconf 89' lang='grc'><strong>16</strong></span> <span class='ocrx_word' id='word_1_185' title='bbox 2988 2278 3040 2327; x_wconf 85' lang='lat' dir='ltr'><strong>p.</strong></span> <span class='ocrx_word' id='word_1_186' title='bbox 3058 2258 3155 2320; x_wconf 76' lang='grc' dir='ltr'><strong>7ος</strong></span> <span class='ocrx_word' id='word_1_187' title='bbox 3190 2258 3281 2319; x_wconf 84' lang='lat' dir='ltr'><strong>IV,</strong></span> <span class='ocrx_word' id='word_1_188' title='bbox 3306 2257 3413 2308; x_wconf 85' lang='lat'><strong>210</strong></span> <span class='ocrx_word' id='word_1_189' title='bbox 3448 2275 3501 2309; x_wconf 89' lang='lat' dir='ltr'><strong>n.</strong></span> <span class='ocrx_word' id='word_1_190' title='bbox 3520 2257 3573 2309; x_wconf 84' lang='lat'><strong>8.</strong></span> 
     </span>
     <span class='ocr_line' id='line_1_18' title="bbox 707 2346 3573 2417; baseline -0.001 -17"><span class='ocrx_word' id='word_1_191' title='bbox 707 2348 967 2417; x_wconf 84' lang='lat' dir='ltr'><strong>Originale</strong></span> <span class='ocrx_word' id='word_1_192' title='bbox 1013 2365 1124 2399; x_wconf 88' lang='lat' dir='ltr'><strong>cum</strong></span> <span class='ocrx_word' id='word_1_193' title='bbox 1161 2348 1300 2399; x_wconf 78' lang='lat' dir='ltr'><strong>bulla</strong></span> <span class='ocrx_word' id='word_1_194' title='bbox 1333 2348 1386 2398; x_wconf 89' lang='lat' dir='ltr'><strong>in</strong></span> <span class='ocrx_word' id='word_1_195' title='bbox 1423 2347 1624 2399; x_wconf 80' lang='lat' dir='ltr'><strong>archivo</strong></span> <span class='ocrx_word' id='word_1_196' title='bbox 1659 2348 2056 2414; x_wconf 78' lang='lat' dir='ltr'><strong>Regimontano‚</strong></span> <span class='ocrx_word' id='word_1_197' title='bbox 2104 2350 2192 2400; x_wconf 89' lang='lat' dir='ltr'><strong>ubi</strong></span> <span class='ocrx_word' id='word_1_198' title='bbox 2227 2349 2378 2399; x_wconf 84' lang='lat' dir='ltr'><strong>etiam</strong></span> <span class='ocrx_word' id='word_1_199' title='bbox 2412 2348 2511 2400; x_wconf 75' lang='lat' dir='ltr'><strong>tria</strong></span> <span class='ocrx_word' id='word_1_200' title='bbox 2546 2348 2652 2399; x_wconf 83' lang='lat' dir='ltr'><strong>eius</strong></span> <span class='ocrx_word' id='word_1_201' title='bbox 2687 2356 3027 2415; x_wconf 75' lang='lat' dir='ltr'><strong>transsumpta</strong></span> <span class='ocrx_word' id='word_1_202' title='bbox 3062 2348 3111 2399; x_wconf 91' lang='lat' dir='ltr'><strong>d.</strong></span> <span class='ocrx_word' id='word_1_203' title='bbox 3138 2348 3187 2399; x_wconf 96' lang='lat' dir='ltr'><strong>d.</strong></span> <span class='ocrx_word' id='word_1_204' title='bbox 3224 2346 3573 2413; x_wconf 78' lang='lat' dir='ltr'><strong>Matienbnrgi</strong></span> 
     </span>
     <span class='ocr_line' id='line_1_19' title="bbox 712 2436 3571 2505; baseline -0.001 -16"><span class='ocrx_word' id='word_1_205' title='bbox 712 2438 848 2489; x_wconf 82' lang='lat'>1416</span> <span class='ocrx_word' id='word_1_206' title='bbox 884 2437 1028 2504; x_wconf 77' lang='lat' dir='ltr'><strong>april.</strong></span> <span class='ocrx_word' id='word_1_207' title='bbox 1059 2437 1125 2488; x_wconf 91' lang='lat'><strong>10</strong></span> <span class='ocrx_word' id='word_1_208' title='bbox 1170 2437 1464 2487; x_wconf 77' lang='lat' dir='ltr'><strong>auctoritate</strong></span> <span class='ocrx_word' id='word_1_209' title='bbox 1500 2436 1737 2488; x_wconf 77' lang='lat' dir='ltr'><strong>Iohannis</strong></span> <span class='ocrx_word' id='word_1_210' title='bbox 1772 2437 2179 2489; x_wconf 80' lang='lat' dir='ltr'><strong>Pomesaniensis</strong></span> <span class='ocrx_word' id='word_1_211' title='bbox 2221 2438 2445 2505; x_wconf 80' lang='lat' dir='ltr'><strong>episcopi</strong></span> <span class='ocrx_word' id='word_1_212' title='bbox 2488 2454 2581 2504; x_wconf 90' lang='lat' dir='ltr'><strong>per</strong></span> <span class='ocrx_word' id='word_1_213' title='bbox 2615 2437 2891 2489; x_wconf 74' lang='lat' dir='ltr'><strong>Iohannem</strong></span> <span class='ocrx_word' id='word_1_214' title='bbox 2926 2436 3207 2488; x_wconf 81' lang='lat' dir='ltr'><strong>Sternchen</strong></span> <span class='ocrx_word' id='word_1_215' title='bbox 3242 2454 3325 2502; x_wconf 74' lang='lat' dir='ltr'><strong>ap.</strong></span> <span class='ocrx_word' id='word_1_216' title='bbox 3360 2445 3415 2487; x_wconf 82' lang='lat' dir='ltr'><strong>et</strong></span> <span class='ocrx_word' id='word_1_217' title='bbox 3448 2436 3571 2501; x_wconf 81' lang='lat' dir='ltr'><strong>imp.</strong></span> 
     </span>
    </p>
   </div>
   <div class='ocr_carea' id='block_1_7' title="bbox 708 2524 3571 2667">
    <p class='ocr_par' dir='ltr' id='par_1_7' title="bbox 708 2524 3571 2667">
     <span class='ocr_line' id='line_1_20' title="bbox 708 2524 3571 2592; baseline -0 -14"><span class='ocrx_word' id='word_1_218' title='bbox 708 2535 813 2578; x_wconf 75' lang='lat' dir='ltr'><strong>ant.</strong></span> <span class='ocrx_word' id='word_1_219' title='bbox 838 2534 940 2577; x_wconf 90' lang='lat' dir='ltr'><strong>not.</strong></span> <span class='ocrx_word' id='word_1_220' title='bbox 965 2525 1104 2591; x_wconf 86' lang='lat' dir='ltr'><strong>publ.</strong></span> <span class='ocrx_word' id='word_1_221' title='bbox 1142 2526 1385 2578; x_wconf 82' lang='lat' dir='ltr'><strong>confecta.</strong></span> <span class='ocrx_word' id='word_1_222' title='bbox 1441 2524 1698 2591; x_wconf 81' lang='lat' dir='ltr'><strong>originale</strong></span> <span class='ocrx_word' id='word_1_223' title='bbox 1721 2525 2196 2592; x_wconf 80' lang='lat' dir='ltr'><strong>Mergenthemense</strong></span> <span class='ocrx_word' id='word_1_224' title='bbox 2233 2544 2345 2579; x_wconf 84' lang='lat' dir='ltr'><strong>cum</strong></span> <span class='ocrx_word' id='word_1_225' title='bbox 2380 2526 2519 2578; x_wconf 77' lang='lat' dir='ltr'><strong>bulla</strong></span> <span class='ocrx_word' id='word_1_226' title='bbox 2552 2527 2604 2577; x_wconf 90' lang='lat' dir='ltr'><strong>in</strong></span> <span class='ocrx_word' id='word_1_227' title='bbox 2640 2524 2738 2578; x_wconf 86' lang='lat' dir='ltr'><strong>filis</strong></span> <span class='ocrx_word' id='word_1_228' title='bbox 2774 2526 2978 2578; x_wconf 85' lang='lat' dir='ltr'><strong>sericeis</strong></span> <span class='ocrx_word' id='word_1_229' title='bbox 3013 2542 3243 2592; x_wconf 71' lang='lat' dir='ltr'><strong>appensa</strong></span> <span class='ocrx_word' id='word_1_230' title='bbox 3278 2525 3331 2576; x_wconf 82' lang='lat' dir='ltr'><strong>in</strong></span> <span class='ocrx_word' id='word_1_231' title='bbox 3368 2524 3571 2577; x_wconf 68' lang='lat' dir='ltr'><strong>archivo</strong></span> 
     </span>
     <span class='ocr_line' id='line_1_21' title="bbox 712 2614 1666 2667; baseline 0 -1"><span class='ocrx_word' id='word_1_232' title='bbox 712 2615 901 2667; x_wconf 79' lang='lat' dir='ltr'><strong>ordinis</strong></span> <span class='ocrx_word' id='word_1_233' title='bbox 937 2614 1233 2667; x_wconf 81' lang='lat' dir='ltr'><strong>Theutonici</strong></span> <span class='ocrx_word' id='word_1_234' title='bbox 1270 2614 1666 2667; x_wconf 83' lang='lat' dir='ltr'><strong>Vindobonensi.</strong></span> 
     </span>
    </p>
   </div>
   <div class='ocr_carea' id='block_1_8' title="bbox 717 2888 3573 3066">
    <p class='ocr_par' dir='ltr' id='par_1_8' title="bbox 717 2888 3573 3066">
     <span class='ocr_line' id='line_1_22' title="bbox 717 2888 3573 2981; baseline -0.001 -20"><span class='ocrx_word' id='word_1_235' title='bbox 717 2888 891 2961; x_wconf 89' lang='grc'>569.</span> <span class='ocrx_word' id='word_1_236' title='bbox 933 2892 1116 2959; x_wconf 89' lang='grc'><strong>1257</strong></span> <span class='ocrx_word' id='word_1_237' title='bbox 1161 2896 1416 2978; x_wconf 67' lang='lat' dir='ltr'><strong>anqusti</strong></span> <span class='ocrx_word' id='word_1_238' title='bbox 1457 2893 1543 2959; x_wconf 89' lang='grc'><strong>16</strong></span> <span class='ocrx_word' id='word_1_239' title='bbox 1599 2891 1713 2978; x_wconf 85' lang='lat' dir='ltr'><strong>(cf.</strong></span> <span class='ocrx_word' id='word_1_240' title='bbox 1755 2892 1984 2980; x_wconf 65' lang='grc' dir='ltr'><strong>θορών.</strong></span> <span class='ocrx_word' id='word_1_241' title='bbox 2022 2892 2137 2974; x_wconf 86' lang='grc'><strong>13)</strong></span> <span class='ocrx_word' id='word_1_242' title='bbox 2192 2891 2469 2959; x_wconf 73' lang='lat' dir='ltr'><strong>Viterbii.</strong></span> <span class='ocrx_word' id='word_1_243' title='bbox 2551 2894 2913 2961; x_wconf 79' lang='lat' dir='ltr'><strong>Alexander</strong></span> <span class='ocrx_word' id='word_1_244' title='bbox 2953 2893 3061 2959; x_wconf 89' lang='lat' dir='ltr'><strong>IV</strong></span> <span class='ocrx_word' id='word_1_245' title='bbox 3107 2897 3331 2981; x_wconf 75' lang='lat' dir='ltr'><strong>repetit</strong></span> <span class='ocrx_word' id='word_1_246' title='bbox 3376 2894 3573 2959; x_wconf 76' lang='lat' dir='ltr'><strong>Inno-</strong></span> 
     </span>
     <span class='ocr_line' id='line_1_23' title="bbox 934 2999 1545 3066; baseline 0 -3"><span class='ocrx_word' id='word_1_247' title='bbox 934 3002 1123 3065; x_wconf 79' lang='lat' dir='ltr'><strong>centii</strong></span> <span class='ocrx_word' id='word_1_248' title='bbox 1152 2999 1263 3065; x_wconf 88' lang='lat' dir='ltr'><strong>IV</strong></span> <span class='ocrx_word' id='word_1_249' title='bbox 1295 3024 1359 3064; x_wconf 77' lang='grc' dir='ltr'><strong>π.</strong></span> <span class='ocrx_word' id='word_1_250' title='bbox 1393 2999 1545 3066; x_wconf 89' lang='grc'><em>531.</em></span> 
     </span>
    </p>
   </div>
   <div class='ocr_carea' id='block_1_9' title="bbox 713 3132 3573 3542">
    <p class='ocr_par' dir='ltr' id='par_1_9' title="bbox 713 3132 3573 3542">
     <span class='ocr_line' id='line_1_24' title="bbox 932 3132 3573 3219; baseline 0 -21"><span class='ocrx_word' id='word_1_251' title='bbox 932 3132 1294 3199; x_wconf 88' lang='lat' dir='ltr'><strong>Alexander</strong></span> <span class='ocrx_word' id='word_1_252' title='bbox 1341 3137 1457 3198; x_wconf 88' lang='lat' dir='ltr'><strong>etc.</strong></span> <span class='ocrx_word' id='word_1_253' title='bbox 1681 3132 1990 3211; x_wconf 69' lang='lat' dir='ltr'><strong>Quen-iens</strong></span> <span class='ocrx_word' id='word_1_254' title='bbox 2038 3152 2075 3199; x_wconf 85' lang='lat' dir='ltr'><strong>a</strong></span> <span class='ocrx_word' id='word_1_255' title='bbox 2117 3132 2300 3200; x_wconf 91' lang='lat' dir='ltr'><strong>nobis</strong></span> <span class='ocrx_word' id='word_1_256' title='bbox 2334 3170 2416 3179; x_wconf 92' lang='grc'><strong>-</strong></span> <span class='ocrx_word' id='word_1_257' title='bbox 2451 3153 2637 3219; x_wconf 86' lang='lat' dir='ltr'><strong>quam</strong></span> <span class='ocrx_word' id='word_1_258' title='bbox 2684 3133 2773 3199; x_wconf 91' lang='lat' dir='ltr'><strong>cis</strong></span> <span class='ocrx_word' id='word_1_259' title='bbox 2818 3154 2993 3200; x_wconf 85' lang='lat' dir='ltr'><strong>mare</strong></span> <span class='ocrx_word' id='word_1_260' title='bbox 3035 3133 3236 3200; x_wconf 87' lang='lat' dir='ltr'><strong>felicis</strong></span> <span class='ocrx_word' id='word_1_261' title='bbox 3282 3132 3573 3200; x_wconf 74' lang='lat' dir='ltr'><strong>recorda-</strong></span> 
     </span>
     <span class='ocr_line' id='line_1_25' title="bbox 713 3237 3573 3326; baseline 0 -20"><span class='ocrx_word' id='word_1_262' title='bbox 713 3240 912 3307; x_wconf 86' lang='lat' dir='ltr'><strong>cionis</strong></span> <span class='ocrx_word' id='word_1_263' title='bbox 957 3238 1254 3322; x_wconf 86' lang='lat' dir='ltr'><strong>Honorii‚</strong></span> <span class='ocrx_word' id='word_1_264' title='bbox 1319 3237 1638 3323; x_wconf 85' lang='lat' dir='ltr'><strong>Gregorii,</strong></span> <span class='ocrx_word' id='word_1_265' title='bbox 1695 3239 2083 3325; x_wconf 88' lang='lat' dir='ltr'><strong>Innocencii‚</strong></span> <span class='ocrx_word' id='word_1_266' title='bbox 2141 3240 2647 3326; x_wconf 85' lang='lat' dir='ltr'><strong>predecessorum</strong></span> <span class='ocrx_word' id='word_1_267' title='bbox 2699 3245 3088 3324; x_wconf 86' lang='lat' dir='ltr'><strong>nostrorum,</strong></span> <span class='ocrx_word' id='word_1_268' title='bbox 3146 3240 3573 3307; x_wconf 86' lang='lat' dir='ltr'><strong>Romanorum</strong></span> 
     </span>
     <span class='ocr_line' id='line_1_26' title="bbox 713 3346 3573 3434; baseline -0.001 -20"><span class='ocrx_word' id='word_1_269' title='bbox 713 3346 1082 3433; x_wconf 87' lang='lat' dir='ltr'><strong>pontificum</strong></span> <span class='ocrx_word' id='word_1_270' title='bbox 1127 3346 1407 3429; x_wconf 82' lang='lat' dir='ltr'><strong>vestigiis</strong></span> <span class='ocrx_word' id='word_1_271' title='bbox 1452 3346 1810 3413; x_wconf 90' lang='lat' dir='ltr'><strong>inherentes</strong></span> <span class='ocrx_word' id='word_1_272' title='bbox 1854 3348 2032 3414; x_wconf 87' lang='lat' dir='ltr'><strong>vobis</strong></span> <span class='ocrx_word' id='word_1_273' title='bbox 2078 3354 2193 3415; x_wconf 88' lang='lat' dir='ltr'><strong>etc.</strong></span> <span class='ocrx_word' id='word_1_274' title='bbox 2275 3348 2509 3423; x_wconf 84' lang='lat' dir='ltr'><strong>Datum</strong></span> <span class='ocrx_word' id='word_1_275' title='bbox 2550 3346 2818 3415; x_wconf 89' lang='lat' dir='ltr'><strong>Viterbii</strong></span> <span class='ocrx_word' id='word_1_276' title='bbox 2860 3349 2992 3414; x_wconf 82' lang='lat' dir='ltr'><strong>xvii</strong></span> <span class='ocrx_word' id='word_1_277' title='bbox 3038 3347 3161 3413; x_wconf 84' lang='lat' dir='ltr'><strong>kal.</strong></span> <span class='ocrx_word' id='word_1_278' title='bbox 3194 3347 3573 3434; x_wconf 83' lang='lat' dir='ltr'><strong>septembris</strong></span> 
     </span>
     <span class='ocr_line' id='line_1_27' title="bbox 716 3453 1833 3542; baseline -0.003 -21"><span class='ocrx_word' id='word_1_279' title='bbox 716 3453 1117 3542; x_wconf 84' lang='lat' dir='ltr'><strong>pontificatus</strong></span> <span class='ocrx_word' id='word_1_280' title='bbox 1162 3454 1364 3519; x_wconf 88' lang='lat' dir='ltr'><strong>nostri</strong></span> <span class='ocrx_word' id='word_1_281' title='bbox 1411 3473 1574 3520; x_wconf 89' lang='lat' dir='ltr'><strong>anno</strong></span> <span class='ocrx_word' id='word_1_282' title='bbox 1621 3454 1833 3520; x_wconf 87' lang='lat' dir='ltr'><strong>tercio.</strong></span> 
     </span>
    </p>
   </div>
   <div class='ocr_carea' id='block_1_10' title="bbox 715 3585 3576 4188">
    <p class='ocr_par' dir='ltr' id='par_1_10' title="bbox 715 3585 3576 4188">
     <span class='ocr_line' id='line_1_28' title="bbox 929 3585 3575 3655; baseline 0 -17"><span class='ocrx_word' id='word_1_283' title='bbox 929 3586 1050 3638; x_wconf 84' lang='lat' dir='ltr'><strong>Cum</strong></span> <span class='ocrx_word' id='word_1_284' title='bbox 1087 3586 1229 3637; x_wconf 82' lang='lat' dir='ltr'><strong>dato:</strong></span> <span class='ocrx_word' id='word_1_285' title='bbox 1267 3585 1481 3637; x_wconf 87' lang='lat' dir='ltr'><strong>Viterbii</strong></span> <span class='ocrx_word' id='word_1_286' title='bbox 1520 3586 1584 3638; x_wconf 82' lang='lat'><strong>17</strong></span> <span class='ocrx_word' id='word_1_287' title='bbox 1619 3586 1723 3637; x_wconf 82' lang='lat' dir='ltr'><strong>kal.</strong></span> <span class='ocrx_word' id='word_1_288' title='bbox 1749 3586 1936 3653; x_wconf 84' lang='lat' dir='ltr'><strong>septbr.</strong></span> <span class='ocrx_word' id='word_1_289' title='bbox 1975 3603 2025 3653; x_wconf 89' lang='lat' dir='ltr'><strong>p.</strong></span> <span class='ocrx_word' id='word_1_290' title='bbox 2052 3604 2102 3639; x_wconf 90' lang='lat' dir='ltr'><strong>n.</strong></span> <span class='ocrx_word' id='word_1_291' title='bbox 2127 3604 2173 3639; x_wconf 81' lang='lat' dir='ltr'><strong>a.</strong></span> <span class='ocrx_word' id='word_1_292' title='bbox 2198 3586 2249 3639; x_wconf 83' lang='lat'><strong>3.</strong></span> <span class='ocrx_word' id='word_1_293' title='bbox 2298 3586 2361 3639; x_wconf 82' lang='lat' dir='ltr'><strong>R.</strong></span> <span class='ocrx_word' id='word_1_294' title='bbox 2385 3587 2455 3638; x_wconf 83' lang='lat'><strong>69</strong></span> <span class='ocrx_word' id='word_1_295' title='bbox 2490 3587 2623 3639; x_wconf 85' lang='lat' dir='ltr'><strong>inter</strong></span> <span class='ocrx_word' id='word_1_296' title='bbox 2645 3586 3037 3655; x_wconf 77' lang='lat' dir='ltr'><strong>Ratisponensia</strong></span> <span class='ocrx_word' id='word_1_297' title='bbox 3066 3588 3147 3639; x_wconf 89' lang='lat'><strong>15.</strong></span> <span class='ocrx_word' id='word_1_298' title='bbox 3196 3588 3575 3639; x_wconf 72' lang='lat' dir='ltr'><strong>Transsumtnm</strong></span> 
     </span>
     <span class='ocr_line' id='line_1_29' title="bbox 715 3674 3573 3743; baseline -0.001 -14"><span class='ocrx_word' id='word_1_299' title='bbox 715 3695 757 3729; x_wconf 86' lang='lat' dir='ltr'><strong>s.</strong></span> <span class='ocrx_word' id='word_1_300' title='bbox 782 3677 833 3729; x_wconf 85' lang='lat' dir='ltr'><strong>d.</strong></span> <span class='ocrx_word' id='word_1_301' title='bbox 870 3676 934 3727; x_wconf 84' lang='lat' dir='ltr'><strong>ab</strong></span> <span class='ocrx_word' id='word_1_302' title='bbox 970 3676 1207 3727; x_wconf 87' lang='lat' dir='ltr'><strong>Heinrico</strong></span> <span class='ocrx_word' id='word_1_303' title='bbox 1243 3676 1602 3742; x_wconf 77' lang='lat' dir='ltr'><strong>Ratisponensi</strong></span> <span class='ocrx_word' id='word_1_304' title='bbox 1649 3676 1884 3743; x_wconf 82' lang='lat' dir='ltr'><strong>episcopo</strong></span> <span class='ocrx_word' id='word_1_305' title='bbox 1921 3674 1989 3727; x_wconf 77' lang='lat' dir='ltr'><strong>ad</strong></span> <span class='ocrx_word' id='word_1_306' title='bbox 2024 3675 2312 3727; x_wconf 82' lang='lat' dir='ltr'><strong>instantiam</strong></span> <span class='ocrx_word' id='word_1_307' title='bbox 2347 3675 2408 3727; x_wconf 85' lang='lat' dir='ltr'><strong>fr.</strong></span> <span class='ocrx_word' id='word_1_308' title='bbox 2436 3676 2680 3739; x_wconf 73' lang='lat' dir='ltr'><strong>Gotfridi,</strong></span> <span class='ocrx_word' id='word_1_309' title='bbox 2728 3677 3140 3729; x_wconf 77' lang='lat' dir='ltr'><strong>commendatoris</strong></span> <span class='ocrx_word' id='word_1_310' title='bbox 3176 3676 3365 3727; x_wconf 81' lang='lat' dir='ltr'><strong>ordinis</strong></span> <span class='ocrx_word' id='word_1_311' title='bbox 3400 3676 3573 3727; x_wconf 79' lang='lat' dir='ltr'><strong>&#39;l&#39;hen-</strong></span> 
     </span>
     <span class='ocr_line' id='line_1_30' title="bbox 715 3763 3575 3834; baseline -0.001 -16"><span class='ocrx_word' id='word_1_312' title='bbox 715 3766 869 3819; x_wconf 74' lang='lat' dir='ltr'><strong>tonici</strong></span> <span class='ocrx_word' id='word_1_313' title='bbox 912 3782 1004 3834; x_wconf 88' lang='lat' dir='ltr'><strong>per</strong></span> <span class='ocrx_word' id='word_1_314' title='bbox 1039 3765 1295 3816; x_wconf 81' lang='lat' dir='ltr'><strong>Austriam</strong></span> <span class='ocrx_word' id='word_1_315' title='bbox 1343 3774 1396 3816; x_wconf 79' lang='lat' dir='ltr'><strong>et</strong></span> <span class='ocrx_word' id='word_1_316' title='bbox 1431 3764 1651 3831; x_wconf 76' lang='lat' dir='ltr'><strong>Styriam</strong></span> <span class='ocrx_word' id='word_1_317' title='bbox 1665 3802 1681 3826; x_wconf 93' lang='lat'><em>,</em></span> <span class='ocrx_word' id='word_1_318' title='bbox 1727 3764 1916 3815; x_wconf 89' lang='lat' dir='ltr'><strong>editum</strong></span> <span class='ocrx_word' id='word_1_319' title='bbox 1952 3764 2004 3815; x_wconf 91' lang='lat' dir='ltr'><strong>in</strong></span> <span class='ocrx_word' id='word_1_320' title='bbox 2042 3765 2243 3817; x_wconf 76' lang='lat' dir='ltr'><strong>archivo</strong></span> <span class='ocrx_word' id='word_1_321' title='bbox 2278 3764 2466 3817; x_wconf 83' lang='lat' dir='ltr'><strong>ordinis</strong></span> <span class='ocrx_word' id='word_1_322' title='bbox 2502 3765 2799 3817; x_wconf 80' lang='lat' dir='ltr'><strong>Theutonici</strong></span> <span class='ocrx_word' id='word_1_323' title='bbox 2834 3766 3210 3817; x_wconf 67' lang='lat' dir='ltr'><strong>vindobonensi</strong></span> <span class='ocrx_word' id='word_1_324' title='bbox 3250 3766 3353 3816; x_wconf 75' lang='lat' dir='ltr'><strong>inm</strong></span> <span class='ocrx_word' id='word_1_325' title='bbox 3386 3763 3575 3816; x_wconf 80' lang='lat' dir='ltr'><strong>dudum</strong></span> 
     </span>
     <span class='ocr_line' id='line_1_31' title="bbox 716 3853 3575 3921; baseline -0.001 -14"><span class='ocrx_word' id='word_1_326' title='bbox 716 3856 892 3907; x_wconf 85' lang='lat' dir='ltr'><strong>domus</strong></span> <span class='ocrx_word' id='word_1_327' title='bbox 929 3854 1347 3905; x_wconf 64' lang='lat' dir='ltr'><strong>vindobonensis.</strong></span> <span class='ocrx_word' id='word_1_328' title='bbox 1385 3882 1448 3891; x_wconf 92' lang='lat'><strong>-·</strong></span> <span class='ocrx_word' id='word_1_329' title='bbox 1501 3854 1623 3903; x_wconf 87' lang='lat' dir='ltr'><strong>Cum</strong></span> <span class='ocrx_word' id='word_1_330' title='bbox 1659 3854 1805 3905; x_wconf 71' lang='lat' dir='ltr'><strong>dato:</strong></span> <span class='ocrx_word' id='word_1_331' title='bbox 1853 3853 2067 3905; x_wconf 85' lang='lat' dir='ltr'><strong>Viterbii</strong></span> <span class='ocrx_word' id='word_1_332' title='bbox 2100 3853 2213 3904; x_wconf 87' lang='lat' dir='ltr'><strong>idus</strong></span> <span class='ocrx_word' id='word_1_333' title='bbox 2248 3853 2437 3920; x_wconf 80' lang='lat' dir='ltr'><strong>septbr.</strong></span> <span class='ocrx_word' id='word_1_334' title='bbox 2474 3872 2525 3921; x_wconf 85' lang='lat' dir='ltr'><strong>p.</strong></span> <span class='ocrx_word' id='word_1_335' title='bbox 2551 3872 2600 3905; x_wconf 91' lang='lat' dir='ltr'><strong>n.</strong></span> <span class='ocrx_word' id='word_1_336' title='bbox 2637 3873 2684 3906; x_wconf 77' lang='lat' dir='ltr'><strong>a.</strong></span> <span class='ocrx_word' id='word_1_337' title='bbox 2708 3856 2758 3907; x_wconf 86' lang='lat'><strong>3.</strong></span> <span class='ocrx_word' id='word_1_338' title='bbox 2822 3856 2886 3907; x_wconf 87' lang='lat' dir='ltr'><strong>R.</strong></span> <span class='ocrx_word' id='word_1_339' title='bbox 2916 3855 3014 3906; x_wconf 84' lang='lat'><strong>138</strong></span> <span class='ocrx_word' id='word_1_340' title='bbox 3050 3855 3182 3906; x_wconf 74' lang='lat' dir='ltr'><strong>inter</strong></span> <span class='ocrx_word' id='word_1_341' title='bbox 3216 3853 3575 3914; x_wconf 55' lang='lat' dir='ltr'><strong>Treveros-siu</strong></span> 
     </span>
     <span class='ocr_line' id='line_1_32' title="bbox 716 3941 3575 4010; baseline 0 -15"><span class='ocrx_word' id='word_1_342' title='bbox 716 3944 869 3995; x_wconf 81' lang='lat' dir='ltr'><strong>A.16</strong></span> <span class='ocrx_word' id='word_1_343' title='bbox 904 3961 956 4010; x_wconf 90' lang='lat' dir='ltr'><strong>p.</strong></span> <span class='ocrx_word' id='word_1_344' title='bbox 975 3943 1045 3995; x_wconf 87' lang='lat'><strong>43</strong></span> <span class='ocrx_word' id='word_1_345' title='bbox 1085 3942 1336 4007; x_wconf 81' lang='lat' dir='ltr'><strong>„Baruli“.</strong></span> <span class='ocrx_word' id='word_1_346' title='bbox 1399 3941 1656 4009; x_wconf 81' lang='lat' dir='ltr'><strong>Originale</strong></span> <span class='ocrx_word' id='word_1_347' title='bbox 1702 3959 1814 3993; x_wconf 89' lang='lat' dir='ltr'><strong>cum</strong></span> <span class='ocrx_word' id='word_1_348' title='bbox 1859 3941 1998 3993; x_wconf 79' lang='lat' dir='ltr'><strong>bulla</strong></span> <span class='ocrx_word' id='word_1_349' title='bbox 2034 3952 2087 3994; x_wconf 82' lang='lat' dir='ltr'><strong>et</strong></span> <span class='ocrx_word' id='word_1_350' title='bbox 2130 3951 2519 4010; x_wconf 81' lang='lat' dir='ltr'><strong>transsumptum</strong></span> <span class='ocrx_word' id='word_1_351' title='bbox 2555 3943 2605 3994; x_wconf 90' lang='lat' dir='ltr'><strong>d.</strong></span> <span class='ocrx_word' id='word_1_352' title='bbox 2632 3944 2681 3995; x_wconf 94' lang='lat' dir='ltr'><strong>d.</strong></span> <span class='ocrx_word' id='word_1_353' title='bbox 2717 3943 2959 3995; x_wconf 66' lang='lat' dir='ltr'><strong>Revaliae</strong></span> <span class='ocrx_word' id='word_1_354' title='bbox 2998 3944 3131 3995; x_wconf 84' lang='lat'>1415</span> <span class='ocrx_word' id='word_1_355' title='bbox 3180 3944 3352 3994; x_wconf 85' lang='lat' dir='ltr'><strong>decbr.</strong></span> <span class='ocrx_word' id='word_1_356' title='bbox 3376 3942 3449 3993; x_wconf 83' lang='lat'><strong>24</strong></span> <span class='ocrx_word' id='word_1_357' title='bbox 3482 3944 3575 3995; x_wconf 68' lang='lat' dir='ltr'><strong>sub</strong></span> 
     </span>
     <span class='ocr_line' id='line_1_33' title="bbox 717 4030 3576 4099; baseline -0 -15"><span class='ocrx_word' id='word_1_358' title='bbox 717 4032 892 4099; x_wconf 80' lang='lat' dir='ltr'><strong>sigillis</strong></span> <span class='ocrx_word' id='word_1_359' title='bbox 916 4032 1154 4083; x_wconf 84' lang='lat' dir='ltr'><strong>Iohannis</strong></span> <span class='ocrx_word' id='word_1_360' title='bbox 1190 4049 1273 4097; x_wconf 91' lang='lat' dir='ltr'><strong>ep.</strong></span> <span class='ocrx_word' id='word_1_361' title='bbox 1298 4030 1611 4083; x_wconf 76' lang='lat' dir='ltr'><strong>Revnliensis</strong></span> <span class='ocrx_word' id='word_1_362' title='bbox 1647 4040 1701 4081; x_wconf 87' lang='lat' dir='ltr'><strong>et</strong></span> <span class='ocrx_word' id='word_1_363' title='bbox 1735 4030 1940 4097; x_wconf 77' lang='lat' dir='ltr'><strong>capituli</strong></span> <span class='ocrx_word' id='word_1_364' title='bbox 1976 4032 2082 4083; x_wconf 81' lang='lat' dir='ltr'><strong>eius</strong></span> <span class='ocrx_word' id='word_1_365' title='bbox 2118 4048 2313 4083; x_wconf 87' lang='lat' dir='ltr'><strong>necnon</strong></span> <span class='ocrx_word' id='word_1_366' title='bbox 2350 4031 2547 4083; x_wconf 78' lang='lat' dir='ltr'><strong>abbatis</strong></span> <span class='ocrx_word' id='word_1_367' title='bbox 2584 4032 2650 4083; x_wconf 86' lang='lat' dir='ltr'><strong>de</strong></span> <span class='ocrx_word' id='word_1_368' title='bbox 2674 4032 2844 4094; x_wconf 69' lang='lat' dir='ltr'><strong>Fadia,</strong></span> <span class='ocrx_word' id='word_1_369' title='bbox 2882 4034 3176 4085; x_wconf 73' lang='lat' dir='ltr'><strong>auctoritate</strong></span> <span class='ocrx_word' id='word_1_370' title='bbox 3206 4032 3328 4083; x_wconf 83' lang='lat' dir='ltr'><strong>dicti</strong></span> <span class='ocrx_word' id='word_1_371' title='bbox 3352 4032 3576 4099; x_wconf 77' lang='lat' dir='ltr'><strong>episcopi</strong></span> 
     </span>
     <span class='ocr_line' id='line_1_34' title="bbox 718 4120 3569 4188; baseline 0 -15"><span class='ocrx_word' id='word_1_372' title='bbox 718 4122 998 4173; x_wconf 81' lang='lat' dir='ltr'><strong>confectum</strong></span> <span class='ocrx_word' id='word_1_373' title='bbox 1045 4120 1096 4171; x_wconf 89' lang='lat' dir='ltr'><strong>in</strong></span> <span class='ocrx_word' id='word_1_374' title='bbox 1143 4120 1342 4171; x_wconf 83' lang='lat' dir='ltr'><strong>archivo</strong></span> <span class='ocrx_word' id='word_1_375' title='bbox 1379 4120 1763 4186; x_wconf 75' lang='lat' dir='ltr'><strong>Regimontano.</strong></span> <span class='ocrx_word' id='word_1_376' title='bbox 1827 4120 2083 4186; x_wconf 79' lang='lat' dir='ltr'><strong>originale</strong></span> <span class='ocrx_word' id='word_1_377' title='bbox 2131 4121 2381 4187; x_wconf 79' lang='lat' dir='ltr'><strong>quondam</strong></span> <span class='ocrx_word' id='word_1_378' title='bbox 2415 4120 2660 4171; x_wconf 87' lang='lat' dir='ltr'><strong>Iuncense</strong></span> <span class='ocrx_word' id='word_1_379' title='bbox 2698 4122 2959 4188; x_wconf 53' lang='lat' dir='ltr'><strong>(conflxae)</strong></span> <span class='ocrx_word' id='word_1_380' title='bbox 2995 4122 3047 4172; x_wconf 91' lang='lat' dir='ltr'><strong>in</strong></span> <span class='ocrx_word' id='word_1_381' title='bbox 3084 4121 3284 4173; x_wconf 80' lang='lat' dir='ltr'><strong>archivo</strong></span> <span class='ocrx_word' id='word_1_382' title='bbox 3310 4122 3569 4173; x_wconf 83' lang='lat' dir='ltr'><strong>Vindobo-</strong></span> 
     </span>
    </p>
   </div>
   <div class='ocr_carea' id='block_1_11' title="bbox 717 4208 3573 4367">
    <p class='ocr_par' dir='ltr' id='par_1_11' title="bbox 717 4208 3573 4367">
     <span class='ocr_line' id='line_1_35' title="bbox 717 4208 3573 4277; baseline 0 -16"><span class='ocrx_word' id='word_1_383' title='bbox 717 4210 879 4272; x_wconf 83' lang='lat' dir='ltr'><strong>nensi,</strong></span> <span class='ocrx_word' id='word_1_384' title='bbox 916 4226 1028 4260; x_wconf 90' lang='lat' dir='ltr'><strong>cum</strong></span> <span class='ocrx_word' id='word_1_385' title='bbox 1063 4208 1202 4264; x_wconf 72' lang='lat' dir='ltr'><strong>bulla</strong></span> <span class='ocrx_word' id='word_1_386' title='bbox 1235 4210 1288 4259; x_wconf 93' lang='lat' dir='ltr'><strong>in</strong></span> <span class='ocrx_word' id='word_1_387' title='bbox 1323 4208 1421 4261; x_wconf 83' lang='lat' dir='ltr'><strong>filis</strong></span> <span class='ocrx_word' id='word_1_388' title='bbox 1457 4209 1659 4261; x_wconf 87' lang='lat' dir='ltr'><strong>sericeis</strong></span> <span class='ocrx_word' id='word_1_389' title='bbox 1693 4209 1858 4261; x_wconf 86' lang='lat' dir='ltr'><strong>rubris</strong></span> <span class='ocrx_word' id='word_1_390' title='bbox 1893 4218 1947 4259; x_wconf 89' lang='lat' dir='ltr'><strong>et</strong></span> <span class='ocrx_word' id='word_1_391' title='bbox 1972 4209 2123 4261; x_wconf 84' lang='lat' dir='ltr'><strong>luteis</strong></span> <span class='ocrx_word' id='word_1_392' title='bbox 2150 4226 2393 4277; x_wconf 75' lang='lat' dir='ltr'><strong>appensa,</strong></span> <span class='ocrx_word' id='word_1_393' title='bbox 2430 4209 2566 4261; x_wconf 89' lang='lat' dir='ltr'><strong>unde</strong></span> <span class='ocrx_word' id='word_1_394' title='bbox 2590 4209 2751 4262; x_wconf 85' lang='lat' dir='ltr'><strong>edidit</strong></span> <span class='ocrx_word' id='word_1_395' title='bbox 2772 4210 2981 4262; x_wconf 86' lang='lat' dir='ltr'><strong>Hennes</strong></span> <span class='ocrx_word' id='word_1_396' title='bbox 3004 4210 3046 4272; x_wconf 92' lang='lat'><strong>1,</strong></span> <span class='ocrx_word' id='word_1_397' title='bbox 3076 4210 3176 4261; x_wconf 83' lang='lat'><strong>156</strong></span> <span class='ocrx_word' id='word_1_398' title='bbox 3210 4228 3261 4263; x_wconf 85' lang='lat' dir='ltr'><strong>n.</strong></span> <span class='ocrx_word' id='word_1_399' title='bbox 3287 4210 3386 4271; x_wconf 69' lang='lat'><strong>693</strong></span> <span class='ocrx_word' id='word_1_400' title='bbox 3420 4211 3487 4263; x_wconf 76' lang='lat' dir='ltr'><strong>A.</strong></span> <span class='ocrx_word' id='word_1_401' title='bbox 3510 4210 3573 4261; x_wconf 87' lang='grc'><strong>16</strong></span> 
     </span>
     <span class='ocr_line' id='line_1_36' title="bbox 717 4298 1195 4367; baseline 0.002 -16"><span class='ocrx_word' id='word_1_402' title='bbox 717 4316 770 4367; x_wconf 84' lang='lat' dir='ltr'><strong>p.</strong></span> <span class='ocrx_word' id='word_1_403' title='bbox 795 4298 866 4350; x_wconf 77' lang='lat'><strong>73</strong></span> <span class='ocrx_word' id='word_1_404' title='bbox 907 4298 1195 4366; x_wconf 83' lang='lat' dir='ltr'><strong>„Colonie“.</strong></span> 
     </span>
    </p>
   </div>
   <div class='ocr_carea' id='block_1_12' title="bbox 725 4524 3570 4639">
    <p class='ocr_par' dir='ltr' id='par_1_12' title="bbox 725 4524 3570 4639">
     <span class='ocr_line' id='line_1_37' title="bbox 725 4524 3570 4639; baseline -0.001 -20"><span class='ocrx_word' id='word_1_405' title='bbox 725 4548 900 4619; x_wconf 85' lang='lat'><strong>5⁷0.</strong></span> <span class='ocrx_word' id='word_1_406' title='bbox 943 4524 1130 4616; x_wconf 77' lang='grc'><em>’1257</em></span> <span class='ocrx_word' id='word_1_407' title='bbox 1174 4554 1430 4637; x_wconf 56' lang='lat' dir='ltr'><strong>anquam·</strong></span> <span class='ocrx_word' id='word_1_408' title='bbox 1455 4551 1544 4617; x_wconf 88' lang='lat'><strong>20</strong></span> <span class='ocrx_word' id='word_1_409' title='bbox 1587 4550 1866 4617; x_wconf 62' lang='lat' dir='ltr'><strong>Viterbii.</strong></span> <span class='ocrx_word' id='word_1_410' title='bbox 1932 4549 2298 4615; x_wconf 62' lang='lat' dir='ltr'><strong>Alexander</strong></span> <span class='ocrx_word' id='word_1_411' title='bbox 2328 4549 2440 4616; x_wconf 78' lang='lat' dir='ltr'><strong>JV</strong></span> <span class='ocrx_word' id='word_1_412' title='bbox 2465 4554 2688 4639; x_wconf 62' lang='lat' dir='ltr'><strong>repetit</strong></span> <span class='ocrx_word' id='word_1_413' title='bbox 2728 4574 2791 4615; x_wconf 68' lang='grc' dir='ltr'><strong>η.</strong></span> <span class='ocrx_word' id='word_1_414' title='bbox 2818 4551 2951 4618; x_wconf 82' lang='lat'><strong>568</strong></span> <span class='ocrx_word' id='word_1_415' title='bbox 2979 4553 3056 4618; x_wconf 73' lang='lat' dir='ltr'><strong>de</strong></span> <span class='ocrx_word' id='word_1_416' title='bbox 3084 4552 3265 4618; x_wconf 86' lang='lat'><em>1257</em></span> <span class='ocrx_word' id='word_1_417' title='bbox 3295 4576 3442 4639; x_wconf 61' lang='lat' dir='ltr'><strong>any.</strong></span> <span class='ocrx_word' id='word_1_418' title='bbox 3467 4554 3570 4620; x_wconf 84' lang='lat'><strong>12.</strong></span> 
     </span>
    </p>
   </div>
   <div class='ocr_carea' id='block_1_13' title="bbox 721 4690 3573 4892">
    <p class='ocr_par' dir='ltr' id='par_1_13' title="bbox 721 4690 3573 4892">
     <span class='ocr_line' id='line_1_38' title="bbox 941 4690 3573 4771; baseline 0.002 -14"><span class='ocrx_word' id='word_1_419' title='bbox 941 4691 1306 4759; x_wconf 86' lang='lat' dir='ltr'><strong>Alexander</strong></span> <span class='ocrx_word' id='word_1_420' title='bbox 1353 4698 1467 4759; x_wconf 88' lang='lat' dir='ltr'><strong>etc.</strong></span> <span class='ocrx_word' id='word_1_421' title='bbox 1679 4691 2069 4759; x_wconf 88' lang='lat' dir='ltr'><strong>Dilectorum</strong></span> <span class='ocrx_word' id='word_1_422' title='bbox 2099 4690 2367 4757; x_wconf 89' lang='lat' dir='ltr'><strong>filiorum</strong></span> <span class='ocrx_word' id='word_1_423' title='bbox 2402 4698 2519 4759; x_wconf 89' lang='lat' dir='ltr'><strong>etc.</strong></span> <span class='ocrx_word' id='word_1_424' title='bbox 2567 4692 2803 4771; x_wconf 88' lang='lat' dir='ltr'><strong>Datum</strong></span> <span class='ocrx_word' id='word_1_425' title='bbox 2831 4693 3096 4765; x_wconf 86' lang='lat' dir='ltr'><strong>Viterbii</strong></span> <span class='ocrx_word' id='word_1_426' title='bbox 3128 4694 3247 4767; x_wconf 79' lang='lat' dir='ltr'><strong>xiii</strong></span> <span class='ocrx_word' id='word_1_427' title='bbox 3274 4693 3573 4763; x_wconf 82' lang='lat' dir='ltr'><strong>kalendas</strong></span> 
     </span>
     <span class='ocr_line' id='line_1_39' title="bbox 721 4798 2263 4892; baseline -0.002 -25"><span class='ocrx_word' id='word_1_428' title='bbox 721 4799 1097 4890; x_wconf 87' lang='lat' dir='ltr'><strong>septembris</strong></span> <span class='ocrx_word' id='word_1_429' title='bbox 1143 4798 1544 4892; x_wconf 85' lang='lat' dir='ltr'><strong>pontificatus</strong></span> <span class='ocrx_word' id='word_1_430' title='bbox 1589 4800 1792 4870; x_wconf 87' lang='lat' dir='ltr'><strong>nostri</strong></span> <span class='ocrx_word' id='word_1_431' title='bbox 1838 4819 2001 4866; x_wconf 85' lang='lat' dir='ltr'><strong>anno</strong></span> <span class='ocrx_word' id='word_1_432' title='bbox 2048 4798 2263 4867; x_wconf 87' lang='lat' dir='ltr'><strong>tercio.</strong></span> 
     </span>
    </p>
   </div>
   <div class='ocr_carea' id='block_1_14' title="bbox 3627 0 3825 5609">
    <p class='ocr_par' dir='ltr' id='par_1_14' title="bbox 3627 0 3825 5609">
     <span class='ocr_line' id='line_1_40' title="bbox 3627 0 3825 5609; baseline 0 0"><span class='ocrx_word' id='word_1_433' title='bbox 3627 0 3825 5609; x_wconf 95' lang='lat' dir='ltr'><strong> </strong></span> 
     </span>
    </p>
   </div>
  </div>
 </body>
</html>
