3892 5609
1261 360 1566 411 Pnnssm.
1637 362 1823 411 Nova
1867 364 2187 413 1111101111
3016 356 3053 425 1
3069 354 3110 424 9
3124 355 3165 424 7

273 520 391 589 vel
436 521 774 589 donatione
820 541 933 587 seu
977 520 1314 587 cuiuslibet
1360 522 1755 590 alienationis
1802 524 2012 609 specie
2056 526 2330 589 tractare
2374 522 2509 590 sine
2554 528 2769 590 nostro
2816 524 3077 591 oonsilio
3109 531 3173 592 et

275 648 618 695 consensu.
693 629 795 695 Ad
839 628 956 694 hec
1003 630 1195 694 etiam
1249 630 1678 715 promiserunt
1727 631 2014 697 homines
2058 636 2309 695 nostros
2368 630 2708 716 populares
2767 631 3015 697 servilis
3060 652 3173 699 seu

273 734 490 801 libere
534 736 909 801 conditionis
955 755 1072 801 nec
1118 755 1232 821 per
1279 756 1346 801 se
1391 756 1507 801 nec
1553 757 1668 826 per
1714 737 1870 802 alios
1918 737 2313 822 aliquatenus
2362 757 2657 820 avocare,
2718 738 2941 821 etiam,
2989 739 3045 803 si
3092 739 3174 805 ad

275 842 466 927 ipsos
511 847 736 928 sponte
779 842 1169 926 transierint,
1217 842 1574 909 nullatenus
1605 844 1896 910 retinere.
1967 844 2097 908 Nos
2130 862 2377 928 quoque
2408 846 2837 929 promittimus
2868 844 3172 911 fratribus

279 948 647 1031 antedictis,
693 954 766 1014 ut
809 949 1094 1035 ipsorum
1141 950 1308 1015 cives
1355 955 1418 1015 et
1464 971 1678 1017 omnes
1725 950 2110 1017 habitatores
2156 952 2459 1017 territorii
2492 951 2758 1037 sepefati
2802 970 3043 1016 necnon
3092 952 3175 1017 ad

277 1055 486 1141 ipsoS‚
531 1060 607 1120 ut
648 1075 788 1121 cum
821 1056 912 1121 eis
957 1061 1276 1137 maneant,
1324 1061 1724 1123 transeuntes
1752 1077 1868 1143 per
1899 1063 2101 1123 terras
2134 1062 2383 1123 nostras
2418 1062 2481 1123 et
2508 1064 2867 1124 nostrorum
2899 1055 3173 1125 filiorum

281 1162 371 1227 ab
423 1162 596 1227 omni
639 1163 966 1228 exactione
1013 1162 1286 1229 thelonei
1335 1169 1398 1230 et
1443 1164 1710 1229 aliorum
1754 1163 1988 1229 iurium
2035 1164 2163 1230 sint
2206 1166 2530 1248 inmuneS,
2588 1168 2653 1230 et
2694 1164 2819 1229 nisi
2864 1166 3030 1231 iusto
3077 1166 3174 1231 in-

279 1268 655 1354 pedimento
709 1268 1078 1354 prohibente
1138 1271 1443 1353 magister
1501 1270 1738 1336 ordinis
1796 1270 1895 1336 vel
1952 1270 2152 1356 ipsius
2208 1268 2347 1336 loco
2407 1270 2567 1337 alius
2625 1271 3004 1338 constitutus
3058 1292 3176 1357 per

279 1395 410 1441 nos
456 1395 570 1462 pro
629 1377 947 1440 communi
993 1382 1161 1442 terre
1205 1381 1420 1442 nostre
1466 1376 1567 1442 vel
1612 1378 1894 1463 ipsorum
1950 1377 2210 1443 consilio
2257 1383 2550 1444 evocatus
2610 1378 2903 1444 accedere
2957 1398 3177 1464 perso-

280 1482 524 1548 naliter
567 1502 693 1547 non
739 1488 1003 1548 recuset.
1073 1483 1462 1569 Quicumque
1507 1485 1702 1567 igitur
1745 1482 2105 1570 principum
2154 1504 2263 1551 seu
2316 1485 2668 1570 potentium
2717 1484 2983 1550 aliorum
3030 1484 3177 1551 huic

283 1588 618 1655 donationi
675 1593 891 1655 nostre
944 1590 1111 1656 facto
1167 1590 1268 1657 vel
1333 1590 1594 1657 oonsilio
1651 1590 1922 1656 voluerit
1980 1592 2323 1675 contraire,
2392 1591 2896 1675 indignacionem
2954 1591 3055 1657 dei
3112 1596 3177 1659 et

283 1695 477 1763 beate
525 1697 786 1779 virginis
824 1696 1023 1762 Marie
1067 1717 1308 1763 necnon
1358 1698 1636 1763 omnium
1685 1696 2029 1764 electorum
2075 1698 2208 1763 eius
2254 1697 2582 1764 habiturus
2629 1717 2771 1763 cum
2809 1698 3067 1763 Dathan
3114 1704 3179 1764 et

283 1802 538 1868 Abiron
586 1804 856 1889 accipiat
900 1804 1280 1889 porcionem.
1350 1805 1580 1870 Actum
1621 1824 1784 1870 anno
1831 1804 2035 1887 gratie
2080 1813 2171 1869 111ο
2202 1814 2297 1869 cc⁰
2328 1825 2461 1870 xxx
2490 1806 2579 1871 vii
2623 1805 2737 1871 viii
2767 1804 2908 1871 idus
2954 1806 3177 1899 marcii

281 1908 509 1975 littera
551 1909 912 1975 dominicali
959 1910 1017 1976 D
1065 1911 1130 1975 in
1178 1909 1469 1976 Gambin.

511 2050 770 2115 originale
805 2050 856 2100 in
894 2051 1068 2100 charta
1105 2066 1440 2116 pergamena,
1487 2067 1548 2101 ex
1597 2068 1696 2115 qua
1742 2067 1876 2100 nunc
1925 2057 2120 2099 tantum
2168 2050 2405 2115 pendent,
2444 2050 2719 2100 secundum
2762 2058 2817 2101 et
2860 2050 3063 2101 tertium
3104 2050 3175 2102 ei·-

286 2136 444 2203 gilla,
501 2155 565 2188 ex
616 2137 932 2190 Berolinensi
987 2139 1190 2189 archivo
1244 2140 1500 2189 secretiori
1552 2138 1912 2204 Regimontum
1966 2138 2017 2188 in
2073 2138 2327 2188 archivum
2380 2139 2576 2203 regium
2627 2138 2765 2188 venit
2816 2138 2969 2189 1865.
3045 2138 3174 2189 Par-

285 2235 398 2277 tem
433 2226 598 2276 edidit
620 2226 777 2292 Voigt
813 2227 1119 2277 Geschichte
1155 2226 1428 2278 Preul'sens
1465 2228 1532 2288 11,
1571 2226 1691 2277 277.
1913 2228 1957 2276 1.
2000 2226 2067 2276 H.
2088 2226 2151 2277 V.
2218 2226 2291 2275 of.
2328 2226 2478 2276 Lisch
2514 2226 2621 2276 Der
2657 2224 2968 2291 preul'sische
3005 2224 3179 2277 Orden

287 2314 390 2365 der
411 2312 581 2365 Ritter
603 2308 918 2366 von'Dobrin
955 2316 1006 2365 in
1032 2314 1402 2381 Mecklenburg
1437 2316 1488 2365 in
1513 2315 1834 2366 Jahrboeher
1871 2314 1962 2365 des
1989 2314 2202 2364 Vereins
2238 2314 2321 2363 ffir
2345 2314 2847 2380 meeklenburgisehe
2873 2314 3179 2365 Geschichte

288 2400 402 2452 und
438 2400 940 2455 Alterthumskunde.
995 2404 1251 2453 Schwerin
1282 2403 1433 2455 1849.
1481 2404 1623 2465 XIV,
1669 2403 1749 2455 17.
1815 2403 2054 2463 Quamvis
2094 2402 2369 2469 Gregorius
2394 2402 2469 2453 IX
2511 2402 2645 2453 1235
2684 2402 2829 2468 april.
2862 2402 2925 2453 19
2964 2402 3032 2467 (v.
3062 2402 3175 2454 bul-

287 2489 398 2540 lam
433 2491 586 2541 Iustis
622 2492 916 2557 petentium,
955 2491 1153 2542 Perusii
1189 2492 1274 2541 xiii
1311 2492 1412 2543 kal.
1448 2493 1566 2542 maii
1603 2509 1654 2559 Ρ.
1680 2510 1729 2542 11.
1758 2510 1803 2541 a.
1831 2492 1864 2543 9
1903 2508 1985 2558 ap.
2008 2490 2163 2557 Voigt
2198 2491 2250 2540 in
2286 2490 2526 2556 Beitrage
2562 2508 2651 2540 zur
2676 2490 2862 2542 Kunde
2886 2489 3179 2543 Preul'sens.

285 2576 622 2644 Konigsberg·
663 2579 812 2631 1822.
852 2581 914 2642 V,
952 2582 1078 2647 495)
1118 2580 1353 2631 unionem
1389 2580 1720 2631 Dobrinensis
1757 2590 1809 2630 et
1845 2580 2143 2630 Theutonici
2180 2579 2409 2630 ordinum
2445 2578 2830 2642 confirmaverit,
2865 2590 3037 2631 tamen
3071 2597 3174 2631 non

289 2684 470 2718 omnes
518 2667 650 2719 illius
698 2670 891 2735 equites
939 2670 1072 2719 hunc
1113 2670 1442 2720 intraverunt.
1511 2670 1649 2720 1240
1682 2668 1808 2719 iunii
1843 2668 1913 2717 28
1960 2668 2012 2717 in
2048 2666 2345 2734 Magnopoli
2388 2667 2641 2719 Iohannes
2687 2668 2915 2718 dominus
2950 2668 3171 2734 Magno-

289 2755 520 2822 polensis
569 2756 828 2807 confirmat
869 2759 1173 2809 monasterio
1219 2760 1407 2824 Campo
1445 2758 1576 2809 Solis
1614 2776 1646 2808 a
1687 2756 1967 2822 „militibus
2006 2756 2191 2806 Christi
2225 2756 2446 2806 Prucie“
2499 2764 2685 2805 emtam
2732 2757 2919 2808 curiam
2954 2756 3171 2808 Tscelin.

287 2845 601 2896 Praesentes
638 2846 955 2896 nominantur
989 2846 1122 2897 inter
1157 2856 1338 2897 testes:
1392 2847 1576 2912 „frater
1611 2824 2131 2909 Rauen,·Wedeghe,
2170 2844 2430 2896 conradus
2468 2844 2533 2896 de
2569 2844 2735 2906 Sture,
2772 2844 3071 2897 Fredericus
3108 2845 3173 2897 de

289 2934 534 2995 Lubowe‚
570 2933 890 2985 Reinhardus
927 2936 992 2985 de
1017 2935 1109 2998 Lu,
1148 2936 1342 2987 Olrieus
1381 2936 1446 2985 de
1471 2935 1564 2996 Lu,
1601 2936 1869 2995 IohanneS,
1907 2933 2258 2994 Heidenricus,
2297 2932 2635 2996 Hormannus,
2673 2933 2939 2985 Heinricus
2976 2933 3041 2985 de
3077 2934 3171 2995 Lu,

289 3022 480 3074 milites
519 3022 749 3073 Christi“.
812 3024 1034 3085 Quarum
1069 3023 1308 3091 plurimos
1344 3022 1800 3090 Megalopolitanos
1837 3039 1953 3075 esse
1988 3022 2138 3073 Lisch
2174 3023 2358 3089 probat
2392 3022 2427 3074 l.
2452 3038 2495 3073 e.
2526 3022 2607 3073 18.

1854 3166 2054 3174 ——0

296 3279 480 3349 205.
522 3282 700 3347 1243
744 3283 894 3347 iulii
929 3284 1020 3348 28
1061 3282 1160 3347 vel
1203 3285 1294 3349 29
1338 3280 1496 3364 (iiii0
1537 3284 1641 3347 die
1684 3284 1907 3349 stantia?
1954 3280 2129 3363 iulii)
2178 3280 2535 3367 Anagniae.
2612 3278 2983 3362 Guilelmus,
3034 3284 3172 3369 epi-

521 3411 746 3475 scopus
793 3388 1170 3455 Mutinensi&
1188 3439 1206 3470 ,
1267 3391 1652 3476 apostolicae
1707 3391 1872 3453 sedis
1931 3390 2202 3474 legatus,
2264 3388 2495 3453 limitat
2552 3400 2825 3473 quatuor
2867 3389 3175 3455 Pruseiae

523 3496 843 3561 dioeceses.

510 3617 578 3678 11,
619 3617 722 3667 134
735 3634 778 3668 v.
834 3617 894 3667 In
932 3618 1308 3669 confirmatione
1344 3618 1626 3669 Innocentii
1660 3618 1734 3668 IV
1773 3617 1823 3669 d.
1851 3616 1991 3667 1243
2028 3624 2124 3667 oet.
2150 3615 2200 3666 8.
2232 3646 2292 3653 —-
2328 3615 2415 3667 Or.
2446 3615 2499 3665 in
2536 3615 2738 3667 archivo
2774 3616 3175 3682 Regimontanog

293 3706 504 3771 saepius
539 3706 864 3771 impressum:
901 3706 1199 3757 Hartknoch
1237 3705 1304 3756 ad
1339 3705 1595 3771 Dusburg.
1649 3706 1805 3757 lenae
1841 3704 1992 3757 1679.
2042 3722 2093 3769 p.
2118 3702 2241 3756 477.
2300 3704 2431 3755 Aeta
2464 3703 2749 3757 Borussica.
2797 3704 3088 3771 Regimonti
3123 3713 3177 3757 et

293 3795 504 3861 Lipsiae
545 3792 695 3845 1731.
751 3793 828 3855 11,
866 3792 986 3845 612.
1058 3794 1256 3860 Dreger
1305 3794 1414 3845 eod.
1454 3794 1576 3859 dipl.
1611 3794 1942 3845 Pomeraniae
1988 3810 2039 3858 p.
2076 3792 2181 3843 242
2222 3810 2273 3843 11.
2307 3793 2421 3843 158.
2497 3793 2695 3844 Gebser
2733 3792 3037 3844 Gesehichte
3084 3794 3177 3845 der

295 3883 606 3934 Domkirche
641 3882 694 3933 in
716 3882 1058 3948 Konigsberg.
1113 3882 1439 3947 Konigsberg
1469 3882 1619 3933 1835.
1665 3900 1717 3947 p.
1749 3882 1829 3933 19.
1885 3882 2166 3932 watterich
2196 3882 2486 3947 (ἂι-1111110113
2512 3883 2602 3932 des
2627 3882 2918 3933 Deutsohen
2945 3881 3173 3933 Ordens-

296 3980 506 4023 stantes.
561 3971 772 4035 Leipzig
815 3968 964 4020 1857.
1019 3988 1070 4036 Ρ.
1102 3970 1206 4021 258
1243 3988 1290 4021 n.
1317 3970 1402 4021 29.
1475 3970 1806 4022 Monumenta
1837 3970 2093 4021 Warmiae
2139 3970 2257 4024 edd.
2282 3970 2502 4036 Woelky
2546 3980 2599 4021 et
2633 3970 2818 4037 Sango.
2879 3970 3175 4053 Moguntiae

297 4059 456 4111 1860.
509 4058 552 4121 1,
578 4058 610 4108 5
648 4076 698 4109 n.
723 4060 775 4109 5.
805 4088 864 4096 --
905 4058 985 4109 De
1024 4058 1144 4109 dato
1181 4059 1242 4109 cf.
1280 4076 1374 4111 scr.
1400 4075 1496 4108 rer.
1520 4058 1692 4110 Pruszz.
1719 4058 1810 4120 111,
1842 4058 1965 4109 464.

301 4333 481 4404 206.
525 4336 703 4402 1243
731 4348 884 4421 sept.
911 4335 1000 4401 23
1031 4333 1390 4420 Anayniae.
1466 4335 1863 4399 Innocentius
1901 4357 2085 4421 papa
2119 4334 2165 4399 Ι
2170 4334 2231 4401 V
2255 4337 2516 4401 mandat
2556 4334 2946 4421 provinciali
2976 4356 3175 4420 prae-

524 4444 876 4506 dicatorum
919 4444 990 4505 in
1035 4442 1430 4506 Alamannia
1489 4454 1546 4507 et
1587 4444 1844 4507 caeteris
1893 4444 2008 4526 qui
2050 4455 2493 4507 enumerantur
2534 4442 2841 4528 praelatis
2854 4488 2877 4521 ,
2932 4454 3003 4505 ut
3054 4463 3175 4527 pro

522 4549 803 4613 subsidio
831 4548 1125 4633 fratrum
1155 4548 1484 4633 hospitalis
1525 4571 1574 4611 s.
1601 4549 1856 4613 Mariae
1889 4547 2412 4614 Theatonicorum
2456 4551 2525 4613 in
2560 4549 2834 4613 Isivonia
2864 4570 2941 4613 ac
2969 4549 3175 4613 Prus-

522 4658 623 4721 eia
668 4678 910 4721 crucem
951 4657 1454 4743 praedicandam
1499 4667 1731 4721 curent.

523 4796 923 4862 Innocentius
973 4801 1088 4862 etc.
1139 4796 1336 4882 priori
1381 4795 1757 4883 provinciali
1800 4795 2071 4861 fratrum
2118 4794 2356 4861 ordinis
2404 4795 2867 4881 predicatorum
2912 4794 2980 4861 in
3024 4794 3181 4863 Ala-

269 4904 562 4973 „.mannia
607 4908 723 4969 etc.
805 4902 926 4980 Qui
969 4903 1153 4969 iustis
1201 4904 1408 4969 causis
1454 4902 1779 4969 hominum
1825 4902 2271 4989 promovendis
2321 4908 2685 4989 promptum
2732 4903 3013 4969 favorem
3058 4904 3179 4969 im·-

301 5009 684 5097 pendimus‚.
727 5014 904 5075 tanto
947 5009 1247 5099 libentius
1293 5010 1583 5093 vigilanti
1629 5030 1782 5077 cura
1837 5010 2135 5097 prosequi
2192 5010 2303 5096 pia
2347 5008 2645 5077 debemus
2690 5012 2951 5096 negocia
2992 5009 3180 5079 Ihesu
