3892 5609
1338 343 1759 394 Anmimu.
1829 337 2145 392 nomm
2259 341 2275 362 ⁸
2307 353 2312 362 ·
3018 330 3111 400 17
3123 331 3166 400 5

304 505 371 568 et
414 501 845 588 obiciendum,
902 505 1097 571 testes
1140 510 1361 572 contra
1403 525 1517 572 nos
1575 503 1915 592 productos
1960 503 2172 570 iurare
2215 501 2552 569 videndum
2608 505 2674 568 et
2725 506 2946 569 contra
2997 502 3172 589 ipsos

306 613 373 675 et
416 628 633 676 eorum
664 610 836 677 dicta
864 610 1217 697 dicendum,
1265 613 1531 691 crimina
1561 616 1625 679 et
1655 611 1931 677 defectus
1964 609 2428 697 opponendum,
2462 607 2916 696 replicandum,
2963 609 3171 695 dupli-

304 715 600 801 candum,
639 717 1109 804 triplicandam,
1153 719 1755 807 quadruplicandum
1768 768 1788 803 ,
1840 719 2274 784 attestationes
2325 717 2580 784 testium
2615 716 2922 804 publicari
2955 717 3172 783 viden-

308 823 483 906 dum,
528 823 597 889 in
640 844 833 892 causa
875 845 989 892 seu
1031 827 1237 893 causis
1282 826 1776 893 renunciandum
1823 831 1889 892 et
1916 824 2432 907 concludendum,
2477 823 2702 890 iudicis
2749 823 3023 890 officium
3050 825 3171 890 im·-

304 929 707 1016 plorandum,
754 931 1126 1000 beneficium
1169 933 1591 1001 restitucionis
1636 934 1705 1000 in
1746 932 2064 1016 integrum
2110 937 2174 1000 et
2217 931 2635 999 absolucionis
2672 930 3043 1016 simpliciter
3071 930 3172 998 vel

306 1037 393 1102 ad
436 1037 748 1106 cautelam
791 1041 1133 1127 petendum
1179 1046 1245 1109 et
1282 1041 1712 1126 obtinendum,
1758 1041 1880 1124 ius,
1926 1023 2330 1108 sentenciam
2343 1042 2407 1106 et
2435 1037 2786 1105 sentencias
2813 1042 2947 1104 tam
2975 1038 3170 1105 inter-

303 1143 649 1212 locutorias
695 1147 1025 1214 arbitrales
1070 1169 1258 1234 quam
1305 1148 1671 1216 diffinitivas
1712 1148 1866 1216 ferri
1910 1147 2254 1234 petendum
2301 1152 2364 1213 et
2404 1145 2782 1212 audiendum
2813 1150 2878 1212 et
2905 1145 2984 1212 ab
3012 1145 3170 1232 ipsis

306 1257 379 1320 et
420 1252 699 1338 quolibet
744 1254 866 1321 alio
922 1257 1285 1344 gravamine
1329 1257 1511 1323 nobis
1566 1255 1743 1323 illato
1790 1253 1890 1321 vel
1932 1253 2288 1338 inferendo,
2347 1253 2402 1318 si
2457 1273 2614 1340 opus
2666 1253 2886 1337 fuerit,
2941 1272 3170 1340 provo-

304 1359 579 1426 candum
594 1410 613 1444 ,
662 1361 1137 1449 appellandum,
1182 1364 1649 1432 reclamandum
1696 1368 1763 1430 et
1804 1361 2285 1449 supplicandum
2298 1411 2316 1445 ,
2363 1359 2680 1446 apostolos
2723 1361 3060 1447 petendum
3111 1367 3174 1427 et

306 1467 761 1554 recipiendum,
810 1489 1118 1557 expensas
1153 1472 1361 1539 taxari
1404 1471 1749 1559 petendum
1792 1475 1856 1536 et
1886 1468 2340 1555 recipiendum,
2384 1467 2630 1534 litteras
2660 1487 3063 1554 quascunque
3109 1473 3172 1534 et
3275 1500 3282 1510 ·

304 1574 615 1642 mandata
658 1581 787 1642 tam
834 1577 911 1644 de
956 1579 1199 1664 gracia,
1246 1599 1436 1664 quam
1482 1579 1558 1645 de
1601 1577 1854 1645 iusticia
1896 1575 2365 1663 impetrandum
2409 1580 2475 1642 et
2517 1575 2608 1642 eis
2652 1576 2952 1642 utendum
2967 1625 2989 1659 ,
3032 1573 3174 1642 loca

306 1687 379 1748 et
420 1681 658 1750 iudices
692 1683 1059 1768 ,eligendum
1107 1689 1171 1752 et
1212 1686 1629 1753 recusandum
1676 1683 1848 1750 etde
1878 1683 1970 1750 eis
2010 1681 2504 1750 conveniendum
2537 1686 2602 1749 et
2629 1702 2819 1769 super
2847 1681 3172 1769 premissis

306 1788 605 1856 omnibus
636 1795 700 1857 et
728 1790 991 1876 sing-ulis
1020 1793 1515 1877 transigendum,
1548 1791 2065 1877 componendum,
2103 1789 2546 1876 paciscendum
2576 1795 2640 1857 et
2667 1789 3172 1858 concordandum

307 1901 379 1961 et
433 1897 809 1980 generaliter
864 1899 1073 1966 omnia
1125 1900 1250 1967 alia
1290 1907 1359 2007 ὅτ
1410 1899 1661 1983 singula
1716 1897 2103 1981 faciendum,
2158 1897 2653 1983 procurandum,
2709 1896 3053 1981 gerendum
3111 1900 3175 1963 et
3283 1951 3288 1960 .

307 2003 759 2089 exercendum,
812 2025 931 2090 que
974 2007 1109 2073 veri
1160 2012 1597 2093 procuratores
1640 2006 1849 2072 facere
1894 2009 2153 2092 possent
2197 2009 2260 2071 et
2303 2003 2603 2072 deberent
2647 2008 2711 2071 et
2755 2024 2875 2090 que
2918 2005 2985 2069 in
3029 2023 3172 2090 pre-
3293 2073 3310 2101 Ι

304 2110 527 2178 missis
572 2117 637 2177 et
678 2112 847 2179 circa
889 2114 1203 2200 premissa
1244 2133 1359 2182 seu
1404 2113 1726 2199 quodlibet
1770 2114 2222 2201 premissorum
2271 2117 2334 2178 et
2388 2111 2880 2198 dependencium
2893 2161 2912 2195 ,
2971 2130 3171 2177 emer-

304 2218 605 2302 gencium
649 2224 715 2285 et
756 2239 1179 2288 connexorum
1225 2242 1305 2289 ex
1351 2223 1441 2289 eis
1486 2221 1839 2288 necessaria
1880 2221 2117 2289 fuerint
2159 2239 2272 2286 seu
2317 2223 2626 2306 oportuna
2664 2222 2729 2285 et
2768 2239 2889 2303 que
2925 2222 3174 2284 nosmet

306 2325 555 2410 dicere,
608 2327 816 2394 facere
860 2333 925 2394 et
967 2347 1259 2396 exercere
1301 2349 1660 2416 possemus,
1718 2329 1775 2396 si
1817 2327 2145 2417 premissis
2192 2327 2481 2394 omnibus
2527 2332 2592 2393 et
2635 2323 2900 2410 singulis
2953 2343 3172 2412 perso-

306 2431 543 2500 naliter
587 2433 1053 2521 interessemus,
1102 2437 1297 2504 eciam
1330 2437 1388 2503 si
1419 2456 1541 2521 que
1584 2438 1731 2520 sint,
1777 2456 1897 2522 que
1941 2435 2309 2503 mandatum
2355 2435 2610 2517 exigant
2653 2432 2855 2518 magis
2901 2431 3173 2520 speciale

308 2543 379 2606 et
406 2540 653 2607 maiora
681 2547 911 2628 essent,
956 2563 1146 2628 quam
1174 2544 1243 2610 in
1270 2544 1553 2631 presenti
1580 2543 2014 2631 procuratorio
2045 2543 2172 2610 sint
2201 2561 2519 2629 expressa,
2567 2561 2641 2607 ac
2669 2541 2866 2607 eciam
2899 2539 2954 2606 si
2985 2557 3175 2606 causa

306 2645 461 2712 talis
504 2652 730 2716 nature
775 2651 1025 2736 existat,
1073 2652 1241 2736 quod
1281 2653 1671 2739 presenciam
1718 2656 2002 2718 nostram
2045 2650 2348 2736 requirat,
2393 2649 2612 2716 dantes
2660 2653 2724 2714 et
2764 2646 3174 2715 concedentes

310 2753 483 2820 dicto
526 2762 742 2822 nostro
785 2759 1179 2845 procuratori
1222 2758 1473 2845 plenam
1522 2763 1587 2826 et
1639 2758 1903 2826 liberam
1961 2763 2337 2846 potestatem
2383 2762 2448 2824 et
2491 2754 2762 2843 speciale
2804 2754 3174 2820 mandatum

308 2861 601 2947 predicta
644 2865 857 2931 omnia
899 2871 964 2932 et
1006 2865 1256 2949 sing-ula
1298 2865 1551 2933 nomine
1579 2872 1795 2932 nostro
1824 2866 2203 2950 faciendum,
2248 2865 2586 2949 gerendum
2635 2868 2700 2930 et
2734 2862 3173 2946 exercendum,

308 2987 558 3036 necnon
604 2991 797 3037 unum
842 2973 943 3038 vel
986 2974 1199 3060 plures
1258 2978 1728 3060 procuratorem
1776 2973 1875 3040 vel
1920 2977 2358 3061 procuratores
2403 2972 2471 3038 in
2514 2970 2839 3057 premissis
2885 2969 3174 3036 omnibus

313 3080 382 3143 et
426 3077 689 3161 singulis
734 3100 847 3146 seu
892 3100 1109 3148 eorum
1139 3081 1417 3167 quolibet
1460 3080 1935 3148 subsituendum
1968 3085 2113 3147 ante
2141 3079 2243 3146 vel
2286 3083 2432 3166 post
2472 3078 2606 3144 litis
2649 3077 3174 3145 contestacionem

312 3203 391 3250 ac
434 3183 843 3254 substitutum
886 3187 987 3254 vel
1032 3187 1403 3256 substitutos
1444 3189 1866 3256 revocandum
1912 3192 1977 3254 et
2020 3207 2177 3254 onus
2207 3185 2671 3274 procuracionis
2715 3186 2782 3251 in
2827 3205 2896 3253 se
2927 3204 3175 3252 reassu-

310 3291 614 3358 mendum
657 3295 926 3380 tociens,
973 3296 1268 3380 quociens
1314 3295 1435 3362 sibi
1477 3295 1791 3364 videbitur
1836 3295 2165 3382 expedire,
2211 3293 2563 3360 relevantes
2609 3293 2844 3360 dictum
2888 3297 3175 3358 nostrum

308 3405 786 3485 procuratorem
855 3407 921 3470 et
983 3403 1390 3470 substitutum
1461 3403 1559 3470 vel
1624 3402 2090 3470 substituendos
2169 3400 2248 3468 ab
2325 3400 2495 3466 omni
2572 3419 2762 3467 onere
2827 3397 3174 3466 satisdandi

309 3507 881 3594 promittentesque
934 3511 1179 3577 notario
1236 3515 1451 3578 nostro
1503 3510 1753 3597 publico
1810 3509 1979 3576 infra
2031 3509 2271 3594 scripto
2325 3507 2630 3590 legittime
2683 3506 3058 3594 stipulantes
3113 3511 3177 3572 et

311 3613 691 3699 recipientes
736 3615 965 3684 habere
1010 3617 1171 3686 velle
1213 3621 1421 3684 ratum
1466 3622 1532 3685 et
1572 3623 1855 3702 gratum,
1910 3615 2216 3703 quidquid
2258 3636 2374 3703 per
2419 3615 2656 3682 dictum
2697 3619 2984 3681 nostrum
3028 3633 3176 3700 pro·

311 3726 670 3789 curatorem
714 3742 789 3791 ac
833 3724 1203 3792 substitutos
1249 3724 1350 3792 vel
1392 3725 1859 3792 substituendos
1906 3724 1988 3791 ab
2033 3745 2107 3791 eo
2154 3728 2392 3806 actum,
2436 3722 2707 3807 factum,
2751 3726 2998 3806 gestum
3041 3721 3176 3788 sive

308 3833 721 3915 procuratum
764 3831 958 3898 fuerit
998 3833 1065 3897 in
1109 3832 1435 3919 premissis
1480 3833 1613 3926 sive
1658 3832 1867 3917 aliquo
1913 3830 2393 3918 premissorum,
2439 3829 2673 3896 iudicio
2718 3829 2858 3895 sisti
2903 3831 2968 3896 et
3009 3828 3173 3894 iudi-

310 3941 531 4002 catum
574 3936 736 4004 solvi
778 3939 896 4006 sub
945 3940 1116 4005 omni
1144 3945 1503 4007 nostrorum
1536 3945 1599 4006 et
1627 3935 2011 4024 magisterii²
2041 3960 2153 4008 seu
2195 3938 2586 4025 preceptorie
2621 3941 2838 4003 nostre
2870 3935 3175 4004 bonorum

311 4042 705 4127 obligacione
750 4051 815 4112 et
857 4046 1166 4133 ypotheca
1208 4067 1350 4114 cum
1396 4048 1685 4115 omnibus
1731 4052 1795 4114 et
1848 4045 2114 4130 singulis
2157 4044 2288 4111 suis
2343 4044 2638 4112 clausulis
2690 4043 3060 4110 necessariis
3109 4047 3173 4110 et

312 4150 667 4238 oportunis.
735 4152 811 4218 In
854 4173 1118 4238 quorum
1165 4155 1445 4221 omnium
1489 4153 1697 4239 fidem,
1744 4153 1937 4221 robur
1983 4159 2046 4220 et
2089 4152 2517 4222 testimonium
2562 4156 2887 4239 presentes
2929 4150 3175 4217 litteras

314 4258 453 4324 sive
495 4278 756 4345 presens
798 4260 1117 4346 publicum
1164 4262 1651 4329 instrumentum
1698 4261 2057 4328 huiusmodi
2099 4260 2566 4348 procuracionis
2599 4258 2967 4325 mandatum
2996 4259 3065 4324 in
3107 4277 3178 4325 se

310 4365 646 4434 continens
703 4367 929 4434 exinde
981 4367 1121 4435 fieri
1176 4374 1240 4436 et
1293 4389 1410 4456 per
1461 4371 1776 4436 notarium
1833 4369 2156 4457 publicum
2208 4367 2685 4452 infrascriptum
2752 4365 3060 4432 subscribi
3113 4369 3179 4431 et

306 4471 630 4560 publicari
672 4475 1111 4542 mandavimus
1156 4476 1477 4561 nostrique
1512 4477 1703 4561 sigilli
1732 4478 2030 4544 iussimus
2063 4475 2448 4563 appensione
2477 4472 2870 4539 communiri.
2938 4473 3177 4539 Datum

310 4585 381 4646 et
428 4583 639 4647 actum
682 4581 752 4647 in
797 4587 1003 4648 castro
1046 4588 1263 4650 nostro
1294 4582 1587 4650 Horneck
1616 4582 2091 4670 Herbipolensis
2121 4581 2388 4651 diocesis
2429 4600 2593 4647 anno
2626 4601 2664 4646 a
2693 4579 3022 4646 nativitate
3066 4579 3177 4645 do·

308 4687 478 4753 mini
532 4687 867 4756 millesimo
936 4689 1549 4775 quadringentesimo
1604 4691 1907 4775 vigesimo
1969 4696 2192 4776 quarto
2247 4690 2562 4757 indicione
2616 4687 2890 4754 secunda
2941 4685 3178 4752 mensis

312 4795 575 4878 augusti
630 4795 733 4862 die
787 4796 1157 4864 duodecima
1199 4796 1355 4864 hora
1409 4800 1746 4866 terciarum
1793 4798 1894 4865 vel
1950 4799 2165 4884 quasi,
2221 4795 2620 4884 pontificatus
2677 4793 3059 4860 sanctissimi
3109 4793 3178 4858 in

311 4901 571 4968 Christo
616 4903 817 4989 patris
862 4908 927 4970 et
969 4903 1207 4972 domini
1250 4907 1451 4973 nostri
1498 4906 1736 4972 domini
1778 4905 2039 4972 Martini
2081 4904 2298 4971 divina
2342 4903 2748 4991 providencia
2774 4921 2940 4989 pape
2975 4899 3180 4985 quinti

314 5029 487 5077 anno
530 5010 823 5097 septimo,
869 5011 1265 5098 presentibus
1310 5013 1599 5081 discretis
1641 5013 1797 5080 viris
1844 5011 2216 5080 Godehardo
2262 5011 2341 5078 de
2375 5009 2662 5096 Brachel,
2707 5009 3016 5094 armigero
3060 5006 3181 5075 Co-
