3892 5609
703 342 851 415 358
1683 352 2105 431 mmmmm
2150 352 2595 401 Romontm

701 510 879 582 473.
922 513 1099 580 1244
1145 513 1386 599 apm‘lis·
1418 512 1510 578 20
1552 512 1862 579 Laterani
1903 512 2018 599 (cf.
2053 514 2243 581 1247
2283 514 2432 579 iulii
2463 514 2572 594 20,
2620 514 2799 591 1248
2842 517 3130 580 ianuam‘i
3156 514 3301 595 19).
3368 515 3559 581 Inno-

925 623 1158 685 centius
1192 619 1302 686 IV
1331 624 1556 707 repetit
1599 620 1880 685 Honorii
1907 621 2032 687 III
2065 646 2128 685 n.
2162 621 2299 687 332
2342 623 2419 686 de
2463 612 2639 689 1221
2672 625 2970 687 ianuarii
3008 622 3117 688 19.

920 744 1319 811 Innocentius
1379 747 1517 828 etc..
1621 802 1627 807 .
1740 743 1896 811 Cum
1960 745 2037 812 de
2094 746 2246 811 viris
2294 780 2376 792 -—-
2424 744 2891 832 compellamur.
2985 745 3224 812 Datum
3269 743 3566 816 Laterani

699 853 792 920 xii
835 852 962 919 kal.
997 851 1150 918 maii
1193 850 1593 939 pontificatus
1639 854 1841 919 nostri
1889 872 2053 920 anno
2098 854 2325 941 primo.

909 977 1031 1027 Sine
1068 975 1215 1027 dato:
1253 976 1317 1026 A.
1340 974 1407 1026 16
1441 992 1492 1041 p.
1519 975 1588 1026 98
1629 975 1874 1041 „Iuncis“.
1903 1006 1967 1016 —-
2008 978 2131 1028 Cum
2167 978 2313 1028 dato:
2350 976 2589 1028 Laterani
2630 976 2694 1028 12
2728 975 2834 1028 kal.
2858 976 2975 1028 maii
3010 992 3061 1043 p.
3086 993 3136 1027 ιι.
3161 994 3211 1027 a.
3240 976 3287 1027 1.
3324 975 3567 1043 originale

698 1068 752 1117 in
789 1066 989 1117 archivo
1028 1064 1216 1115 ordinis
1253 1063 1550 1137 Theutonici
1575 1064 1974 1117 vindobonensi.
2012 1096 2075 1105 —-
2130 1067 2253 1118 Cum
2290 1066 2436 1117 dato:
2482 1066 2718 1132 Lugduni
2760 1065 2824 1117 13
2860 1065 2963 1116 kal.
2988 1080 3105 1131 aug.
3140 1082 3195 1131 p.
3216 1082 3269 1115 n.
3296 1082 3345 1115 a.
3366 1066 3418 1116 5.
3464 1065 3565 1115 ori·

697 1154 866 1221 ginale
902 1154 956 1204 in
992 1152 1194 1205 archivo
1230 1152 1626 1218 Regimontan03
1663 1153 1726 1205 cf.
1753 1154 2043 1221 Napiersky
2080 1155 2191 1207 Ind.
2214 1156 2266 1217 1,
2292 1154 2355 1206 21
2396 1173 2447 1207 n.
2464 1154 2550 1206 79.
2598 1154 2856 1221 Originale
2893 1170 3004 1205 cum
3039 1153 3176 1205 bulla
3210 1154 3263 1205 in
3302 1152 3402 1204 filis
3438 1155 3567 1205 seri·

697 1244 800 1295 ceis
835 1243 998 1293 rubris
1033 1249 1086 1293 et
1121 1241 1269 1293 luteis
1307 1258 1550 1308 appensa,
1587 1242 1840 1308 quondam
1877 1244 2276 1309 (confluentibus
2288 1246 2334 1311 ⁶2)
2371 1244 2555 1306 Iuncis,
2592 1259 2723 1295 nunc
2757 1244 2811 1294 in
2847 1242 3046 1294 archivo
3082 1242 3249 1295 ordini
3270 1240 3569 1294 Theutonici

696 1331 1092 1421 vindobonensi.
1121 1360 1184 1369 --
1225 1331 1349 1383 Cum
1385 1330 1529 1383 dato:
1567 1331 1806 1384 Laterani
1845 1332 1911 1382 14
1945 1332 2049 1383 kal.
2072 1332 2201 1385 febr.
2238 1350 2288 1399 p.
2312 1350 2363 1385 n.
2388 1351 2435 1385 a.
2462 1333 2513 1385 5.
2562 1332 2628 1386 A.
2656 1332 2721 1384 16
2756 1349 2809 1398 p.
2834 1331 2905 1383 36
2946 1330 3199 1397 „Bm-affl.

700 1535 879 1606 474.
922 1538 1099 1605 1244
1144 1538 1372 1624 apn'lis
1416 1537 1504 1604 20
1555 1536 1868 1605 Laterani
1909 1535 2024 1623 (cf.
2056 1541 2218 1603 maii
2258 1540 2377 1621 15,
2425 1540 2604 1607 1245
2645 1542 2867 1605 martii
2891 1540 2955 1621 2,
3001 1538 3183 1606 1246
3226 1539 3424 1626 april.
3456 1539 3565 1620 21,

920 1668 1064 1731 augy.
1097 1645 1206 1726 28,
1254 1644 1437 1711 1247
1481 1658 1666 1711 marc.
1700 1644 1838 1727 12).
1912 1645 2313 1713 Innocentius
2343 1646 2457 1713 IV
2484 1651 2710 1735 repetit
2756 1643 3055 1733 Greqorii
3082 1645 3190 1712 LX
3230 1670 3293 1711 n.
3326 1647 3467 1713 418
3494 1649 3569 1711 de

919 1751 1107 1818 1227
1151 1752 1301 1817 iulii
1339 1750 1402 1817 3.

922 1874 1322 1942 Innocentius
1369 1880 1485 1942 etc.
1712 1873 1870 1941 Cum
1917 1874 2130 1942 dilecti
2177 1912 2258 1922 —
2308 1896 2616 1944 curemus.
2686 1876 2923 1944 Datum
2952 1874 3255 1943 Laterani
3297 1876 3395 1943 xii
3438 1875 3561 1943 kal.

697 1983 851 2049 maii
893 1970 1296 2068 pontificatus
1341 1982 1546 2049 nostri
1589 2002 1755 2049 anno
1801 1983 2028 2069 primo.

853 2148 862 2157 .
911 2105 1033 2157 Sine
1069 2106 1215 2157 datoz
1252 2106 1316 2157 R.
1343 2105 1378 2157 6
1411 2106 1542 2157 inter
1577 2104 2023 2171 Norimbergensia
2056 2123 2107 2157 n.
2132 2106 2183 2158 8.
2238 2106 2429 2159 Citatur
2462 2106 2527 2159 R.
2552 2107 2621 2159 53
2658 2106 2788 2158 inter
2810 2105 3205 2173 Ratisponensia
3240 2125 3291 2158 ιι.
3314 2107 3379 2167 4ς
3416 2106 3481 2158 B..
3500 2106 3565 2159 89

695 2196 827 2248 inter
861 2194 1356 2261 Mergenthemensia
1389 2212 1438 2246 ιι.
1464 2196 1561 2255 513
1596 2193 1661 2246 R.
1691 2193 1786 2245 171
1827 2194 1959 2245 inter
1983 2194 2301 2261 Thuringica.
2331 2226 2394 2234 —
2435 2196 2558 2247 Gum
2595 2196 2741 2247 dato:
2778 2195 3015 2247 Laterani
3057 2195 3119 2245 12
3156 2194 3259 2246 kal.
3284 2196 3407 2246 maii
3438 2212 3491 2262 p.
3516 2212 3563 2246 ιι.

695 2304 743 2337 a.
771 2285 796 2335 1
838 2302 902 2336 ex
933 2292 1256 2346 transsumto,
1293 2283 1427 2349 quod
1454 2282 1679 2333 venetiis
1716 2282 2084 2347 asservabatur,
2122 2284 2401 2350 exemplato
2438 2292 2493 2335 et
2526 2284 2806 2349 subscripto
2842 2302 2874 2335 a
2910 2294 3121 2350 quatuor
3155 2284 3366 2335 notariis
3402 2285 3561 2351 impe-

695 2372 832 2425 rialis
879 2370 1026 2425 aulae
1071 2373 1136 2424 de
1173 2389 1304 2423 anno
1344 2372 1482 2423 1244
1527 2372 1630 2423 ind.
1655 2370 1706 2422 11
1752 2372 2055 2439 exscriptum
2100 2372 2153 2423 in
2200 2372 2261 2425 A.
2287 2373 2351 2423 16
2398 2390 2449 2438 p.
2480 2372 2560 2425 19.
2621 2372 2999 2424 Transsumtum
3044 2390 3136 2440 per
3170 2374 3391 2424 Tuscum
3426 2372 3563 2435 (ἔοι-ἰ,

694 2461 968 2529 imperialis
1015 2460 1161 2513 aulae
1201 2462 1451 2513 notarium
1490 2460 1625 2511 1247
1660 2459 1920 2511 Bononiae
1956 2460 2060 2512 ind.
2086 2461 2135 2511 v
2170 2479 2327 2513 mens.
2352 2462 2543 2515 ianuar.
2556 2501 2572 2526 ,
2616 2463 2799 2514 iterum
2834 2462 3177 2513 confirmatum
3210 2478 3305 2528 per
3339 2460 3561 2513 Marabi-

698 2552 863 2603 sinum
897 2550 1070 2617 Egizi,
1107 2568 1148 2601 s.
1175 2549 1276 2615 pal.
1302 2550 1439 2617 publ.
1463 2558 1594 2611 not„
1641 2547 1690 2599 d.
1718 2550 1766 2600 d.
1803 2549 2031 2601 venetiis
2063 2550 2197 2601 1258
2242 2552 2269 2601 1
2299 2551 2405 2603 ind.
2430 2551 2559 2605 febr.
2594 2568 2657 2603 ex
2694 2550 2841 2603 domo
2877 2552 3236 2619 Esshngensi?)
3275 2551 3328 2601 in
3364 2551 3563 2603 archivo

699 2640 888 2693 ordinis
925 2640 1218 2691 'l'heutonici
1253 2638 1648 2690 vindobonensi.
1693 2668 1751 2675 -—
1799 2639 1922 2689 (him
1960 2639 2105 2690 dato:
2154 2639 2391 2691 Laterani
2427 2641 2495 2692 id.
2520 2641 2639 2693 maii
2673 2658 2725 2707 p.
2749 2657 2800 2691 n.
2826 2658 2871 2691 a.
2902 2640 2947 2691 1.
2984 2648 3341 2691 transsumtum
3366 2641 3561 2691 vindo·

699 2730 863 2780 bonae
893 2728 1045 2779 1278.
1101 2728 1165 2779 10
1199 2728 1304 2779 kal.
1339 2729 1530 2779 ianuar.
1567 2744 1658 2794 per
1695 2728 1985 2795 Philippum
2020 2729 2305 2781 Firmanum
2342 2730 2632 2797 episcopum
2666 2730 2890 2795 legatum
2926 2728 3279 2795 apostolicum,
3316 2729 3458 2780 euius
3494 2729 3561 2780 ai-

699 2816 874 2883 gillum
910 2817 1008 2868 iam
1045 2817 1205 2879 deest,
1242 2818 1295 2868 in
1331 2818 1530 2869 archivo
1555 2817 1939 2883 Regimontano.
1966 2848 2025 2856 —-
2068 2818 2191 2869 Cum
2227 2818 2371 2870 dato:
2411 2818 2647 2885 Lugduni
2682 2818 2715 2869 6
2752 2818 2863 2869 idus
2900 2817 3065 2869 martii
3098 2835 3149 2884 p.
3175 2836 3225 2869 n.
3250 2836 3299 2869 a.
3326 2818 3359 2868 2
3398 2828 3561 2870 trans·

701 2914 914 2959 sumtum
953 2906 1002 2958 d.
1028 2906 1078 2957 d.
1115 2906 1420 2973 Wirziburgi
1459 2906 1594 2957 1418
1631 2907 1738 2957 dec.
1765 2906 1799 2956 2
1847 2908 1940 2958 sub
1978 2906 2141 2973 sigillo
2182 2908 2349 2959 curiae
2386 2916 2440 2959 et
2474 2907 2741 2959 autoritate
2778 2907 3011 2959 Werneri
3047 2908 3112 2957 de
3147 2906 3301 2973 Hayn
3338 2907 3565 2959 officialis

699 2996 888 3047 factum
931 2996 998 3046 ad
1043 2996 1333 3047 instantiam
1377 2994 1544 3046 fratris
1581 2995 1820 3047 Iohannis
1856 2996 1920 3047 de
1956 2996 2217 3048 Hoffheim
2251 3005 2304 3047 et
2338 2998 2672 3062 subscriptum
2706 3012 2857 3047 manu
2894 2996 3101 3047 Henriei
3135 2996 3351 3049 vischer
3384 2998 3567 3049 notarii

701 3085 752 3136 in
798 3084 996 3135 archivo
1045 3084 1431 3151 Regimontano.
1471 3114 1530 3122 —
1597 3084 1719 3135 Oum
1767 3085 1909 3136 dato:
1965 3084 2199 3151 Lugduni
2250 3086 2309 3136 11
2350 3085 2453 3138 kal.
2488 3085 2605 3137 maii
2651 3102 2702 3153 p.
2726 3103 2778 3136 n.
2809 3103 2854 3136 a.
2881 3084 2931 3135 3.
2977 3070 3221 3151 originale
3268 3102 3383 3137 cum
3432 3086 3565 3138 bulla

699 3173 752 3225 in
789 3173 886 3225 filis
936 3172 1137 3224 sericeis
1186 3190 1412 3240 appensa
1458 3173 1708 3239 quondam
1743 3174 2114 3239 Mergenthemi
2158 3191 2289 3225 nunc
2326 3173 2659 3225 vindobonae
2705 3174 2755 3225 in
2793 3174 2991 3225 archivo
3028 3174 3217 3226 ordinis
3252 3175 3564 3227 Theutonici.

700 3260 791 3325 IV,
816 3262 922 3315 203
957 3280 1008 3313 ιι.
1040 3262 1085 3313 1.
1137 3262 1516 3314 Transsumtum
1560 3279 1652 3328 per
1687 3262 1964 3329 'Pyrensem
2010 3262 2439 3329 archiepiscopum
2486 3264 2627 3329 (cum
2664 3264 2779 3329 sig.)
2828 3272 2880 3313 et
2914 3262 3403 3315 Bethlehemitanum
3454 3264 3562 3330 epi-

701 3350 994 3423 scopum-d.
1020 3351 1068 3403 d.
1099 3348 1234 3402 1277
1271 3360 1368 3403 oct.
1398 3350 1464 3402 19
1500 3351 1670 3400 Accon
1705 3350 1756 3401 in
1795 3350 1995 3403 archivo
2020 3352 2391 3417 Regimontano
2428 3368 2490 3403 ex
2526 3350 2729 3402 sinistra
2754 3360 2897 3417 parte
2922 3351 3051 3403 adeo
3073 3352 3283 3414 laesum,
3320 3362 3376 3403 ut
3398 3369 3565 3419 papae

702 3457 886 3491 nomen
919 3457 1031 3491 cum
1068 3440 1274 3492 dimidia
1309 3440 1556 3506 scriptura
1591 3438 1875 3505 deperierit.
1929 3439 2157 3497 Alterum
2194 3440 2341 3491 huius
2376 3440 2664 3491 transsumti
2700 3440 2943 3506 originale
2980 3450 3267 3494 asservatur
3288 3442 3341 3492 in
3366 3442 3565 3493 archivo

703 3528 892 3581 ordinis
929 3528 1227 3579 Theutonici
1248 3527 1654 3590 vindobonensi,
1690 3528 1826 3579 unde
1862 3530 1944 3581 ed.
1970 3529 2179 3581 Hennes
2215 3531 2264 3593 Ι,
2290 3528 2393 3580 227
2433 3547 2481 3581 ιι.
2508 3528 2629 3590 260.
2667 3558 2730 3568 -
2772 3530 2895 3580 Οιιιιι
2930 3530 3075 3581 dato:
3120 3530 3359 3596 Lugduni
3392 3532 3427 3581 5
3462 3530 3565 3581 kal.

704 3618 894 3683 septbr.
931 3635 981 3684 p.
1018 3634 1069 3668 ιι.
1103 3636 1150 3668 a.
1174 3617 1210 3666 4
1253 3625 1612 3668 transsumtum
1655 3618 1748 3668 sub
1794 3618 1971 3684 sigillis
2024 3636 2157 3669 nunc
2210 3618 2557 3670 deficientibus
2610 3618 2779 3669 fratris
2825 3617 3092 3681 Iohannis,
3145 3619 3326 3684 prioris
3378 3618 3563 3669 ordinis

705 3724 745 3758 s.
769 3706 1040 3772 Augustini
1083 3705 1326 3757 ecclesiae
1373 3706 1424 3756 in
1461 3705 1705 3772 Stat-gard
1743 3708 2051 3759 (laminensis
2089 3708 2299 3760 diocesis
2316 3746 2330 3769 ,
2376 3716 2428 3759 et
2462 3708 2583 3769 Th„
2628 3708 3011 3774 vicepraepositi
3054 3706 3174 3758 dicti
3220 3708 3287 3757 de
3329 3706 3563 3767 Slotenis,

706 3794 755 3846 d.
781 3793 832 3845 d.
873 3794 1007 3845 1292
1045 3794 1078 3844 8
1101 3795 1204 3846 kal.
1229 3796 1400 3848 novbr.
1430 3796 1545 3861 (oct.
1567 3794 1656 3862 25)
1695 3794 1957 3861 stargard,
1994 3796 2046 3847 in
2082 3798 2281 3849 archivo
2306 3796 2691 3863 Regimontano.
2720 3826 2783 3834 —
2826 3796 2947 3847 Cum
2984 3794 3127 3847 dato:
3165 3795 3401 3862 Lugduni
3434 3796 3473 3846 4
3495 3796 3561 3847 id.

704 3883 868 3935 martii
913 3901 964 3949 p.
990 3902 1040 3934 ιι.
1066 3902 1112 3934 a.
1138 3884 1188 3935 4.
1227 3884 1496 3950 originale,
1547 3884 1611 3935 de
1648 3901 1744 3949 quo
1791 3884 2047 3950 plumbum
2094 3885 2345 3951 quondam
2392 3886 2442 3936 in
2481 3884 2579 3936 filis
2616 3884 2814 3935 sericeis
2854 3902 3133 3951 appensum
3168 3884 3418 3947 avulsum,
3466 3886 3563 3936 iun

706 3974 893 4024 dudum
931 3972 1105 4024 domus
1143 3973 1482 4025 Theutonicae
1509 3972 1928 4036 vindobonensis,
1967 3974 2251 4025 etiamnunc
2286 3975 2355 4025 ibi
2390 3975 2442 4023 in
2478 3973 2678 4024 archivo
2715 3972 2902 4025 ordinis
2932 3973 3227 4025 Theutonici
3262 3984 3560 4025 asservatur.

705 4061 1083 4113 Transsumtum
1129 4061 1178 4112 d.
1205 4062 1255 4113 d.
1298 4062 1434 4112 1396
1470 4078 1586 4127 aug.
1618 4062 1681 4113 18
1717 4062 2051 4114 vindobonae
2094 4064 2145 4115 in
2184 4064 2383 4115 archivo
2429 4064 2798 4128 Regimontano
2844 4062 2909 4113 ef.
2944 4062 3233 4129 Napiersky
3268 4064 3323 4125 Ι,
3349 4064 3383 4115 5
3420 4080 3471 4115 ιι.
3502 4064 3563 4115 16

707 4168 757 4217 p.
785 4152 835 4201 5.
883 4150 1016 4245 ³⁶:¹-
1039 4150 1267 4202 Duellius
1289 4132 1368 4213 ιι,
1395 4150 1428 4201 9
1465 4168 1514 4202 n.
1547 4152 1636 4213 113
1675 4152 1879 4219 (neser)
1916 4151 2655 4220 Historisch-diplomatisoher
2689 4141 2981 4203 Unoerfioht‘
3014 4169 3065 4205 n.
3089 4152 3177 4205 36.

708 4356 888 4426 475.
931 4358 1109 4425 1244
1165 4358 1394 4444 aprilis
1439 4358 1552 4442 20ι
1583 4358 1904 4425 Laterani.
2000 4361 2401 4427 Innocentius
2443 4359 2490 4426 Ι
2498 4359 2556 4425 V
2597 4364 2819 4446 repetit
2862 4359 3144 4426 Hono-rii
3181 4359 3304 4427 III
3338 4386 3403 4425 n.
3432 4361 3563 4425 322

933 4468 1010 4530 de
1055 4466 1228 4531 1221
1275 4468 1564 4551 ’ἱαπιιαφὶιῖ
1598 4467 1704 4533 16.
2212 4476 2221 4485 ’

932 4588 1328 4656 Innocentius
1385 4594 1501 4656 etc.
1725 4588 1867 4657 Non
1923 4591 2159 4676 absque
2214 4592 2425 4659 dolore
2471 4597 2586 4658 etc.
2680 4590 2917 4657 Datum
2960 4589 3259 4657 Laterani
3304 4592 3393 4657 xii
3438 4590 3559 4657 kal.

715 4697 869 4763 maii
913 4696 1315 4783 pontificatus
1361 4697 1562 4763 nostri
1608 4717 1772 4763 anno
1817 4700 2042 4784 primo.
2364 4695 2385 4717 ⁴
2460 4686 2487 4711 ⁸

919 4828 1298 4881 Transsumtum
1345 4828 1394 4881 d.
1420 4830 1470 4881 d.
1504 4825 1834 4882 vindobonae
1875 4832 2012 4882 1396
2058 4848 2173 4897 aug.
2206 4832 2273 4883 18
2317 4831 2672 4898 Regimontani
2716 4830 2903 4882 archivi
2948 4829 3070 4881 citat
3110 4830 3399 4899 Napiersky
3434 4832 3483 4891 1,
3510 4830 3559 4881 ὃ.

709 4936 760 4975 11·
787 4918 851 4971 16
886 4936 936 4971 ιι.
956 4919 1006 4970 4.
