3892 5609
745 330 894 401 336
1720 340 2146 390 PONTIFIGUM
2191 308 2637 390 Romanorum

740 501 1094 585 sumptibus
1146 500 1470 585 excolunt,
1517 500 1594 567 de
1635 500 2137 586 possessionibus
2194 500 2426 566 habitis
2471 504 2619 565 ante
2644 540 2649 547 -
2675 499 3009 568 concilium
3074 504 3499 565 memoratum
3554 505 3613 565 et

737 628 995 673 suorum
1042 606 1405 672 animalium
1453 608 1878 692 nutrimentiS,
1926 607 2254 674 arboribus
2298 606 2658 689 fructiferis,
2704 606 2849 672 feno
2896 613 2962 673 et
3000 606 3189 673 rebus
3222 606 3371 673 aliis
3402 612 3613 673 contra

736 719 1016 779 tenorem
1065 714 1536 800 privilegiorum
1583 720 1941 792 nostrorum
1985 714 2063 781 ab
2094 716 2185 779 eis
2216 734 2342 779 non
2374 718 2661 780 metuunt
2690 718 3079 799 extorquere.
3141 713 3455 792 Quocirca
3484 714 3613 779 uni-

737 820 1020 886 versitati
1055 826 1260 886 vestre
1305 841 1422 906 per
1453 820 1796 907 apostolica
1841 822 2081 907 scripta
2108 821 2391 885 districte
2426 822 2830 907 precipiendo
2863 821 3261 903 mandamus,
3308 826 3613 904 quatenus

739 932 802 992 et
832 948 940 993 vos
988 928 1111 1013 ipsi
1159 926 1236 993 ab
1269 930 1624 993 extorsione
1670 928 2029 993 huiusmodi
2074 929 2325 1014 penitus
2356 927 2675 993 desistatis
2708 932 2772 993 et
2803 934 3045 993 vestros
3082 927 3373 993 subditos
3402 926 3611 993 taliter

737 1053 850 1119 per
895 1053 1224 1099 censuram
1282 1032 1768 1101 ecclesiasticam
1825 1034 2252 1120 appellatione
2307 1040 2551 1100 remota
2606 1034 2847 1117 cogatis
2896 1035 3199 1099 desistere
3244 1033 3325 1100 ab
3375 1034 3611 1117 eadem,

738 1140 904 1224 quod
951 1140 1101 1206 dicti
1145 1141 1376 1208 fratres
1421 1162 1613 1228 super
1655 1140 1780 1207 hiis
1826 1162 1953 1206 non
1996 1143 2244 1227 possint
2287 1142 2365 1207 de
2410 1147 2617 1207 cetero
2666 1141 2995 1226 querelari.
3072 1140 3314 1207 Datum
3362 1146 3483 1207 etc.

951 1280 1073 1331 Sine
1110 1281 1255 1333 dato:
1292 1282 1358 1344 11,
1391 1282 1489 1333 102
1504 1298 1549 1333 v.
1585 1300 1636 1333 n.
1662 1282 1758 1343 453
1795 1282 1860 1333 A.
1886 1282 1957 1331 20
1993 1300 2043 1333 n.
2070 1282 2138 1333 43
2175 1282 2356 1333 Latine
2392 1291 2445 1332 et
2480 1282 2805 1342 Germanice;
2843 1281 2907 1332 D.
2932 1281 3019 1331 43.

739 1528 919 1599 408.
963 1530 1171 1610 (Inter
1215 1534 1392 1599 1216
1436 1534 1586 1598 iulii
1624 1536 1714 1599 24
1759 1548 1818 1599 et
1861 1536 2042 1600 1227
2088 1537 2307 1599 martii
2346 1535 2434 1599 18
2438 1532 2487 1615 )
2556 1532 2883 1597 Honorius
2914 1532 3038 1597 ΙΙΙ
3076 1535 3359 1597 concedit
3406 1534 3613 1597 ordini

973 1637 1371 1717 Theutoni60‚
1420 1653 1490 1705 ut
1537 1640 1932 1705 ecclesiarum
1977 1664 2237 1705 suarum
2281 1640 2647 1720 redditibus,
2696 1643 3017 1724 aseiqnato
3058 1652 3303 1704 tantum
3334 1642 3607 1717 viem-iis,

959 1746 1125 1809 unde
1169 1746 1414 1811 honeste
1456 1750 1674 1811 vivant
1716 1759 1772 1811 et
1815 1748 2023 1813 debita
2063 1760 2402 1833 praestent,
2450 1748 2613 1812 alias
2658 1760 2938 1812 utantur.

961 1884 1278 1952 Honorius
1323 1887 1653 1973 episcopus
1693 1908 1911 1953 servus
1943 1908 2266 1954 servorum
2300 1890 2399 1954 dei
2431 1888 2675 1955 dilectis
2704 1887 2852 1954 filiis
2883 1888 3185 1971 magistro
3218 1892 3283 1952 et
3312 1886 3607 1952 fratribus

737 1991 1070 2078 hospitalis
1129 1997 1245 2058 etc.
1307 1992 1571 2060 salutem
1633 1999 1696 2060 et
1752 1994 2163 2079 apostolicam
2224 1995 2737 2062 benedictionem.
3012 1994 3199 2059 Iustis
3250 1996 3607 2080 petencium

737 2099 1064 2164 desideriis
1112 2099 1370 2181 dignum
1419 2108 1516 2166 est
1567 2120 1682 2166 nos
1728 2101 1979 2168 facilem
2025 2102 2286 2187 prebere
2333 2122 2705 2167 consensum
2754 2106 2817 2166 et
2862 2108 3037 2183 vota,
3096 2121 3219 2184 que
3265 2122 3305 2166 a
3350 2101 3609 2165 rationis

733 2207 991 2272 tramite
1048 2226 1174 2271 non
1222 2206 1615 2289 discordant,
1674 2204 1896 2273 effectu
1943 2216 2360 2293 prosequente
2405 2208 2741 2293 complere.
2832 2206 3224 2293 Eapropter,
3284 2207 3505 2274 dilecti
3546 2208 3609 2273 in

736 2312 992 2380 domino
1038 2312 1174 2396 filii,
1221 2313 1449 2379 vestris
1494 2314 1678 2379 iustis
1725 2315 2255 2400 postulationibus
2300 2321 2479 2399 grato
2526 2322 2965 2381 concurrentes
3011 2335 3311 2399 assensu,
3362 2319 3607 2401 aposto—

731 2418 858 2485 lica
900 2420 1078 2486 vobis
1125 2420 1496 2486 auctoritate
1541 2421 1961 2505 concedimuS,
2008 2428 2081 2488 ut
2122 2422 2188 2488 in
2236 2422 2535 2505 ecclesiiS,
2584 2442 2704 2505 que
2736 2421 2912 2486 vobis
2958 2421 3039 2487 ad
3086 2420 3605 2487 sustentationem

736 2546 973 2609 eorum,
1023 2527 1130 2609 qui
1171 2526 1240 2592 in
1285 2529 1727 2594 transmarinis
1774 2530 2058 2615 partibus
2106 2550 2221 2615 pro
2268 2528 2629 2595 defensione
2674 2528 3153 2595 christianitatis
3186 2528 3436 2593 animas
3468 2548 3606 2592 snas

733 2652 970 2717 ponere
1014 2652 1142 2697 non
1185 2631 1558 2718 formidant,
1618 2642 1767 2701 sunt
1809 2656 2133 2719 concesse,
2182 2637 2499 2718 assignato
2549 2635 2829 2718 vicariis,
2876 2635 3041 2700 unde
3086 2634 3351 2701 honeste
3397 2635 3609 2699 vivant

738 2744 801 2805 et
855 2740 924 2805 in
978 2738 1410 2825 spiritualibus
1471 2747 1536 2806 et
1593 2742 1982 2809 sinodalibus
2042 2743 2287 2829 possint
2332 2742 2643 2827 episcopis
2690 2748 2754 2807 et
2800 2762 3016 2807 eorum
3064 2738 3466 2807 officialibus¹
3514 2760 3608 2805 re-

735 2846 1076 2932 spondere,
1131 2846 1320 2911 liceat
1363 2847 1538 2913 vobis
1585 2853 1795 2914 cetera
1841 2849 1921 2914 ad
1967 2870 2117 2915 usus
2163 2854 2440 2931 vestros,
2490 2848 2715 2933 quibus
2762 2848 3063 2933 deputata
3108 2854 3289 2931 sunt,
3338 2848 3607 2912 retinere

733 2952 912 3019 salva
955 2953 1380 3019 moderatione
1426 2954 1673 3020 concilii
1718 2955 2029 3039 generalis
2045 2952 2086 3019 ².
2158 2954 2329 3021 Nulli
2378 2975 2524 3037 ergo
2572 2956 2825 3019 omnino
2872 2954 3197 3021 hominum
3228 2955 3421 3021 liceat
3450 2953 3605 3019 hanc

735 3060 1032 3145 paginam
1090 3065 1302 3126 nostre
1358 3062 1778 3127 concessionis
1840 3063 2185 3146 infringere
2228 3062 2327 3127 vel
2388 3064 2446 3127 ei
2506 3082 2660 3126 ausu
2718 3062 3053 3127 temerario
3108 3061 3445 3127 contraire.
3542 3060 3607 3125 Si

736 3167 876 3251 quis
933 3172 1144 3234 autem
1202 3167 1321 3232 hoc
1377 3170 1756 3252 attemptare
1808 3170 2299 3256 presumpserit,
2358 3168 2853 3251 indignationem
2903 3168 3353 3253 omnipotentis
3400 3167 3505 3233 dei
3550 3172 3607 3233 et

734 3273 1062 3340 beatorum
1112 3271 1287 3339 Petri
1333 3276 1396 3339 et
1424 3271 1605 3339 Pauli
1651 3276 2081 3360 apostolorum
2130 3277 2263 3341 eius
2310 3296 2377 3341 se
2422 3277 2668 3341 noverit
2710 3276 3129 3341 incursurum.
3198 3274 3443 3341 Datum
3490 3280 3603 3339 etc.

687 3493 691 3502 Ι
877 3413 998 3465 Sine
1025 3413 1170 3464 dato:
1207 3412 1248 3473 Ι,
1275 3412 1308 3463 7
1311 3413 1344 3463 3
1356 3430 1402 3463 v.
1433 3430 1482 3463 n.
1503 3413 1599 3477 43;
1637 3414 1703 3477 11,
1723 3415 1794 3466 90
1805 3434 1878 3477 ις
1915 3417 1979 3467 Δ.
2000 3415 2069 3468 20
2104 3434 2154 3467 n.
2173 3416 2209 3465 4
2246 3416 2424 3468 Latine
2448 3424 2502 3467 et
2524 3415 2853 3475 Germaniam
2888 3414 2953 3465 D.
2980 3414 3299 3465 Germanice.
3414 3416 3461 3465 1.
3486 3432 3603 3479 pos-

735 3502 838 3552 sint
875 3532 937 3540 —
977 3502 1274 3554 officialibus
1313 3502 1458 3555 deest
1490 3503 1532 3555 Ι.
1673 3504 1726 3555 2.
1763 3504 1904 3555 salva
1943 3534 2006 3543 -—
2047 3504 2297 3570 generalis
2334 3505 2482 3555 deest
2514 3504 2555 3553 Ι.

736 3767 915 3839 409.
958 3767 1165 3849 (Inter
1209 3770 1386 3837 1216
1429 3772 1578 3837 iulii
1613 3772 1704 3838 24
1749 3785 1806 3841 et
1849 3772 2029 3839 1227
2075 3774 2295 3837 martii
2331 3770 2471 3851 18.)
2553 3770 2879 3835 Honorius
2923 3770 3045 3835 III
3078 3770 3247 3835 iubet
3287 3772 3603 3856 praelatos

959 3878 1200 3941 ordinis
1241 3876 1612 3947 Theutonici
1651 3879 1818 3944 bona
1864 3891 1922 3944 et
1962 3882 2111 3943 iura
2156 3881 2336 3956 tum-i,
2384 3881 2690 3943 iustitiam
2737 3880 3063 3963 quaerenti
3101 3900 3230 3942 non
3278 3879 3601 3964 demqun,

951 3984 1485 4070 parochianorum
1531 3988 1710 4073 apud
1733 3988 1982 4071 fratres
2028 3986 2414 4071 sepulturam
2456 4008 2585 4049 non
2629 3986 2952 4070 impedire.

953 4123 1268 4191 Honorius
1327 4126 1658 4213 episcopus
1717 4146 1936 4192 servus
1992 4144 2318 4191 servorum
2375 4125 2476 4191 dei
2526 4124 2985 4191 venerabilibus
3042 4123 3347 4191 fratribus
3402 4126 3601 4193 archi·

734 4232 1046 4317 episcopis
1083 4236 1146 4297 et
1191 4231 1503 4318 episcopis
1549 4238 1612 4299 et
1659 4232 1901 4299 dilectis
1946 4230 2095 4298 filiis
2144 4231 2493 4315 abbatibuS,
2525 4232 2841 4318 prioribus
2878 4238 3018 4314 etc.,
3066 4230 3147 4296 ad
3192 4252 3351 4317 quos
3396 4230 3600 4298 littere

731 4338 852 4405 iste
906 4339 1338 4425 pervenerint,
1397 4338 1662 4405 salutem
1721 4344 1786 4405 et
1839 4337 2252 4425 apostolicam
2304 4338 2821 4405 benedictionem.
3090 4335 3272 4403 Licet
3314 4338 3601 4403 omnibus

733 4444 834 4511 dei
877 4442 1164 4511 fidelibus
1209 4444 1276 4510 in
1324 4446 1453 4510 suis
1502 4446 1696 4510 simus
1742 4445 2011 4511 iusticiis
2060 4444 2392 4529 debitores,
2438 4445 2749 4529 religiosis
2796 4449 3007 4509 tamen
3055 4442 3358 4510 fratribus
3390 4443 3597 4530 hospi·

731 4550 876 4617 talis
933 4556 1149 4617 sancte
1195 4550 1394 4617 Marie
1439 4550 1963 4618 Theotonicorum
2008 4551 2488 4617 lerosolimitani
2545 4552 2917 4638 propensius
2972 4552 3042 4616 in
3096 4570 3209 4616 suo
3266 4550 3405 4617 iure
3458 4570 3597 4617 con·

727 4659 904 4724 venit
957 4678 1072 4723 nos
1131 4658 1370 4724 adesse.
1463 4657 1614 4723 Inde
1670 4662 1794 4739 est,
1854 4658 2019 4741 quod
2076 4658 2475 4724 universitati
2530 4663 2737 4724 vestre
2792 4678 2907 4743 per
2961 4656 3313 4742 apostolica
3366 4659 3599 4743 scripta

715 4756 1132 4850 'precipiendo
1201 4764 1605 4848 mandamuS,
1665 4774 1975 4849 quatenus
2032 4764 2459 4850 predictorum
2524 4764 2793 4830 fratrum
2850 4764 3279 4849 possessiones
3344 4770 3411 4829 et
3464 4764 3599 4829 iura

727 4870 996 4955 integra,
1045 4872 1460 4957 quantumin
1492 4871 1668 4937 vobis
1712 4871 1924 4955 fuerit,
1972 4877 2039 4937 et
2081 4871 2323 4937 illibata
2354 4872 2617 4938 servetis
2648 4876 2731 4955 et,
2778 4890 2921 4936 cum
2952 4869 3029 4935 de
3062 4869 3379 4955 aliquibus
3408 4870 3597 4937 male-

726 4978 1070 5047 factoribus
1115 4978 1267 5063 suis,
1315 4977 1746 5065 parrochianis
1779 4978 2025 5063 vestris,
2073 4977 2358 5064 querelas
2406 4998 2444 5043 a
2486 4978 2787 5043 fratribus
2816 4976 3181 5063 receperitis
3212 4977 3594 5060 memoratis

2850 5139 2887 5160 'N
