3892 5609
1293 364 1592 414 PRussn.
1661 365 1848 413 nova
1893 364 2208 413 monn
3028 348 3179 419 225

319 522 592 591 hiscum.
671 523 840 603 Quos
883 528 1091 591 autem
1137 526 1384 591 nostros
1431 529 1710 591 oratores
1763 524 2189 607 mitteremus,
2245 542 2359 589 nos
2404 541 2671 605 mag-nus
2717 520 2843 587 dux
2889 518 3183 605 Basilius,

317 630 430 697 dei
476 631 690 715 gracia
731 632 1074 718 imperator
1119 650 1193 699 ac
1236 631 1592 699 dominator
1631 632 1834 699 tocius
1877 630 2105 699 Russie
2163 636 2227 697 et
2268 650 2533 714 mag-nus
2581 628 2740 713 dux,
2799 628 2879 694 ad
2922 627 3185 694 fratrem

315 743 616 806 nostrum
643 736 1165 823 Maximilianum,
1213 738 1480 807 electum
1523 740 1970 827 imperatorem
1998 738 2419 805 Romanorum
2454 757 2527 804 ac
2557 755 2922 823 supremum
2950 754 3185 820 regem,

319 846 524 913 etiam
569 847 648 913 ad
693 846 848 913 alios
894 846 1176 914 dominos
1222 867 1338 934 per
1366 852 1606 915 vestras
1644 853 1867 932 terras,
1915 851 2027 913 aut
2068 847 2123 913 si
2169 846 2249 913 ad
2280 865 2395 912 nos
2428 865 2467 911 a
2492 844 2689 910 fratre
2733 847 2948 909 nostro
2978 841 3183 909 Maxi-

317 953 608 1037 miliano,
656 953 850 1021 electo
880 954 1261 1041 imperatore
1291 954 1714 1022 Romanorum
1757 974 1832 1023 ac
1860 974 2153 1041 supremo
2184 974 2351 1037 rege,
2396 943 2758 1019 transibunt
2800 950 3003 1017 nostri
3046 970 3186 1019 ora-

317 1064 498 1129 tores
545 1066 607 1128 et
647 1062 848 1148 ipsius
894 1067 1172 1129 oratores
1188 1112 1208 1147 ,
1266 1062 1459 1129 etiam
1504 1083 1582 1130 ex
1628 1063 1767 1129 aliis
1814 1060 2191 1141 (1011111110,οἰ
2234 1060 2415 1128 ibunt
2458 1060 2541 1125 ad
2582 1078 2698 1124 nos
2746 1062 3025 1125 oratores
3069 1078 3185 1145 per

317 1174 604 1235 vestram
647 1174 904 1255 terram,
949 1175 1099 1237 tunc
1126 1171 1360 1237 nostris
1391 1170 1764 1255 oratoribus,
1812 1170 2001 1237 etiam
2030 1168 2243 1235 fratris
2283 1166 2486 1235 nostri
2516 1165 2953 1251 Maximiliani‚
3003 1162 3185 1233 electi

313 1276 727 1364 imperatoris
757 1276 1179 1375 Romanorum
1226 1282 1291 1345 et
1333 1277 1612 1364 supremi
1643 1278 1830 1363 regiS,
1879 1282 2067 1363 atque
2106 1276 2371 1343 aliorum
2405 1274 2801 1341 dominorum
2833 1272 3185 1340 oratoribus

315 1403 442 1469 per
471 1388 747 1450 vestram
792 1389 1026 1451 terram
1072 1390 1136 1451 et
1180 1405 1406 1471 aquam
1440 1385 1545 1453 via
1589 1386 1825 1451 munda
1867 1385 2005 1451 sine
2036 1383 2205 1450 omni
2242 1382 2715 1470 impedimento,
2762 1380 2956 1447 simili
2999 1380 3186 1447 modo

315 1491 520 1558 etiam
568 1491 648 1557 ad
691 1512 804 1559 vos
847 1492 1080 1559 nostris
1127 1492 1480 1560 oratoribus
1516 1492 1729 1560 venire
1774 1497 1963 1578 atque
2006 1492 2214 1559 redire
2259 1511 2373 1578 per
2417 1495 2654 1557 terram
2700 1494 2765 1555 et
2806 1508 3035 1575 aquam
3080 1487 3187 1554 via

315 1598 562 1665 munda
617 1598 851 1685 absque
906 1600 1076 1666 omni
1132 1599 1610 1687 impediment03
1673 1599 1864 1667 etiam
1924 1600 2159 1667 nostris
2202 1598 2675 1666 mercatoribus.
2760 1594 2928 1675 Quos
2975 1601 3187 1662 autem

318 1706 405 1773 ad
451 1726 567 1772 nos
611 1727 912 1791 magnum
959 1706 1280 1773 dominum
1325 1707 1660 1774 mitteretis
1704 1727 1818 1774 vos
1863 1706 2185 1793 Albertus,
2234 1706 2469 1774 ordinis
2512 1704 3033 1772 Theotonicorum
3078 1724 3187 1789 ge-

315 1814 557 1881 neralis
601 1816 922 1900 magister,
968 1820 1210 1881 vestros
1255 1815 1539 1900 nuncios,
1586 1820 1734 1881 111110
1763 1815 1992 1882 vestris
2036 1814 2281 1881 nunciis
2326 1834 2441 1901 per
2479 1817 2697 1879 nostra
2726 1812 3025 1897 dominia,
3070 1832 3187 1900 per

313 1926 562 1989 terram
609 1926 672 1989 01
715 1942 941 2008 aquam
987 1923 1092 1989 via
1137 1922 1371 1989 munda
1426 1923 1562 1991 sine
1620 1924 1792 1990 omni
1845 1922 2295 2010 impedimento
2354 1926 2418 1989 01
2460 1921 2676 1987 venire
2729 1920 2887 2007 ipsis
2944 1919 3026 1987 ad
3070 1939 3187 1987 nos

318 2034 516 2115 atque
558 2029 766 2097 redire
808 2029 1003 2097 libere
1050 2030 1284 2115 absque
1329 2030 1500 2097 omni
1543 2030 2017 2118 impedimento,
2064 2030 2251 2097 etiam
2284 2028 2511 2097 vestris
2542 2026 3013 2095 mercatoribus.
3082 2026 3187 2095 Ad

311 2136 631 2203 maiorem
675 2142 887 2204 autem
935 2136 1466 2205 confirmationem
1515 2158 1631 2206 nos
1675 2157 1940 2222 magnus
1987 2137 2276 2205 dominus
2320 2134 2615 2221 Basilius,
2663 2136 2764 2202 dei
2808 2135 3023 2219 gracia
3064 2134 3185 2201 im-

313 2248 582 2330 perator
625 2264 700 2311 ac
745 2243 1098 2311 dominator
1141 2246 1342 2313 tocius
1386 2245 1611 2313 Russie
1657 2251 1722 2313 et
1765 2264 2029 2330 magnus
2074 2245 2222 2331 111111,
2272 2245 2353 2311 ad
2393 2248 2675 2310 nostram
2721 2240 2969 2309 firmam
3015 2241 3185 2309 litte·

313 2371 486 2435 ram,
532 2372 721 2437 quam
751 2352 1035 2419 dedimus
1065 2351 1349 2439 Alberto,
1397 2353 1918 2421 Theotonicorum
1950 2354 2187 2420 ordinis
2218 2352 2499 2437 generali
2534 2352 2859 2437 magistro,
2908 2348 3185 2434 sigillum

311 2464 609 2525 nostrum
655 2459 1091 2527 mandavimus
1139 2461 1219 2527 ad
1251 2480 1392 2527 eam
1423 2459 1696 2547 appendi
1724 2465 1789 2528 et
1817 2456 2229 2528 conciliariis⁸
2261 2463 2494 2527 nostris
2526 2458 2965 2528 mandavimus
2998 2476 3186 2544 super

311 2566 492 2633 hanc
533 2565 809 2634 litteram
863 2586 1112 2635 crucem
1168 2568 1452 2635 osculare
1463 2564 1508 2653 ⁸,
1564 2568 1924 2635 conciliario
1981 2573 2195 2635 nostro
2244 2568 2387 2634 duci
2430 2567 2739 2634 Dimitreo
2770 2564 3185 2635 Wlodimero·

309 2673 538 2758 11111011,
584 2672 780 2742 eciam
812 2674 1170 2741 conciliario
1201 2680 1418 2743 nostro
1449 2673 1749 2759 Gregorio
1776 2675 2316 2761 Theodorowitzu‚
2364 2681 2552 2760 atque
2580 2672 2935 2741 tezaurario
2966 2676 3182 2738 nostro

313 2778 592 2865 Georgio
621 2781 1140 2849 Dimitreewitzu.
1213 2781 1528 2871 Scriptum
1559 2784 1625 2849 111
1658 2788 1873 2850 1100110
1906 2778 2173 2850 doimio⁸
2216 2783 2285 2849 in
2314 2788 2531 2849 nostra
2560 2782 2815 2851 civitate
2843 2781 2911 2847 in
2942 2778 3183 2847 Mosco-

311 2888 430 2955 via
473 2908 638 2957 anno
681 2889 950 2977 septimo
995 2889 1364 2957 millessimo
1410 2890 1739 2957 vicessimo
1784 2890 2007 2977 quinto
2048 2886 2345 2959 menciis³
2389 2889 2609 2957 marcii
2654 2888 2898 2955 decima
2942 2887 3063 2955 die.

534 3046 611 3097 Ex
646 3048 878 3114 originali
909 3050 1292 3102 membranaceo
1328 3066 1440 3101 cum
1464 3048 1694 3115 originali
1731 3057 1784 3100 01
1816 3050 1928 3116 ipso
1956 3050 2337 3101 membranaceo
2359 3048 2573 3101 Russice
2598 3048 2783 3115 scripto
2806 3046 2976 3099 bullae
3000 3064 3183 3099 aureae

313 3134 604 3202 duplicibus
639 3134 736 3187 filis
772 3137 936 3189 aureis
973 3146 1026 3189 01
1059 3138 1324 3205 purpureis
1360 3138 1612 3205 colligato,
1655 3138 1789 3204 quod
1823 3147 2111 3191 asservatur
2145 3138 2199 3189 in
2234 3138 2435 3190 archivo
2470 3146 2665 3189 secreto
2700 3136 3031 3189 Berolinensi.
3088 3136 3179 3189 vi-

312 3224 448 3277 situr
482 3224 535 3276 in
568 3224 736 3277 bullae
773 3242 956 3277 aureae
999 3244 1104 3279 una
1135 3225 1266 3278 facie
1301 3245 1342 3279 s.
1369 3226 1620 3293 Georgius
1657 3243 1810 3293 eques
1851 3227 2122 3279 draconem
2168 3226 2345 3279 lancea
2390 3226 2653 3294 perforans
2698 3234 2751 3277 01
2795 3226 3079 3293 inscriptio,
3128 3224 3182 3276 111

311 3312 486 3364 altera
516 3313 644 3365 facie
679 3314 846 3381 aquila
878 3314 1052 3382 biceps
1089 3324 1330 3368 coronata
1364 3323 1416 3367 et
1451 3316 1565 3382 ipsa
1598 3315 1920 3382 inscriptione
1958 3315 2278 3367 circumdata.
2308 3345 2359 3353 -
2401 3316 2613 3366 'l'extum
2648 3314 2912 3367 Russicum
2950 3314 3178 3381 publica-

309 3402 485 3452 bimus
521 3401 621 3453 alio
653 3401 778 3454 loco.
835 3402 1098 3456 Caeterum
1135 3402 1200 3455 de
1235 3404 1332 3457 hoc
1366 3404 1571 3457 foedere
1608 3404 1672 3457 cf.
1699 3404 1854 3471 Voigt
1891 3403 2195 3456 Geschichte
2229 3401 2501 3455 Proussens
2538 3402 2632 3466 lx,
2668 3403 2771 3455 535
2798 3418 2872 3469 sq.
3044 3402 3090 3453 1.
3129 3410 3183 3454 et

311 3488 596 3542 defendere
631 3506 744 3543 011111
778 3500 831 3543 01
863 3500 1025 3545 terras
1061 3509 1215 3559 supra
1248 3508 1490 3545 rasuram.
1701 3492 1753 3546 2.
1787 3494 1939 3547 istum
1972 3522 2035 3531 —
2066 3492 2257 3545 iuvabit
2291 3510 2445 3559 supra
2478 3510 2719 3545 rasuram.
2932 3492 2983 3544 3.
3020 3490 3107 3545 sio.

2684 5154 2753 5209 15
