3892 5609
689 256 841 330 344
1197 258 1206 269 “
1661 258 2089 311 romaicum
2130 259 2575 311 ROMANORUM

908 425 973 493 ἦ·
1013 424 1150 508 Ego
1196 423 1365 508 Otto,
1411 426 1772 490 sanctorum
1819 420 2025 505 Sergii
2069 426 2132 488 et
2174 421 2368 489 Bachi
2413 421 2711 488 diaconus
2758 421 3115 489 cardinalis.

907 532 972 599 ÷
1013 532 1150 615 Ego
1195 529 1546 613 Rainerius,
1593 533 1808 595 sancte
1851 526 2053 595 Marie
2097 531 2165 595 in
2210 529 2545 596 Cosmedin
2590 530 2891 596 diaconus
2914 526 3293 605 cardinalis.

909 639 974 706 ÷
1015 639 1154 722 Ego
1203 637 1578 724 Stephanus,
1626 638 1826 702 sancti
1871 635 2139 703 Adriani
2183 636 2481 703 diaconus
2526 636 2885 703 cardinalis.

908 745 973 812 ÷
1015 746 1152 830 Ego
1197 744 1441 829 Petrus,
1489 744 1692 811 sancti
1738 742 1991 827 Georgii
2038 743 2121 809 ad
2164 743 2373 810 velum
2420 764 2679 811 aureum
2724 744 3022 811 diaconus
3068 742 3430 809 cardinalis.

909 851 1149 919 Datum
1193 854 1482 937 Anagnie
1535 872 1650 938 per
1703 872 1967 917 manum
2018 851 2303 935 magistri
2351 850 2657 919 Sinibaldi
2702 856 2917 919 sancte
2960 850 3245 919 Romane
3288 850 3553 917 ecclesie

689 960 1180 1029 vicecancellarii
1226 982 1267 1027 v
1309 960 1612 1026 kalendas
1669 959 1921 1043 augusti
1975 958 2317 1025 indictione
2372 979 2456 1025 xv
2502 958 2959 1049 incarnacionis
3014 958 3328 1024 dominice
3384 977 3551 1023 anno

689 1066 1024 1134 millesimo
1070 1066 1494 1135 ducentesimo
1531 1067 1823 1135 vicesimo
1855 1066 2145 1153 septimo,
2186 1065 2588 1153 pontificatus
2618 1086 2766 1143 ,vero
2796 1065 3035 1132 domini
3065 1064 3357 1149 Gregorii
3386 1084 3553 1151 pape

689 1176 842 1241 noni
888 1194 1052 1241 anno
1097 1174 1322 1261 primo.

903 1316 1024 1367 Sine
1061 1316 1205 1368 dato:
1253 1315 1317 1367 R.
1349 1315 1442 1366 161
1485 1315 1637 1367 een.
1669 1314 1731 1367 16
1765 1332 1818 1381 Ρ.
1843 1312 1960 1375 100,
1996 1314 2259 1378 utrobique
2294 1314 2425 1365 inter
2459 1314 2738 1365 Iuncensia.
2784 1312 2849 1365 D.
2872 1313 2943 1365 82
2978 1313 3297 1365 Germanice.
3328 1342 3389 1350 —-
3430 1312 3553 1363 cam

693 1404 838 1457 dato:
879 1404 1013 1455 1227
1051 1406 1083 1456 5
1109 1404 1211 1456 kal.
1237 1421 1352 1470 aug.
1387 1404 1491 1456 ind.
1523 1405 1584 1455 15
1621 1422 1672 1471 p.
1697 1422 1748 1456 n.
1775 1422 1822 1455 a.
1845 1404 1891 1454 1.
1939 1402 2174 1469 Anagnis
2209 1402 2263 1465 1,
2290 1401 2445 1463 82v.;
2480 1401 2560 1465 11,
2590 1403 2687 1453 115
2725 1420 2775 1453 n.
2797 1400 2894 1464 71;
2930 1402 3019 1462 IV,
3051 1402 3152 1453 194
3186 1419 3237 1452 n.
3260 1402 3327 1462 53
3372 1401 3553 1451 Latine

635 1502 642 1509 ‘
693 1502 746 1545 et
772 1493 1070 1571 Germanice
1105 1494 1168 1546 A.
1194 1493 1263 1544 20
1299 1511 1349 1545 n.
1376 1492 1444 1544 79
1479 1501 1718 1558 tanquam
1751 1491 1964 1543 Honorii
1988 1491 2080 1553 111,
2118 1508 2229 1541 cum
2266 1491 2384 1542 dato
2411 1491 2740 1557 Gregoriano.
2788 1490 2981 1543 Titulus
3004 1490 3057 1541 in
3080 1490 3182 1541 IV:
3226 1488 3405 1553 „Bulla
3434 1490 3550 1540 fun-

695 1581 982 1633 damentum
1019 1582 1206 1633 ordinis
1241 1583 1518 1644 continens,
1556 1581 1802 1648 quomodo
1838 1580 2105 1648 presbiteri
2140 1580 2353 1631 subsunt
2382 1581 2674 1645 mag-istro“.
2734 1580 2821 1631 Or.
2856 1580 2907 1631 in
2940 1578 3139 1631 archivo
3163 1578 3355 1630 ordinis
3380 1578 3549 1629 Theu-

693 1670 847 1722 toniei
883 1670 1277 1722 Vindobonensi.

696 1873 875 1945 425.
916 1876 1092 1943 1227
1137 1876 1286 1942 iulii
1323 1876 1413 1942 30
1457 1878 1811 1963 Anayniae.
1897 1872 2241 1963 Greqoriuc
2284 1874 2392 1941 IX
2440 1870 2665 1961 repetit
2706 1872 2986 1939 Honorii
3028 1872 3153 1939 III
3196 1896 3263 1937 π.
3296 1872 3435 1939 332
3480 1874 3551 1938 de

917 1983 1090 2051 1221
1137 1986 1425 2049 ianuarii
1450 1984 1555 2050 19.
2646 1981 2693 2022 ⁴

920 2124 1259 2209 Gregorius
1307 2128 1423 2192 etc.
1636 2123 1793 2190 Cum
1841 2123 1919 2190 de
1964 2124 2117 2189 viris
2164 2118 2601 2209 ecclesiasticis
2648 2158 2732 2167 —
2780 2120 3248 2208 compellamur.
3317 2120 3553 2188 Datum

699 2232 989 2317 Anagnis
1033 2233 1106 2299 iii
1149 2230 1276 2299 kal.
1313 2231 1564 2314 augusti
1606 2229 2008 2318 pontificatus
2053 2232 2253 2297 nostri
2300 2250 2463 2297 anno
2510 2230 2735 2315 primo.

910 2365 1064 2417 A.16
1100 2382 1152 2432 p.
1177 2364 1247 2415 4⁷
1289 2363 1539 2429 „namna

701 2569 880 2641 426.
919 2572 1102 2639 1227
1147 2572 1296 2637 iulii
1321 2570 1410 2637 30
1455 2570 1793 2657 Amyniae
1838 2568 1952 2656 (of.
1988 2570 2160 2636 1227
2206 2594 2351 2656 auq-
2384 2571 2493 2651 11,
2541 2568 2909 2656 123ομτι9.
2944 2568 3019 2649 6,
3069 2568 3241 2635 1231
3292 2584 3446 2656 sept.
3474 2572 3561 2637 15

922 2692 978 2744 et
1005 2678 1145 2760 25).
1221 2676 1564 2765 Greyorius
1597 2678 1704 2743 IX
1743 2682 1965 2764 repetit
2008 2677 2287 2743 Honor-ii
2315 2677 2439 2743 III
2471 2703 2533 2742 n.
2560 2678 2695 2743 379
2726 2677 2803 2740 de
2830 2676 3009 2742 1223
3048 2680 3302 2741 ianuar.
3329 2678 3437 2743 16.

925 2818 1262 2903 Gregorius
1323 2820 1651 2907 episcopus
1707 2840 1925 2886 servus
1986 2840 2309 2886 servorum
2362 2818 2462 2885 dei
2506 2819 2966 2887 venerabilibus
3008 2819 3311 2886 fratribus
3358 2819 3564 2885 archi·

704 2928 1014 3015 episcopis
1063 2932 1126 2993 et
1171 2927 1482 3014 episcopis
1529 2932 1594 2993 et
1637 2927 1880 2994 dilectis
1925 2924 2073 2993 filiis
2119 2925 2479 3011 abbatibuS,
2534 2927 2881 3013 prioribus,
2928 2926 3203 3011 decanis,
3248 2926 3564 2993 archidia-

703 3036 876 3104 conis
925 3040 989 3101 et
1032 3033 1172 3101 aliis
1219 3034 1621 3101 ecclesiarum
1670 3032 1949 3122 prelatis,
1998 3034 2079 3100 ad
2124 3054 2278 3119 quos
2322 3034 2504 3100 litere
2550 3034 2671 3101 iste
2716 3034 3137 3121 pervenerint,
3184 3034 3452 3101 salutem
3498 3040 3567 3101 et

707 3143 1113 3231 apostolicam
1161 3141 1673 3208 benedictionem.
1897 3142 2048 3209 Paci
2078 3148 2143 3208 et
2171 3142 2366 3227 quieti
2396 3147 2511 3208 etc.
2570 3142 2807 3209 Datum
2838 3143 3128 3227 Anagnie
3156 3143 3228 3208 iii
3258 3142 3563 3209 kalendas

705 3250 956 3333 augusti
1000 3246 1399 3335 pontificatus
1445 3250 1644 3317 nostri
1690 3270 1852 3315 anno
1897 3250 2123 3335 primo.

916 3389 1036 3441 Sine
1074 3390 1191 3442 dato
1228 3391 1408 3442 citatur
1443 3390 1507 3441 R.
1533 3390 1630 3440 128
1667 3391 1796 3441 inter
1829 3390 2243 3457 Marburgensia;
2286 3390 2350 3442 R.
2375 3391 2473 3441 155
2510 3390 2640 3441 inter
2676 3391 2966 3452 Iuncensia3
3011 3390 3074 3442 R.
3101 3391 3170 3441 48
3206 3399 3563 3443 transsumtum

704 3498 796 3547 per
831 3478 1176 3531 Hermannum
1205 3478 1553 3546 Augustanurn
1590 3480 1879 3546 episcopum
1916 3479 2356 3545 (1249—1286);
2395 3480 2692 3531 Germanice
2715 3480 2778 3531 D.
2794 3479 2879 3531 57.
2912 3510 2974 3519 -
3006 3481 3129 3531 Cum
3153 3480 3296 3531 dato:
3328 3480 3561 3547 Anagnie

706 3568 740 3620 3
775 3568 878 3619 kal.
905 3584 1020 3633 aug.
1058 3585 1108 3634 p.
1135 3585 1184 3618 n.
1213 3586 1258 3619 a.
1282 3569 1326 3619 1.
1374 3568 1437 3619 R.
1466 3567 1498 3617 7
1533 3568 1666 3619 inter
1703 3568 2147 3635 Norimbergensia
2187 3568 2267 3619 12.
2297 3600 2357 3607 -
2398 3570 2522 3620 Cum
2559 3569 2701 3620 dato:
2739 3568 2973 3635 Anagnis
3008 3570 3043 3621 3
3068 3570 3136 3620 id.
3162 3587 3280 3636 aug.
3304 3588 3356 3635 p.
3380 3589 3431 3622 n.
3456 3572 3557 3622 a..l

706 3675 769 3708 ex
804 3657 1034 3725 originali
1070 3658 1314 3709 Gracensi
1349 3656 1472 3718 VII,
1498 3656 1618 3709 368.
1659 3686 1721 3695 —-
1772 3658 1893 3708 Cum
1931 3658 2074 3709 dato:
2124 3658 2361 3723 Anagnie
2396 3658 2429 3707 8
2462 3658 2530 3708 id.
2570 3675 2683 3723 aug.
2716 3676 2767 3723 p.
2792 3676 2843 3708 n.
2869 3676 2914 3708 a.
2939 3658 2975 3707 4
3020 3676 3083 3710 ex
3132 3658 3332 3709 archivo
3376 3658 3561 3709 ordinis

705 3745 1001 3796 Theutonici
1023 3745 1401 3798 vindobonensi
1435 3764 1506 3798 or.
1532 3764 1644 3799 cum
1678 3742 1818 3799 bulla
1851 3748 1902 3798 in
1937 3746 2035 3799 filis
2071 3746 2273 3799 sericeis
2308 3748 2471 3799 rubris
2494 3756 2547 3798 et
2568 3746 2716 3797 luteis
2741 3764 2971 3813 appensa
2993 3748 3277 3799 etiamnunc
3300 3748 3371 3798 ibi
3392 3765 3560 3799 asser-

705 3844 875 3886 vatum
911 3834 1032 3885 citat
1065 3835 1293 3886 Duellius
1327 3835 1460 3886 nist.
1496 3836 1602 3887 ord.
1629 3836 1722 3888 Th.
1747 3838 1820 3900 H,
1851 3837 1916 3889 10
1952 3837 2019 3889 ad
2053 3836 2194 3887 XIII.
2224 3867 2282 3874 —
2326 3836 2447 3887 Cum
2484 3837 2631 3887 dato:
2676 3836 2839 3887 Reate
2882 3835 2943 3887 17
2968 3836 3073 3892 kal.
3099 3838 3255 3887 octbr.
3292 3854 3343 3903 p.
3368 3854 3417 3888 n.
3440 3855 3489 3889 a.
3510 3838 3560 3888 5.

705 3923 796 3985 IV,
827 3922 984 3974 198v.
1020 3941 1070 3974 n.
1101 3923 1193 3984 10;
1243 3924 1422 3974 citatur
1455 3925 1521 3975 R.
1546 3925 1616 3975 84
1648 3926 1780 3976 inter
1803 3926 2296 3993 Mergenthemensia
2319 3926 2387 3976 37
2425 3935 2477 3977 et
2511 3927 2573 3976 A.
2604 3926 2667 3976 16
2703 3944 2753 3992 p.
2780 3926 2849 3975 66
2891 3926 2972 3991 „in
2996 3926 3289 3992 Mar-purg&
3345 3926 3453 3979 Ich.
3476 3926 3561 3977 33.

709 4010 966 4079 originale
1003 4028 1114 4062 cum
1149 4012 1287 4063 bulla
1321 4013 1373 4063 in
1409 4012 1506 4064 filis
1543 4015 1746 4066 sericeis
1783 4033 2011 4083 appensa
2045 4016 2097 4065 in
2123 4015 2322 4066 archivo
2348 4014 2535 4067 ordinis
2558 4014 2855 4066 Theut-onici
2881 4015 3278 4077 Vindobonensi,
3314 4015 3562 4081 quondam

706 4100 1092 4168 Mergenthemi.
1145 4100 1277 4151 Edd.
1304 4102 1570 4153 Caorsinus
1607 4104 1690 4155 fol.
1718 4104 1770 4155 G.
1797 4104 1888 4155 2v.
1935 4104 2131 4155 Senner
2166 4103 2251 4155 fol.
2276 4106 2335 4155 E.
2361 4104 2411 4156 3.
2440 4136 2502 4143 —
2544 4106 2666 4156 Oum
2690 4103 2835 4155 dato:
2874 4102 3036 4155 Reate
3073 4102 3107 4155 7
3130 4104 3231 4155 kal.
3258 4104 3416 4155 octbr.
3440 4122 3491 4169 p.
3512 4121 3560 4154 n.

709 4208 757 4243 a.
783 4192 816 4242 5
851 4191 903 4241 in
937 4199 1241 4242 transsumto
1277 4190 1467 4243 archivi
1491 4192 1846 4258 Regimontani
1881 4192 1944 4243 de
1986 4194 2122 4245 1318
2158 4193 2301 4259 april.
2332 4194 2424 4255 13,
2460 4194 2523 4245 cf.
2564 4194 2630 4245 ad
2664 4212 2715 4245 n.
2739 4193 2845 4244 420
2882 4193 2947 4244 de
2974 4192 3109 4243 1227
3143 4192 3251 4243 iulii
3288 4193 3369 4243 14.
3420 4192 3561 4256 „Non

709 4280 927 4345 absque“
971 4280 1035 4331 de
1071 4297 1122 4331 n.
1155 4278 1258 4331 455
1302 4280 1430 4331 1231
1472 4290 1600 4347 sept.
1635 4280 1715 4333 17.
1777 4282 1983 4348 Legitur
2018 4283 2089 4334 ibi
2128 4300 2335 4347 „manus
2380 4300 2482 4334 non
2524 4282 2785 4335 iniecerint
2818 4280 3091 4345 violentas,
3134 4282 3228 4333 sed
3262 4300 3351 4335 eos
3384 4292 3559 4335 contu·

707 4368 926 4421 meliosis
963 4370 1128 4421 verbis
1165 4368 1438 4421 afficiunt“.

714 4564 892 4636 427.
935 4567 1112 4633 1227
1154 4568 1302 4632 iulii
1321 4568 1404 4634 31
1451 4570 1787 4656 Anaqniae
1828 4569 1940 4655 (cf.
1968 4569 2144 4636 1227
2186 4572 2440 4655 auqueti
2469 4570 2513 4636 4
2554 4583 2610 4635 et
2650 4569 2744 4652 5).
2821 4564 3165 4656 Greqovius
3200 4568 3307 4635 IX
3346 4572 3563 4656 repetit

931 4674 1210 4741 Honorii
1236 4675 1361 4741 III
1395 4700 1457 4741 π.
1493 4676 1626 4742 330
1672 4678 1748 4742 de
1790 4678 1963 4745 1221
2011 4679 2299 4743 ianuarii
2323 4678 2429 4744 18.

936 4814 1275 4902 Gregorius
1333 4819 1662 4906 episcopus
1719 4839 1937 4885 servus
1994 4838 2316 4885 servorum
2370 4818 2474 4885 dei
2516 4817 2976 4886 venerabilibus
3018 4817 3322 4885 fratribus
3364 4817 3560 4884 archi-

715 4922 1024 5011 episcopis
1072 4930 1136 4993 et
1181 4926 1492 5015 episcopis
1540 4946 1614 4995 ac
1658 4926 1901 4995 dilectis
1945 4924 2094 4994 filiis
2141 4925 2471 5003 abbatibus
2484 4976 2504 5013 ,
2554 4924 2893 5013 prioribus,
2936 4925 3210 5012 decanis,
3258 4924 3559 4993 archidia-
