3892 5609
1344 307 1734 357 Pnrvmrem
1780 306 2170 357 cenamus
3034 298 3075 370 3
3088 298 3129 370 9
3145 300 3180 370 l

331 469 759 553 indulgencias
815 467 1156 554 apostolice
1207 462 1408 533 sedis²
1456 473 1813 554 exemptos,
1873 467 1951 535 de
2008 488 2271 554 quorum
2326 469 2567 537 scilicet
2621 471 3026 555 exempcione
3078 491 3190 537 seu

333 575 621 644 libertate
675 570 834 642 non⁸
879 582 1128 641 constat
1168 573 1268 641 vel
1328 574 1434 659 qui
1477 575 1771 642 videlicet
1813 577 1880 641 in
1928 576 2352 663 exempcionis
2399 574 2543 643 seu‘
2586 577 2897 644 libertatis
2942 598 3190 664 posses-

334 682 506 750 sione
549 704 664 771 per
706 681 895 767 longa
939 688 1227 767 tempora
1269 702 1394 747 non
1439 681 1673 747 fuerint
1719 702 1756 747 a
1797 682 2078 748 locorum
2114 682 2447 749 ordinariis
2483 684 2791 768 requisiti,
2832 684 3188 750 huiusmodi

333 789 662 875 privilegia
689 788 790 856 vel
834 788 1284 872 indulgencias,
1331 788 1556 873 quibus
1603 790 1820 857 dicunt
1865 784 1967 855 se⁵
1997 789 2131 854 fore
2174 792 2449 856 munitos
2496 790 2715 857 saltem
2767 791 2971 875 quoad
3010 788 3189 857 illos⁶

335 897 648 981 articulos,
696 916 883 983 super
913 896 1138 981 quibus
1185 895 1426 980 questio
1458 892 1590 961 vel'
1636 896 2063 962 controversia
2104 896 2315 980 fuerit,
2358 897 2515 984 ipsis
2562 897 2897 964 ordinariis
2942 898 3008 963 in
3050 898 3189 965 loco

333 1022 609 1087 congruo
663 1010 728 1071 et
779 1023 996 1070 securo
1042 1002 1142 1069 vel
1201 1001 1512 1086 aliquibus
1558 1002 1973 1088 prudentibus
2018 1003 2172 1069 viris
2218 1004 2391 1069 omni
2435 1004 2790 1091 suspicione
2834 1005 3188 1072 carentibus

335 1111 420 1177 ad
462 1110 579 1177 hoo
622 1131 736 1198 per
766 1106 998 1177 dictos⁸
1029 1110 1379 1177 ordinarios
1425 1108 1739 1195 deputatis
1768 1127 1896 1175 non
1929 1108 2328 1177 exhibuerint
2356 1111 2456 1177 vel
2488 1111 2875 1179 ostenderint
2905 1118 2969 1178 et
2996 1112 3188 1178 iidem

336 1218 638 1284 ordinarii
693 1238 806 1284 sua
853 1216 1288 1285 iurisdiccione
1332 1216 1431 1281 usi
1475 1215 1712 1281 fuerint
1753 1220 1973 1282 contra
2017 1236 2123 1283 eos
2140 1266 2159 1301 ,
2214 1236 2609 1303 nequaquam
2655 1223 2807 1285 tunc
2851 1219 2975 1305 ipsi
3021 1219 3189 1284 ordi-

333 1326 500 1391 narii
543 1320 696 1391 hac'
742 1326 1064 1392 occasione
1108 1344 1223 1411 per
1253 1326 1722 1391 conservatores
1769 1344 1808 1389 a
1853 1323 1999 1391 sede
2046 1323 2391 1409 apostolica
2434 1325 2561 1393 illis
2608 1325 2938 1412 deputatos
2970 1325 3188 1392 eadem

331 1432 656 1499 molestari
698 1430 948 1499 valeant
1005 1436 1116 1499 aut
1169 1430 1560 1515 aliquatenus
1612 1430 1915 1517 inpediri3
1976 1430 2255 1515 quinimo
2300 1432 2617 1498 sentencie
2660 1432 2761 1498 vel
2772 1428 2815 1463 ¹⁰
2859 1450 3189 1519 processus

333 1544 840 1606 conservatorum
884 1539 1199 1625 ipsorum,
1254 1557 1374 1623 que
1417 1536 1518 1603 vel
1563 1538 1670 1621 qui
1716 1536 1961 1623 prolate
2006 1536 2105 1603 vel
2152 1538 2350 1604 habiti
2392 1538 2629 1605 fuerint
2674 1543 2893 1605 contra
2939 1538 3188 1605 eosdem

332 1646 704 1730 ordinarios,
747 1647 815 1712 in
861 1646 978 1713 hoc
1020 1666 1169 1712 casu
1215 1645 1466 1711 omnino
1513 1662 1640 1710 non
1684 1648 1939 1710 teneant
1965 1643 2331 1729 nullumque
2361 1645 2552 1711 robur
2581 1644 2856 1712 habeant
2882 1646 2983 1713 vel
3014 1646 3189 1729 vigo-

331 1772 486 1818 rem.
557 1752 715 1818 Cum
762 1758 967 1819 autem
1013 1757 1164 1819 nota
1203 1753 1287 1818 sit
1315 1751 1498 1838 plene
1530 1755 1742 1817 vestra
1771 1752 2096 1838 exempcio
2129 1756 2191 1818 et
2219 1750 2501 1835 libertae,
2547 1752 2706 1819 scire
2736 1771 2847 1819 vos
2880 1752 3190 1836 volumus,

333 1859 500 1945 quod
542 1859 900 1926 huiusmodi
945 1859 1313 1927 constitucio
1357 1858 1562 1942 tangit
1605 1857 1768 1942 illos,
1816 1858 1893 1924 de
1939 1877 2205 1942 quorum
2254 1859 2659 1945 exempcione
2705 1854 2869 1925 seu¹⁰
2899 1858 3191 1925 libertate

331 1986 460 2033 non
512 1972 758 2033 constat
799 1967 900 2033 vel
945 1963 1096 2052 qui²¹
1143 1965 1432 2034 videlicet
1483 1966 1553 2031 in
1597 1964 2021 2050 exempcionis
2068 1986 2180 2032 seu
2194 1960 2237 1995 ¹⁰
2280 1966 2592 2033 libertatis
2636 1966 3032 2053 possessione
3075 1986 3192 2051 per

331 2073 523 2157 longa
565 2078 851 2160 tempora
892 2094 1018 2140 non
1063 2073 1318 2157 fuerint,
1363 2073 1486 2139 nisi
1530 2072 1693 2138 forte
1736 2071 2027 2137 diceretis
2075 2092 2113 2137 a
2157 2072 2305 2139 sede
2339 2072 2625 2159 predicta
2658 2092 2847 2160 super
2878 2066 3211 2158 aliquibus'

333 2180 627 2268 capitulis
671 2181 772 2248 vel
829 2180 1107 2249 articulis
1156 2178 1580 2266 exempcionis
1635 2176 1969 2265 privilegia
2012 2198 2123 2244 vos
2166 2178 2428 2263 habere,
2490 2180 2567 2246 de
2614 2200 2739 2265 qua
2780 2180 3018 2265 liquido
3062 2199 3187 2246 non

332 2293 666 2355 constaret.
738 2288 968 2355 Datum
1001 2287 1270 2354 Viterbii
1313 2306 1354 2352 v
1397 2286 1538 2352 idus
1585 2286 1836 2369 augusti
1879 2284 2279 2373 pontificatus
2324 2288 2526 2353 nostri
2570 2306 2735 2353 anno
2780 2288 2991 2354 tercio.

543 2426 664 2481 Sine
693 2428 838 2481 dato:
875 2428 938 2481 A.
963 2426 1034 2479 20
1067 2445 1118 2479 n.
1145 2428 1212 2479 95
1248 2427 1428 2479 Latine
1464 2436 1516 2479 et
1543 2425 1841 2479 Germanice
1878 2443 1986 2477 cum
2024 2436 2169 2478 nota:
2223 2426 2311 2493 „In
2350 2426 2555 2479 Colonia
2562 2447 2579 2489 ς
2616 2436 2669 2479 et
2704 2428 2913 2481 vidimus
2950 2444 3103 2478 unum
3139 2428 3191 2479 in

332 2516 471 2568 curia
505 2516 734 2569 Romana
777 2517 869 2569 sub
907 2516 1070 2584 sigillo
1106 2516 1366 2568 audiencie
1415 2532 1526 2567 cum
1561 2515 1760 2583 publico
1796 2516 2141 2567 instrumento.
2194 2514 2341 2566 Bulla.
2377 2524 2456 2567 est
2489 2518 2541 2567 in
2568 2516 2936 2569 Confluencia“.
2966 2546 3027 2555 -
3070 2516 3192 2568 (hm

333 2604 478 2658 dato:
525 2606 738 2657 Viterbii
773 2606 806 2657 5
844 2606 912 2657 id.
948 2605 1148 2672 augusti
1183 2623 1228 2656 a.
1254 2606 1288 2655 3
1330 2604 1700 2671 „Confluentie“
1752 2604 1816 2655 A.
1850 2602 1915 2655 16
1962 2621 2013 2670 p.
2040 2602 2126 2655 84.
2192 2606 2569 2657 Transsumtum
2620 2606 2835 2657 Conradi
2882 2604 3191 2657 Coloniensis

332 2694 696 2762 archiepiscopi
733 2696 780 2745 d.
808 2694 858 2745 d.
894 2694 1136 2746 Boloniae
1166 2694 1301 2745 1258
1337 2694 1506 2745 decbr.
1532 2692 1566 2744 8
1613 2709 1724 2743 cum
1772 2692 1936 2759 sigillo
1983 2708 2129 2744 cereo
2176 2693 2290 2745 albo
2338 2692 2585 2745 maculato
2624 2694 2677 2745 in
2714 2693 2949 2759 plumbea
2986 2692 3192 2760 capsula

332 2800 559 2850 appenso
606 2792 659 2835 et
703 2792 897 2835 secreto
933 2783 984 2834 in
1022 2783 1170 2834 dorso
1203 2783 1256 2833 in
1293 2782 1493 2833 archivo
1530 2780 1718 2833 ordinis
1753 2781 2051 2833 Theutonici
2086 2780 2479 2833 vindobonensi.
2751 2783 2795 2834 1.
2834 2782 2980 2834 deest
3014 2782 3079 2833 A.
3105 2780 3191 2833 20.

331 2871 384 2923 2.
422 2888 463 2923 s.
491 2890 537 2923 a.
572 2872 636 2923 A.
662 2871 746 2924 20.
898 2873 950 2925 3.
985 2871 1137 2923 nichil
1171 2872 1234 2923 A.
1260 2870 1346 2923 20.
1498 2870 1549 2923 4.
1586 2869 1668 2922 vel
1702 2870 1766 2921 A.
1792 2868 1878 2922 20.
2030 2870 2083 2921 5.
2119 2886 2175 2921 se
2212 2869 2385 2923 dicunt
2418 2870 2482 2921 A.
2510 2869 2595 2922 20.
2750 2870 2799 2922 6.
2838 2871 2984 2923 deest
3018 2870 3081 2920 A.
3106 2868 3191 2921 20.

333 2958 386 3011 7.
421 2976 512 3011 seu
546 2961 610 3013 A.
635 2960 722 3013 20.
915 2960 966 3012 8.
1001 2960 1098 3013 hoc
1132 2960 1384 3027 predictos
1420 2960 1484 3011 A.
1509 2957 1595 3010 20.
1788 2956 1840 3009 9.
1877 2974 1938 3009 ac
1973 2957 2038 3010 A.
2068 2957 2149 3009 16.
2350 2958 2430 3009 10.
2466 2966 2519 3009 et
2552 2958 2616 3010 A.
2642 2958 2728 3010 20.
2929 2958 3009 3009 11.
3048 2957 3194 3009 deest

334 3048 400 3101 A.
433 3046 520 3101 20.

340 3294 514 3386 567.
556 3318 734 3385 1257
781 3320 1038 3405 augusti
1061 3318 1106 3383 9
1149 3315 1425 3381 Viterbii.
1485 3314 1850 3381 Alexander
1880 3315 1988 3381 IV
2012 3317 2289 3382 concedit
2320 3316 2533 3381 ordini
2568 3313 2968 3395 Theutonico,
3020 3317 3190 3403 quod

557 3427 644 3491 ad
688 3426 922 3491 litteras
967 3424 1344 3512 apostolicas
1389 3435 1500 3488 aut
1545 3423 1888 3509 legatorum
1926 3444 2039 3487 nec
2068 3422 2375 3510 Popponi
2401 3424 2719 3509 quondam
2748 3426 3045 3511 maqistro
3077 3444 3187 3487 nec

557 3536 851 3619 cuiquam
895 3533 1016 3599 alii
1056 3534 1133 3597 de
1176 3532 1481 3617 diqnitate
1521 3531 1854 3617 providere
1897 3532 1983 3596 sit
2026 3542 2292 3595 coactus.

556 3672 914 3739 Alexander
945 3672 1273 3759 episcopus
1305 3692 1520 3738 servus
1551 3691 1872 3769 servorum
1907 3671 2009 3738 dei
2040 3671 2285 3738 dilectis
2307 3670 2455 3739 filiis
2476 3671 2780 3755 magistro
2806 3677 2870 3738 et
2888 3670 3188 3737 fratribus

335 3780 664 3867 hospitalis
723 3785 936 3847 sancte
980 3779 1178 3847 Marie
1224 3779 1750 3846 Theutonicorum
1795 3778 2279 3845 Ierosolimitani
2336 3778 2603 3847 salutem
2660 3784 2725 3845 et
2782 3778 3187 3865 apostolicam

335 3888 853 3955 benedictionem.
1081 3886 1512 3953 Sincerissimo
1571 3885 1920 3951 devotionis
1976 3886 2373 3971 obsequium,
2434 3886 2600 3971 quod
2645 3887 2760 3952 deo
2806 3885 3190 3972 redemptori

335 4000 552 4061 nostro
601 3995 852 4061 domino
899 3994 1082 4061 Ihesu
1129 3993 1376 4061 Christo
1421 3993 1737 4059 ferventer
1780 3992 2168 4079 impenditiS,
2214 3997 2285 4058 ut
2332 3992 2499 4080 apud
2544 3992 2744 4080 ipsius
2791 3992 3186 4059 clementiam

336 4102 514 4170 vobis
551 4102 797 4171 celestis
827 4102 1033 4189 patrie
1065 4100 1329 4185 gloriam
1362 4100 1721 4185 acquiratis,
1767 4100 2221 4185 benignitatem
2262 4100 2427 4167 sedis
2460 4098 2798 4186 apostolice
2828 4104 3188 4187 promptam

336 4216 400 4277 et
453 4211 700 4277 facilem
755 4209 964 4275 reddit
1017 4209 1098 4275 ad
1143 4206 1384 4289 omnia,
1443 4226 1562 4292 que
1608 4207 1896 4274 cordibus
1942 4209 2169 4273 vestris
2216 4204 2563 4273 affectionis
2607 4211 2821 4274 sancte
2865 4209 3191 4294 proferant

333 4318 738 4384 incrementa.
822 4315 976 4382 Cum
1036 4316 1279 4400 itaque,
1336 4312 1426 4379 fili
1485 4361 1502 4378 .
1538 4364 1553 4380 .
1615 4314 1949 4398 magister,
2012 4314 2092 4381 ad
2136 4314 2426 4397 generale
2484 4315 2576 4380 tui
2622 4315 2861 4381 ordinis
2906 4316 3189 4399 regimen

334 4424 673 4491 secundum
720 4424 1010 4491 instituta
1050 4421 1251 4507 ipsius
1284 4420 1360 4487 de
1387 4440 1573 4505 novo,
1618 4426 1807 4508 prout
1838 4423 2214 4507 accepimus,
2262 4422 2348 4487 sis
2380 4427 2737 4507 assumptus
2752 4418 2788 4506 ²,
2834 4442 2949 4489 nos
2980 4423 3187 4505 dignis

333 4531 624 4598 laudibus
685 4531 750 4597 id
817 4530 888 4596 in
953 4530 1204 4596 domino
1273 4527 1782 4596 commendantes
1849 4529 2247 4597 universitati
2304 4534 2511 4596 vestre
2566 4527 2813 4595 firmam
2873 4528 2951 4595 de
3008 4528 3185 4595 vobis

336 4639 624 4705 volumus
671 4638 889 4705 adesse
933 4637 1247 4721 fiduciam,
1296 4637 1462 4723 quod
1506 4656 1618 4704 vos
1663 4636 1729 4701 in
1762 4634 2011 4704 Christo
2058 4640 2322 4723 paterna
2366 4636 2629 4702 caritate
2675 4635 3185 4722 complectamur,

337 4751 401 4813 et
444 4747 720 4829 gratioso
763 4746 978 4812 favore
1022 4744 1318 4831 prosequi
1365 4744 1614 4811 assidue
1660 4742 2063 4810 delectamur.
2132 4744 2203 4809 In
2248 4743 2423 4810 cuius
2468 4744 2563 4809 rei
2609 4742 2857 4827 signum
2888 4742 3065 4809 vobis
3108 4743 3186 4809 de

337 4852 596 4940 speciali
639 4854 852 4937 gracia
892 4851 1310 4936 indulgemus,
1358 4852 1525 4938 quod
1567 4851 1752 4918 fratri
1779 4850 2069 4938 Popponi
2115 4850 2429 4935 quondam
2474 4850 2775 4934 magistro
2820 4854 3030 4917 vestro
3076 4870 3187 4916 seu

337 4960 707 5046 cuicumque
760 4960 1116 5047 preceptori
1161 4958 1258 5025 vel
1313 4960 1498 5025 fratri
1553 4960 1790 5027 ordinis
1839 4959 2030 5026 vestri
2087 4958 2164 5025 de
2208 4957 2529 5044 prelatura
2573 4979 2684 5025 seu
2728 4958 3031 5045 dignitate
3079 4964 3188 5030 aut
