3892 5609
742 286 887 358 348
1055 324 1061 337 -
1710 297 2135 348 Pomm-rcum
2178 296 2623 347 sommum

736 458 912 525 conis
959 464 1024 525 et
1069 458 1208 525 aliis
1256 457 1658 525 ecclesiarum
1704 458 1987 545 premia,
2034 458 2114 525 ad
2158 478 2313 545 quos
2355 458 2565 525 littere
2607 458 2729 526 iste
2759 457 3182 544 pervenerint,
3234 456 3505 525 salutem
3534 465 3601 525 et

735 566 1146 653 apostolicam
1203 556 1719 633 benedictionem.
1942 566 2331 633 Dilectorum
2374 564 2648 632 filiorum
2690 565 2961 633 fratrum
3002 565 3341 652 hospitalis
3386 572 3597 632 sancte

741 672 941 739 Marie
973 673 1488 741 Theotonicorum
1522 672 2002 741 Ierosolimitani
2046 674 2373 760 professio,
2421 672 2583 739 sicut
2622 672 2691 737 in
2736 673 2991 759 scriptis
3036 692 3253 739 eorum
3304 678 3369 739 et
3400 674 3599 759 privi-

737 778 917 863 legiis
963 782 1336 865 continetur,
1384 787 1480 847 est
1509 780 1674 865 talis,
1722 786 1794 847 ut
1822 802 1902 847 ne
1932 779 2033 847 cui
2062 786 2207 868 post
2232 780 2465 846 factam
2496 778 2948 866 professionem
2976 778 3174 847 semel
3204 788 3597 867 assumptam

735 906 985 955 crucem
1043 887 1421 955 dominicam
1480 892 1544 955 et
1565 894 1572 913 '
1597 888 1882 956 habitum
1933 888 2133 975 ipsius
2186 886 2431 954 abicere
2472 884 2573 953 vel
2618 886 2700 953 ad
2746 885 2939 952 alium
2981 886 3190 953 locum
3236 908 3353 955 seu
3396 888 3597 955 eciam

741 996 1188 1091 monasterium
1247 996 1504 1062 maioris
1561 995 1694 1062 sive
1747 996 2009 1062 minoris
2066 993 2385 1078 religionis
2442 994 2702 1061 obtentu
2757 992 2972 1060 invitis
3030 994 3163 1061 sive
3219 994 3597 1061 inconsultis

741 1102 1042 1169 fratribus
1079 1108 1186 1169 aut
1216 1122 1308 1187 eo,
1357 1104 1462 1187 qui
1491 1103 1792 1185 magister
1824 1103 2123 1185 extiterit,
2169 1102 2357 1169 liceat
2382 1100 2835 1185 transmigrare
2863 1100 3143 1186 nullique
3171 1101 3599 1169 ecclesiastice

743 1209 1086 1277 secularive
1129 1229 1396 1295 persone
1438 1210 1611 1295 ipsos
1657 1210 1974 1296 suscipere
2015 1209 2206 1276 liceat
2248 1209 2350 1276 vel
2392 1215 2625 1277 tenere.
2696 1207 2857 1275 Cum
2900 1208 3070 1275 enim
3112 1208 3241 1295 ipsi
3269 1210 3355 1275 ad
3384 1210 3597 1276 defeu-

737 1316 1010 1383 dendum
1051 1316 1445 1393 ‘orientalem
1515 1316 1840 1383 ecclesiam
1908 1321 1973 1383 et
2035 1337 2426 1403 paganorum
2482 1315 2776 1383 seviciam
2830 1316 3301 1401 reprimendam
3358 1315 3595 1383 relictis

735 1424 987 1511 pompis
1043 1423 1426 1490 secularibus
1478 1423 1579 1490 dei
1625 1423 1752 1490 sint
1796 1423 2058 1491 servicio
2102 1424 2479 1511 mancipati,
2538 1424 2594 1490 si
2635 1421 3007 1489 transeundi
3050 1422 3133 1488 ad
3175 1422 3307 1489 alia
3349 1423 3497 1490 loca
3534 1430 3597 1490 et

737 1534 1056 1617 sumptum
1101 1530 1384 1597 habitum
1427 1529 1820 1615 relinquendi
1867 1531 2125 1598 daretur
2168 1532 2257 1597 eis
2301 1531 2575 1616 licentia,
2620 1550 2920 1615 magnum
2958 1530 3217 1597 ecclesie
3248 1530 3353 1598 dei
3382 1536 3597 1619 posset

739 1636 965 1704 exinde
995 1638 1356 1722 contingere
1385 1637 1863 1721 detrimentum3
1911 1638 2175 1724 ideoque
2202 1638 2596 1705 universitati
2621 1642 2827 1704 vestre
2848 1658 2963 1724 per
2986 1636 3338 1723 apostolice.
3358 1638 3597 1726 scripta

735 1744 1138 1831 precipiendo
1182 1745 1576 1831 mandamus,
1625 1746 1938 1831 quatinus,
1986 1746 2041 1811 si
2089 1746 2229 1830 quis
2274 1766 2354 1811 ex
2386 1746 2543 1833 ipsis
2572 1746 2640 1811 in
2669 1744 3018 1833 parrochiis
3047 1745 3277 1813 vestris
3306 1746 3409 1813 vel
3438 1746 3591 1813 locis

733 1851 912 1919 vobis
959 1852 1308 1919 commissis
1355 1852 1419 1918 id
1466 1857 1840 1940 attemptare
1884 1854 2372 1940 presumpserit,
2422 1858 2554 1919 tam
2598 1852 2809 1940 ipsum
2854 1851 3039 1937 quam
3088 1852 3198 1939 qui
3242 1873 3389 1919 eum
3436 1873 3591 1919 ausu

732 1961 1064 2026 temerario
1108 1960 1379 2025 retinere
1424 1961 1844 2046 temptaverit,
1893 1960 2063 2026 omni
2110 1959 2435 2027 occasione
2479 1964 2720 2027 remota
2750 1960 3425 2043 excommunicacionis
3455 1962 3591 2026 vin-

735 2066 874 2133 culo
931 2066 1313 2150 astringatis.
1405 2065 1641 2132 Datum
1697 2068 1986 2151 Anagnie
2038 2068 2087 2133 ii
2142 2068 2442 2134 kalendas
2500 2066 2873 2153 septembris
2926 2064 3327 2153 pontificatus
3388 2069 3591 2135 nostri

731 2193 893 2239 auno
939 2194 1164 2260 primo.

939 2306 1068 2357 Cum
1106 2306 1249 2357 dato:
1297 2306 1530 2373 Anagnie
1565 2304 1599 2356 2
1634 2304 1737 2357 kal.
1775 2307 1966 2372 septbr.
2003 2324 2054 2373 p.
2080 2322 2130 2358 n.
2156 2325 2203 2357 a.
2231 2307 2278 2358 1.
2324 2305 2415 2368 IV,
2444 2305 2544 2358 199
2581 2323 2631 2357 n.
2662 2306 2742 2357 11.
2790 2306 3033 2375 originale
3074 2322 3187 2358 eum
3220 2306 3361 2358 bulla.
3402 2308 3455 2358 iu
3492 2306 3591 2359 filis

731 2393 933 2445 sericeis
982 2412 1209 2461 appensa
1255 2396 1505 2461 quondam
1539 2394 2014 2461 Mergenthemense
2058 2394 2109 2445 in
2146 2395 2345 2447 archivo
2388 2393 2575 2446 ordinis
2611 2394 2907 2447 'theutonici
2934 2388 3336 2448 Vindobonensi.
3396 2396 3589 2448 Trans·

731 2490 946 2534 sumtum
981 2484 1074 2535 sub
1110 2484 1364 2545 Iohannis,
1401 2483 1578 2536 decani
1614 2482 1854 2535 eeclesiae
1891 2502 1958 2536 ss.
1982 2482 2174 2535 Mariae
2210 2492 2264 2535 et
2298 2482 2507 2549 Georgii
2538 2484 2965 2536 Francofiirta-nae
2998 2486 3066 2535 ad
3098 2484 3366 2546 Moenum,
3410 2493 3589 2537 aueto-

728 2570 878 2623 ritate
926 2580 979 2623 et
1023 2572 1186 2638 sigillo
1235 2588 1326 2639 per
1359 2572 1704 2624 Hei-mannum
1737 2572 2001 2638 Manegolt
2045 2573 2109 2623 de
2147 2572 2344 2633 Caesel,
2394 2571 2628 2623 clericum
2670 2572 2999 2639 Moguntinae
3045 2572 3285 2635 diocesis,
3331 2573 3589 2640 puhlieum

727 2660 972 2727 imperiali
1014 2661 1308 2713 auctoritate
1344 2662 1615 2722 notarium,
1664 2662 1902 2727 scriptum
1937 2671 1991 2712 et
2032 2661 2363 2727 subscriptum
2375 2679 2391 2722 ς
2439 2661 2611 2712 datum
2655 2662 2706 2713 in
2744 2662 3106 2723 Sassinhusen,
3148 2661 3300 2713 1385.
3344 2662 3473 2713 febr.
3504 2662 3588 2714 17.

727 2749 780 2799 in
817 2749 1018 2801 archivo
1053 2749 1436 2815 Regimontano.
1482 2750 1578 2801 Ed.
1602 2749 1770 2815 Lunig
1805 2750 2081 2801 Teutsches
2116 2749 2473 2800 Reiohsarchiv
2508 2750 2648 2811 XVI,
2674 2749 2743 2800 82
2778 2768 2828 2800 ιι.
2854 2750 2939 2801 80.
2987 2749 3062 2801 ef.
3098 2767 3253 2817 supra
3288 2768 3343 2801 n.
3366 2750 3489 2802 428.

727 3060 909 3131 440.
949 3062 1130 3128 1227
1173 3085 1314 3128 nov.
1347 3064 1436 3129 25
1479 3062 1803 3129 Laterani.
1873 3059 2216 3148 Greyorius
2246 3061 2354 3126 IX
2394 3065 2618 3149 repetit
2658 3087 2722 3127 n.
2755 3063 2890 3129 422
2932 3065 3008 3129 de
3035 3064 3215 3131 1227
3258 3063 3411 3129 iulii
3436 3064 3545 3131 21.

951 3202 1288 3287 Gregorius
1334 3210 1450 3270 etc.
1675 3186 1746 3269 Si
1793 3202 2127 3288 diligenter
2170 3209 2287 3271 etc.
2356 3205 2593 3273 Datum
2622 3203 2922 3273 Laterani
2962 3205 3051 3271 vii
3080 3204 3207 3271 kal.
3233 3202 3582 3272 decembris

726 3310 1125 3397 pontificatus
1170 3312 1372 3377 nostri
1415 3329 1578 3377 anno
1624 3310 1849 3396 primo.

728 3657 906 3727 441.
949 3659 1126 3727 1228
1172 3660 1504 3745 februarii
1554 3662 1590 3725 1
1661 3659 1984 3725 Laterani.
2102 3654 2443 3745 Greqoriue
2498 3658 2603 3724 IX
2666 3662 2889 3746 repetit
2960 3684 3023 3723 n.
3071 3659 3206 3727 418
3276 3661 3355 3725 de
3406 3660 3578 3726 1227

944 3766 1092 3831 iulii
1132 3766 1196 3831 3.

948 3898 1286 3983 Gregorius
1331 3904 1446 3966 etc.
1671 3898 1828 3965 Cum
1877 3897 2091 3965 dilecti
2132 3896 2248 3965 filii
2291 3898 2590 3983 magister
2634 3904 2705 3967 et·
2740 3898 2968 3967 fratres
3004 3902 3122 3966 etc.
3191 3897 3429 3965 Datum
3457 3896 3578 3965 La-

729 4009 928 4075 terani
973 4006 1100 4073 kal.
1131 4006 1433 4073 februarii
1477 4004 1874 4094 pontificatus
1920 4006 2122 4073 nostri
2168 4026 2330 4072 anno
2374 4006 2600 4092 primo.
3476 4008 3485 4015 ’

725 4370 904 4441 442.
947 4372 1123 4439 1228
1170 4372 1500 4457 februarii
1547 4370 1593 4437 3
1659 4370 1984 4438 Laterani.
2104 4368 2447 4457 Greqonue
2501 4370 2607 4437 IX
2670 4372 2892 4458 repetit
2954 4395 3018 4436 π.
3065 4372 3197 4439 419
3264 4374 3343 4438 de
3401 4372 3571 4439 1227

944 4480 1094 4545 iulii
1118 4480 1181 4545 3.

945 4612 1282 4697 Gregorius
1329 4618 1444 4679 etc.
1706 4610 1935 4678 Dilecti
1980 4610 2097 4678 filii
2140 4615 2257 4678 etc.
2326 4610 2559 4678 Datum
2592 4609 2889 4679 Laterani
2932 4610 3005 4677 iii
3036 4564 3234 4678 nonas
3276 4611 3569 4680 februarii

721 4719 1126 4809 pontificatus
1168 4720 1366 4786 nostri
1413 4738 1577 4787 anno
1622 4719 1846 4805 primo.
