3892 5609
673 324 746 394 .4
760 323 852 395 12
1671 337 2095 386 remmom
2138 335 2581 386 Romanorum

702 493 877 565 621.
920 496 1091 563 1261
1140 498 1343 562 decbr.
1377 499 1466 564 13
1519 499 1794 565 Viterbii.
1903 499 2189 564 Urbanus
2238 499 2350 565 IV
2394 500 2617 585 repetit
2661 497 3023 564 Alea-andri
3060 498 3169 564 IV
3203 523 3267 562 π.
3300 499 3433 564 558
3478 499 3563 562 de

918 603 1100 670 1257
1145 605 1294 669 iulii
1321 607 1425 670 11.

923 743 1213 811 Urbanus
1271 751 1388 813 etc.
1447 745 1688 812 dilectis
1732 744 1880 814 filiis
1925 746 2397 833 preceptoribus
2444 750 2508 812 et
2549 745 2849 812 fratribus
2895 751 3011 812 etc.
3236 743 3567 812 Canonica

699 851 1142 919 constitutione
1188 859 1300 918 etc.
1363 850 1596 918 Datum
1629 853 1895 921 Viterbii
1923 855 2065 921 idus
2096 853 2441 921 decembris
2473 853 2871 940 pontificatus
2900 851 3102 919 nostri
3130 872 3293 920 anno
3326 854 3559 940 primo.

910 993 1100 1044 Citatur
1122 1000 1361 1059 tanquam
1386 992 1652 1044 concinens
1677 993 1953 1045 Alexandri
1976 993 2049 1045 IV
2084 994 2214 1045 inter
2237 994 2629 1060 Ratisponensia
2664 1011 2713 1046 n.
2738 994 2772 1044 9
2786 1011 2801 1056 3
2838 993 2901 1044 R.
2926 992 3027 1044 100
3060 993 3193 1045 inter
3218 993 3445 1046 Alsatica
3474 993 3563 1045 12.

702 1233 878 1305 622.
919 1234 1090 1303 1261
1147 1235 1348 1300 decbr.
1382 1235 1470 1302 15
1524 1234 1802 1302 Viterbii.
1909 1235 2196 1302 Urbanus
2243 1237 2289 1301 Ι
2294 1235 2353 1302 V
2402 1239 2625 1324 repetit
2682 1233 2981 1322 Greyorii
3020 1234 3130 1300 IX
3180 1258 3245 1300 n.
3286 1235 3423 1302 466
3480 1238 3565 1302 de

919 1341 1105 1409 1237
1149 1345 1309 1407 maii
1332 1342 1438 1407 22.

920 1483 1212 1550 Urbanus
1261 1487 1376 1548 etc.
1411 1481 1657 1549 dilectis
1701 1481 1847 1549 filiis
1881 1533 1896 1548 .
1925 1531 1940 1548 .
1976 1483 2276 1568 magistro
2322 1489 2387 1552 et
2414 1483 2716 1552 fratribus
2746 1482 3076 1570 hospitalis
3106 1488 3324 1551 sancte
3352 1482 3565 1550 Mai-ie

699 1590 1224 1658 Theutonicorum
1272 1589 1754 1656 lerosolimitani
1785 1589 2051 1658 salutem
2084 1596 2146 1658 et
2176 1592 2587 1679 apostolicam
2618 1591 3133 1659 benedictionem.
3328 1591 3563 1674 Signo-

695 1718 840 1764 rum
898 1697 1218 1764 evidencia
1272 1696 1628 1764 declarante
1673 1704 1788 1764 etc.
1868 1696 2103 1764 Datum
2150 1697 2417 1764 Viterbii
2461 1697 2617 1764 xviii
2661 1697 2787 1764 kal.
2835 1698 3109 1766 ianuarii
3150 1696 3562 1786 pontificatus

695 1805 898 1872 nostri
945 1824 1109 1870 anno
1154 1804 1378 1890 primo,

907 1945 1164 2012 originale
1211 1960 1322 1996 cum
1356 1942 1494 1996 bulla
1535 1943 1586 1994 in
1623 1943 1822 1995 archivo
1859 1943 2243 2011 Regimontano.
2301 1947 2365 1998 A.
2390 1945 2455 1998 16
2492 1963 2541 2013 p.
2560 1945 2630 1998 93
2671 1945 3051 2012 „Mechelinia“.
3112 1945 3305 1998 Citatur
3337 1946 3393 1998 iu
3430 1961 3559 1998 eon·-

695 2033 975 2087 firmatione
1009 2033 1206 2086 Nicolai
1239 2033 1314 2085 IV
1349 2033 1415 2085 de
1455 2031 1590 2084 1289
1625 2031 1797 2098 aprilis
1824 2032 1870 2084 1.

701 2273 795 2344 62
808 2273 876 2346 3.
907 2271 1095 2344 ’1262
1135 2279 1424 2342 ianuam·
1461 2275 1550 2342 23
1609 2273 1867 2341 viterbii
1910 2225 2236 2360 (02412'64
2278 2279 2566 2344 ianam·
2604 2278 2744 2360 30).
2850 2275 3137 2343 Urbanus
3183 2275 3296 2343 JV
3328 2279 3565 2364 repetit

917 2385 1276 2449 Alea-andri
1305 2383 1351 2448 Ι
1355 2383 1416 2449 V
1449 2405 1512 2447 n.
1547 2382 1681 2448 607
1726 2383 1803 2445 de
1848 2381 2024 2448 1259
2067 2383 2217 2448 iulii
2257 2385 2363 2451 28.

917 2523 1207 2592 Urbanus
1253 2530 1369 2591 etc.
1593 2522 1734 2589 Etsi
1789 2542 1992 2607 neque
2051 2528 2167 2591 etc.
2242 2524 2480 2593 Datum
2528 2525 2791 2594 Viterbii
2835 2546 2950 2613 per
2992 2545 3216 2592 manus
3261 2524 3561 2608 magistri

695 2631 988 2699 Iohannis
1033 2631 1282 2698 Iordani
1341 2651 1389 2697 s·
1435 2630 1714 2697 Romane
1760 2628 2019 2697 ecclesie
2064 2632 2556 2700 vicecancellarii
2602 2639 2665 2702 et
2706 2632 2939 2700 notarii
2983 2653 3029 2698 x
3072 2631 3197 2698 kal.
3245 2631 3561 2699 februarii

693 2738 1043 2806 indiccione
1097 2759 1137 2804 v
1185 2757 1346 2805 anno
1416 2737 1495 2804 ab
1547 2736 1979 2804 incarnatione
2037 2739 2273 2806 domini
2332 2737 2589 2806 mcclxi²
2648 2739 3050 2828 pontificatus
3106 2759 3256 2806 vero
3311 2739 3559 2804 domini

695 2845 935 2913 Urbani
979 2866 1144 2932 pape
1186 2846 1252 2911 iv
1299 2864 1461 2911 anno
1506 2845 1731 2932 primo.

915 2953 1051 3036 Ego
1098 2950 1388 3018 Urbanus
1435 2951 1737 3019 catholice
1782 2952 2042 3020 ecclesie
2088 2954 2416 3041 episcopus
2430 2950 2470 3020 ².

915 3060 1055 3144 Ego
1101 3059 1234 3126 Odo
1280 3059 1669 3127 Tusculanus
1717 3062 2065 3148 episcopus.

913 3166 1050 3250 Ego
1099 3164 1452 3254 Stephanus
1497 3166 1902 3235 Prenestinus
1950 3169 2299 3254 episcopus.

913 3274 1050 3358 Ego
1093 3275 1290 3341 frater
1333 3274 1516 3358 Hugo
1563 3295 1612 3341 s.
1662 3275 1893 3343 Sabine
1937 3274 2249 3362 presbiter
2294 3273 2652 3342 cardinalis,

918 3380 1052 3465 Ego
1096 3381 1400 3448 Ricardus
1447 3401 1496 3448 s.
1528 3382 1759 3467 Angeli
1803 3383 2103 3450 diaconus
2150 3381 2507 3448 cardinalis.

912 3487 1051 3572 Ego
1097 3487 1443 3555 Ottobonus
1491 3509 1540 3554 s,
1576 3489 1843 3556 Adriani
1888 3490 2187 3556 diaconus
2235 3487 2592 3555 cardinalia.

913 3595 1048 3679 Ego
1096 3593 1484 3662 Godofredus
1531 3616 1580 3662 s.
1615 3595 1869 3682 Georgii
1913 3596 1996 3664 ad
2039 3596 2247 3663 velum
2294 3615 2553 3662 aureum
2600 3595 2897 3663 diaconus
2948 3595 3306 3682 cardinalis.

914 3701 1051 3786 Ego
1095 3703 1292 3770 frater
1334 3703 1640 3772 Iohannes
1686 3725 1735 3771 s.
1768 3703 2095 3771 Laurentii
2139 3703 2205 3770 in
2249 3701 2490 3769 Lucina
2535 3701 2844 3790 presbiter
2889 3701 3247 3770 cardinalis.

916 3809 1053 3894 Ego
1101 3810 1462 3877 Ottomarus
1507 3833 1557 3878 s.
1589 3811 1790 3879 Mario
1831 3813 1899 3878 in
1944 3811 2048 3878 via
2090 3810 2221 3877 lata
2264 3811 2561 3878 diaconus
2606 3810 2961 3878 cardinalia.

916 3915 1052 4001 Ego
1097 3918 1404 3985 Iohannes
1449 3939 1498 3985 s.
1532 3914 1776 3986 Nicolai
1818 3920 1888 3984 in
1931 3939 2179 3986 carcere
2222 3917 2510 3985 Tulliano
2556 3919 2855 3985 diaconus
2899 3915 3254 3984 cardinalis.

913 4023 1051 4108 Ego
1097 4023 1354 4093 Iacobus
1399 4047 1447 4092 s.
1483 4024 1682 4092 Marie
1724 4027 1790 4092 in
1839 4025 2173 4092 Gosmedin
2218 4025 2517 4092 diaconus
2562 4024 2917 4092 cardinalis,

915 4131 1050 4216 Ego
1096 4131 1366 4200 Ubertus
1413 4155 1462 4200 s.
1494 4133 1818 4200 Eustachii
1864 4133 2164 4199 diaconus
2208 4131 2563 4200 cardinalis.

907 4273 970 4325 A.
1002 4273 1066 4325 16
1101 4290 1152 4339 p.
1176 4273 1246 4324 53
1283 4274 1347 4325 cf.
1373 4272 1440 4325 57
1485 4273 1734 4340 „Bm-uli&
1919 4275 1965 4326 1.
2002 4275 2074 4325 sic
2086 4292 2101 4334 ς
2139 4273 2202 4326 cf.
2227 4291 2277 4325 n.
2304 4273 2423 4324 632.
2565 4273 2615 4324 2.
2650 4272 2785 4324 hunc
2818 4289 3016 4324 versum
3050 4269 3295 4338 supplevi.

700 4523 796 4626 62
804 4523 876 4596 4.
917 4525 1096 4594 1262
1126 4528 1382 4612 auqueti
1399 4526 1484 4592 31
1518 4527 1696 4613 apud
1715 4527 2300 4613 Montemflasconis.
2374 4524 2660 4591 Urbanus
2684 4525 2730 4589 Ι
2735 4525 2796 4591 V
2825 4527 3047 4612 repetit
3068 4523 3426 4590 Alexandri
3444 4523 3495 4589 I
3498 4523 3559 4588 V

915 4657 980 4698 n.
1012 4634 1144 4700 594
1189 4635 1266 4699 de
1310 4634 1488 4702 1258
1531 4633 1744 4698 novbr.
1777 4633 1884 4700 22.

917 4774 1206 4842 Urbanus
1250 4781 1366 4842 etc.
1415 4773 1873 4841 venerabilibus
1917 4774 2218 4841 fratribus
2259 4773 2746 4861 archiepiscopis
2776 4779 2842 4841 et
2868 4773 3181 4861 episcopis
3210 4778 3277 4840 et
3302 4773 3548 4842 dilectis

693 4880 841 4948 filiis
887 4881 1248 4967 abbatibus,
1307 4881 1620 4968 prioribus
1667 4887 1784 4949 etc.
1873 4881 1976 4948 Ex
2020 4887 2203 4967 parte
2246 4881 2615 4949 dilectorum
2656 4881 2929 4948 filiorum
2976 4917 3059 4927 --
3106 4880 3349 4948 litteras
3395 4900 3549 4968 apo-

699 4989 916 5056 stolice
961 4988 1129 5056 sedis
1174 4991 1390 5057 datum
1433 4989 1625 5056 fuerit
1667 4989 1736 5056 in
1779 4989 2094 5056 mandatis
2142 5024 2223 5036 —
2269 4989 2655 5076 passagium,
2702 4988 3109 5074 cauchagium
3152 5009 3265 5058 seu
3309 4987 3549 5057 theolo-
