3892 5609
1305 348 1730 399 ron'rmcuu
1775 348 2220 397 nonar-ionum
3038 339 3133 409 32
3150 340 3183 408 1

323 506 500 571 canis
555 510 621 571 et
677 504 820 572 aliis
879 505 1278 572 ecclesiarum
1335 494 1626 593 prelatis,
1686 507 1764 574 ad
1813 528 1968 593 quos
2027 507 2239 575 littere
2291 508 2413 573 iste
2456 508 2878 592 pervenerint,
2924 508 3193 575 salutem

323 616 390 677 et
447 612 856 697 apostolicam
911 612 1426 680 benedictionem.
1703 612 2030 692 Querelam
2092 634 2349 698 gravem
2408 614 2758 700 recepimus
2822 613 3192 680 dilectorum

323 716 600 802 filiorum
627 718 894 785 fratrum
925 718 1258 805 hospitalis
1289 726 1504 787 sancte
1536 720 1736 787 Marie
1767 720 2293 789 Theotonicorum
2323 720 2827 803 Ierosolimitani‚
2862 742 3049 806 quam
3078 740 3193 807 pre

321 824 756 908 magnitudine
813 824 995 911 culpe
1053 846 1126 892 ac
1179 846 1529 914 pauperum
1586 826 1917 915 dispendio
1980 828 2377 895 dissimulare
2433 847 2549 895 nec
2592 827 2881 894 volumus
2926 845 3043 893 nec
3086 827 3195 895 de·

321 930 562 997 bemus.
631 930 1102 1017 Proposuerunt
1155 932 1462 1019 siquidem
1517 935 1648 1001 iam
1706 934 1857 1000 dicti
1911 936 2174 1018 fratres,
2238 934 2425 1020 quod,
2488 955 2631 1001 cum
2678 955 2791 1020 pro
2839 935 3193 1001 confratriis

319 1044 386 1105 et
429 1030 790 1105 elemosinis
836 1060 1184 1126 pauperum
1230 1042 1622 1125 requirendis
1669 1042 2010 1108 secundum
2061 1041 2227 1126 quod
2272 1042 2362 1107 eis
2410 1041 2783 1107 indulsimus
2810 1038 2827 1069 ¹
2874 1042 2953 1107 ad
2999 1041 3193 1107 eccle-

321 1147 449 1213 sias
497 1146 888 1232 quorundam
917 1146 1410 1232 presbiterorum
1442 1148 1764 1231 accedunt,
1817 1168 1922 1215 eos
1954 1148 2235 1235 recipere
2266 1147 2507 1231 nolunt,
2553 1148 2684 1232 sed,
2734 1146 2901 1233 quod
2938 1149 3193 1231 gravius

321 1258 438 1337 est,
489 1254 566 1320 ab
613 1253 890 1320 ecclesiis
935 1254 1092 1341 ipsis
1139 1254 1458 1341 predictos
1500 1255 1730 1321 fratres
1777 1255 1977 1323 eicere
2022 1274 2149 1320 non
2194 1258 2511 1338 verentur,
2558 1274 2701 1320 cum
2746 1254 3047 1322 deberent
3087 1274 3193 1321 eos

320 1359 592 1445 benigne
647 1380 721 1427 ac
775 1360 1098 1446 pacienter
1145 1361 1362 1427 audire
1409 1366 1470 1427 et
1514 1361 1963 1447 parrochianos
2011 1382 2156 1427 suos
2204 1360 2281 1430 ad
2340 1360 2749 1429 conferendas
2808 1362 3193 1448 pauperibus

320 1466 696 1533 elemosinas
741 1467 1051 1533 attencius
1105 1467 1445 1534 exhortari.
1516 1468 1780 1534 Accedit
1818 1468 1902 1533 ad
1950 1468 2085 1552 hec,
2134 1468 2303 1552 quod
2342 1467 2534 1533 iidem
2578 1464 2950 1555 presbiteri²
2996 1488 3194 1552 quan·-

321 1572 468 1639 dam
529 1580 774 1659 partem
834 1573 1318 1640 elemosinarum
1376 1594 1728 1661 pauperum
1776 1575 2037 1658 exigunt
2078 1575 2501 1661 impudenter,
2551 1580 2633 1658 et,
2680 1580 2753 1640 ut
2796 1574 3041 1661 possint
3085 1596 3195 1641 ex·-

319 1684 616 1764 torquere
671 1679 836 1764 quod
885 1686 1186 1764 querunt,
1242 1681 1674 1767 parrochianis
1721 1683 1850 1749 suis
1894 1682 2383 1749 reclamantibus
2426 1700 2775 1768 pauperum
2823 1681 3191 1766 obsequium

318 1786 628 1871 impedire
651 1807 766 1873 pro
792 1807 902 1853 sue
925 1787 1266 1853 voluntatis
1297 1787 1560 1854 arbitrio
1591 1808 1719 1854 non
1745 1789 2093 1855 formidant
2106 1784 2147 1853 ³.
2208 1787 2408 1871 Unde,
2442 1787 2737 1871 quoniam
2770 1792 3015 1855 tantum
3048 1809 3193 1875 pre·-

319 1891 630 1959 dictorum
681 1892 950 1959 fratrum
1009 1914 1350 1976 gravamen
1395 1901 1462 1960 et
1517 1915 1868 1983 pauperum
1927 1894 2327 1981 dispendium
2386 1892 2615 1960 clausis
2672 1914 2799 1961 non
2860 1891 3195 1961 debemus‘

319 1998 518 2065 oculis
562 1999 968 2084 pertransire,
1017 2000 1242 2085 quibus
1289 2020 1364 2066 ex
1414 2000 1623 2066 debito
1654 2001 1991 2086 pastoralis
2024 2001 2209 2066 officii
2242 2000 2657 2087 patrocinium
2691 1996 3013 2068 tenemur-⁵
3046 2021 3194 2067 con·-

315 2111 424 2171 tra
479 2106 755 2171 omnium
810 2106 1210 2172 insolentiam
1272 2107 1607 2192 impertiri,
1663 2106 2063 2173 universitati
2116 2111 2323 2174 vestre
2384 2127 2499 2193 per
2555 2106 2900 2193 apostolica
2956 2108 3195 2194 scripta

317 2212 692 2278 mandamus
747 2219 938 2296 atque
983 2212 1366 2299 precipimus
1378 2209 1426 2296 ⁶,
1490 2213 1784 2297 quatinus
1829 2214 2143 2279 universis
2204 2213 2573 2299 presbiteris
2630 2220 2838 2281 vestre
2892 2214 3192 2300 potestati

319 2319 616 2385 subiectis
663 2319 780 2385 sub
827 2339 990 2405 pena
1035 2318 1224 2385 officii
1272 2324 1336 2386 et
1378 2320 1665 2386 beneficii
1707 2320 2084 2404 iniungatis,
2132 2326 2205 2387 ut
2247 2320 2564 2406 predictos
2608 2321 2837 2389 fratres
2882 2322 2949 2387 in
2996 2320 3193 2388 eccle-

319 2426 434 2491 siis
479 2426 612 2491 suis
659 2426 740 2492 ad
785 2447 944 2512 opus
990 2446 1342 2512 pauperum
1371 2426 1699 2513 predicare
1729 2431 1796 2493 et
1825 2426 2198 2494 elemosinas
2240 2423 2471 2493 libere'
2514 2447 2775 2511 querere
2814 2428 2995 2493 iuxta
3024 2428 3191 2513 quod

319 2533 412 2598 eis
459 2532 750 2599 duximus
795 2528 1285 2615 indulgendum⁸
1331 2533 1468 2599 sine
1513 2534 1794 2618 qualibet
1835 2532 2339 2601 contradiccione
2384 2534 2774 2619 permittant,
2834 2533 3013 2600 salva
3056 2554 3191 2600 mo-

319 2639 648 2706 deracione
693 2639 938 2706 concilii
984 2639 1296 2721 generalis
1309 2635 1353 2724 ⁹,
1399 2660 1518 2706 nec
1562 2640 1638 2707 ab
1687 2642 1778 2706 eis
1823 2639 2063 2725 aliquid
2110 2639 2361 2723 exigere
2406 2640 2506 2706 vel
2553 2647 2925 2725 extorquere
2970 2661 3191 2727 presu-

317 2751 516 2812 mant.
589 2746 658 2811 Si
715 2766 863 2813 vero
908 2745 1307 2832 postmodum
1368 2745 1448 2812 de
1489 2747 1618 2812 iam
1667 2736 1872 2814 dictis‘
1911 2745 2279 2831 presbiteris
2327 2746 2408 2811 ad
2465 2745 2853 2812 audienciam
2913 2754 3191 2815 vestram

319 2852 576 2937 querela
618 2853 997 2939 pervenerit,
1043 2853 1109 2919 in
1155 2858 1654 2935 transgressores
1697 2854 1983 2938 precepti
2024 2854 2223 2918 nostri
2259 2853 2441 2918 iuxta
2472 2853 2731 2919 modum
2764 2852 2947 2939 culpe
2982 2854 3194 2921 taliter

315 2959 670 3043 vindicetis,
719 2960 884 3044 quod
931 2979 1036 3025 eos
1083 2979 1195 3025 sue
1243 2958 1614 3026 temeritatis
1660 2959 1944 3044 peniteat
1990 2965 2054 3024 et
2097 2958 2324 3025 fratres
2356 2960 2479 3045 ipsi
2514 2979 2629 3045 pro
2662 2959 2907 3025 defectu
2938 2960 3191 3029 iusticie

317 3084 448 3131 non
477 3072 780 3150 cogantur
809 3065 894 3131 ad
921 3069 1208 3131 nostram
1238 3066 1630 3151 presenciam
1660 3065 1967 3133 laborare.
2038 3064 2335 3131 Pervenit
2360 3070 2653 3153 preterea
2682 3066 2763 3131 ad
2793 3066 3189 3134 audienciam

319 3178 624 3256 nostram,
686 3172 850 3258 quod
866 3221 885 3256 ,
931 3172 989 3237 si
1043 3171 1294 3257 quando
1339 3172 1738 3258 parrochiani
1793 3172 1990 3238 vestri
2036 3172 2297 3257 prefatis
2356 3172 2657 3238 fratribus
2704 3173 2781 3238 de
2824 3174 3013 3240 rebus
3056 3175 3187 3241 suis

319 3280 656 3365 quicquam
693 3280 759 3345 in
805 3284 1181 3346 testamento
1227 3277 1610 3363 relinquunt,
1655 3278 1918 3346 heredes
1966 3297 2182 3344 eorum
2212 3278 2311 3343 vel
2344 3277 2456 3361 illi,
2505 3278 2615 3362 qui
2658 3298 2759 3345 res
2789 3280 2963 3365 ipsas
2991 3300 3187 3367 penes

319 3405 389 3452 se
434 3386 686 3470 habent,
733 3387 944 3472 ipsum
987 3385 1262 3468 legatum
1311 3386 1404 3451 eis
1449 3385 1692 3452 solvere
1738 3384 2196 3451 contradicunt.
2275 3382 2437 3462 Quia
2482 3404 2629 3450 vero
2686 3405 2943 3468 gravem
3002 3387 3187 3473 culpe

317 3492 630 3558 maculam
676 3492 1054 3559 contrahunt
1097 3496 1164 3557 et
1205 3512 1332 3557 non
1376 3491 1779 3559 mediocriter
1807 3491 2021 3558 oculos
2053 3490 2267 3557 divine
2302 3492 2652 3558 maiestatis
2685 3489 3025 3575 offendunt,
3075 3494 3185 3579 qui

319 3618 424 3681 ea,
483 3618 602 3683 que
657 3599 854 3664 sacris
910 3598 1013 3666 dei
1067 3598 1348 3665 ecclesiis
1407 3604 1472 3664 et
1526 3598 1680 3664 viris
1739 3598 2032 3682 religioni
2080 3603 2145 3663 et
2186 3597 2499 3663 honestati
2548 3596 2779 3663 deditis
2833 3598 3187 3666 racionabi-

315 3705 464 3772 liter
507 3706 576 3771 in
619 3710 993 3773 testamento
1037 3704 1346 3787 legantur,
1393 3704 1752 3772 temeritate
1784 3704 2067 3789 qualibet
2108 3704 2389 3770 detinere
2429 3711 2833 3789 presumunt3
2882 3705 3188 3772 universi-

317 3814 434 3878 tati
463 3819 672 3879 vestre
714 3832 830 3897 per
875 3812 1222 3896 apostolica
1267 3811 1508 3897 scripta
1553 3812 1955 3897 precipiendo
1968 3808 2009 3841 ¹⁰
2056 3811 2450 3894 mandanae,
2488 3812 2805 3895 quatinus,
2852 3812 2907 3875 si
2938 3811 3187 3897 quando

315 3918 584 4004 predicti
637 3918 868 3983 fratres
925 3917 1092 4003 apud
1149 3936 1260 3983 vos
1307 3918 1534 3983 exinde
1603 3918 2061 4001 querimoniam
2119 3918 2542 4003 deposuerint,
2598 3917 2761 4001 illos,
2808 3937 2964 4003 quos
3008 3919 3187 3985 vobis

313 4023 801 4108 nominaverint,
859 4024 914 4089 si
961 4024 1136 4090 vobis
1190 4024 1282 4089 ita
1343 4044 1480 4090 esse
1549 4025 1920 4108 constiterit,
1978 4024 2287 4092 moneatis
2344 4024 2653 4090 attencius
2712 4030 2775 4090 et
2841 4024 3187 4091 districtius

315 4130 740 4216 compellatis,
797 4134 870 4197 ut
901 4150 1006 4214 ea,
1055 4150 1176 4213 que
1219 4130 1520 4216 predictis
1564 4131 1868 4197 fratribus
1925 4137 2075 4197 sunt
2116 4131 2182 4197 in
2226 4135 2606 4199 testamento
2652 4131 2889 4214 legata,
2946 4136 3188 4199 remoto

315 4236 766 4324 appellacionis
813 4235 1132 4303 obstaculo
1179 4237 1316 4302 sine
1359 4236 1684 4303 maliciosa
1728 4237 2031 4303 dilatione
2076 4236 2311 4321 absque
2356 4238 2781 4303 diminucione
2825 4236 3191 4321 persolvant

312 4342 416 4410 vel
459 4345 524 4409 in
569 4344 900 4430 presencia
941 4349 1155 4409 vestra
1199 4342 1622 4430 appellatione
1661 4348 1908 4410 remota
1952 4344 2291 4411 exhibeant
2332 4344 2581 4410 iusticie
2634 4342 3183 4428 complementum.

314 4448 552 4528 Quodsi
607 4451 863 4517 monitis
909 4450 1134 4515 vestris
1179 4469 1404 4535 parere
1447 4450 1975 4537 contempserint,
2036 4472 2141 4517 eos
2190 4450 2613 4537 appellatione
2658 4454 2943 4515 cessante
2988 4468 3187 4533 usque

313 4557 395 4622 ad
453 4558 826 4641 condignam
885 4554 1384 4623 satisfaccionem
1441 4557 2112 4623 excommunicacionis
2167 4556 2417 4623 vinculo
2477 4557 2861 4639 astringatis.
2906 4603 2913 4613 .
2949 4556 3187 4623 Datum

311 4662 612 4731 Laterani
655 4684 700 4729 x
743 4661 1047 4729 kalendas
1093 4662 1318 4728 marcii
1361 4661 1762 4749 pontificatus
1807 4664 2010 4729 nostri
2056 4682 2220 4729 anno
2268 4667 2465 4729 sexto.

526 4820 615 4871 Sin
619 4820 815 4872 edato·
851 4818 1259 4882 1,72v.n.39;
1296 4819 1550 4880 11,v.10'7
1589 4820 1824 4872 ιι.60-
1869 4818 2164 4871 eamdam
2202 4820 2387 4872 Lar-aste
2388 4819 2797 4871 ni.ar100alm
2742 4818 3005 4886 arcii.np
3050 4818 3187 4881 12.ss-

310 4906 3185 4975 Awlop591Mapg—0umdt011zeiiduanwnpaffl7R441wtmnmgnhnM31

317 4996 363 5047 1.
401 4996 540 5049 iuxta
563 4996 974 5049 connsuetudinem
999 5012 1140 5047 suam
1165 4994 1462 5049 acnuctitate
1485 4996 1762 5063 apostolica
1785 5012 1876 5049 con
1845 4996 2208 5049 nfirmatamR.
2350 4998 2401 5049 2.
2440 4997 2560 5049 dees
2562 4996 2649 5061 tI,
2674 4996 2739 5048 A.
2767 4996 2845 5051 16.
2989 4995 3039 5049 3.
3065 5012 3126 5062 pr
3127 5012 3185 5047 e-

2691 5094 2761 5148 21
