3892 5609
695 298 842 370 388
1659 306 2080 356 Pom-mcum
2128 307 2566 357 nouanonnu

686 468 958 534 habeant
1011 467 1370 533 facultatem
1428 488 1544 533 nec
1597 468 1878 553 ipsorum
1935 466 2121 534 alicui
2173 468 2414 536 licitum
2462 470 2546 534 sit
2596 471 2743 553 post
2798 466 3029 532 factam
3086 467 3555 552 professionem

689 562 754 641 et
795 574 988 641 semel
1034 580 1417 661 assumptam
1464 594 1706 640 crucem
1755 574 2035 640 habitum
2069 582 2273 642 vestre
2318 575 2721 663 professionis
2769 574 3034 640 abiicere
3075 572 3174 639 vel
3221 574 3299 639 ad
3348 574 3553 639 alium

689 681 896 748 locum
952 682 1208 747 maioris
1265 702 1372 747 seu
1418 681 1678 748 minoris
1723 681 2044 765 religionis
2090 682 2347 749 obtentu
2390 682 2606 748 invitis
2652 682 2785 747 sive
2827 680 3196 747 inconsultis
3240 680 3559 746 fratribus

691 795 801 855 aut
847 809 949 872 eo,
999 789 1105 873 qui
1151 790 1449 872 magister
1493 789 1836 871 exstiterit,
1882 791 2364 873 transmigrare,
2412 789 2691 873 nullique
2736 786 3153 854 ecclesiastice
3194 787 3559 853 secularisve

686 914 950 981 persone
995 896 1166 981 ipsos
1211 897 1526 982 suscipere
1571 896 1758 962 liceat
1798 896 1898 962 vel
1941 902 2173 962 tenere.
2244 897 2313 963 Si
2344 917 2513 979 vero‚
2561 895 2723 981 quod
2772 894 2954 977 absit,
3000 894 3228 979 aliquis
3273 894 3559 959 fratrum

685 1004 971 1088 ipsorum
1015 1009 1231 1069 contra
1275 1002 1631 1069 huiusmodi
1677 1003 2183 1070 constitutionem
2238 1011 2514 1071 nostram
2565 1003 2643 1069 ad
2689 1002 2964 1068 seculum
3006 1000 3213 1067 redire
3256 1021 3559 1087 presum-

687 1112 887 1197 pserit
927 1116 1136 1175 vestro
1183 1110 1398 1176 habitu
1444 1110 1769 1194 derelicto,
1824 1110 2143 1195 volumus,
2202 1112 2368 1197 quod
2411 1112 2478 1176 in
2526 1130 2666 1177 eum
2713 1130 2827 1195 per
2870 1108 3095 1175 fratres
3140 1109 3557 1195 presbyteros

688 1217 990 1303 sepedicti
1045 1217 1282 1282 ordinis
1326 1218 1517 1283 vestri
1563 1218 2221 1284 excommunicationis
2278 1219 2589 1285 sententia
2640 1218 2993 1303 proferatur
3037 1215 3403 1283 nullatenus
3446 1236 3557 1281 re-

684 1324 988 1407 laxanda,
1061 1324 1258 1391 donec
1313 1325 1392 1390 ad
1449 1324 1732 1391 ordinem
1799 1325 2007 1410 ipsum
2062 1325 2383 1391 humiliter
2439 1325 2657 1391 redeat
2712 1330 2777 1391 et
2827 1324 3293 1389 restitutionem
3353 1323 3555 1389 vestri

685 1430 934 1497 habitus
983 1431 1157 1497 salva
1201 1430 1536 1517 disciplina
1582 1432 1818 1498 ordinis
1863 1440 2194 1499 mereatur.
2282 1432 2454 1499 Nulli
2500 1451 2647 1515 ergo
2694 1431 2944 1496 omnino
2990 1430 3316 1495 hominum
3360 1428 3557 1495 licoat

690 1538 852 1605 hanc
895 1539 1191 1625 paginam
1239 1543 1453 1605 nostre
1497 1539 1912 1605 concessionis
1945 1545 2009 1605 et
2036 1540 2497 1606 constitutionis
2528 1539 2888 1621 infringere,
2934 1536 3032 1603 vel
3065 1538 3120 1602 ei
3154 1558 3314 1603 ausu
3348 1544 3555 1603 teme-

687 1645 854 1711 rario
901 1646 1231 1712 contraire.
1313 1644 1382 1712 Si
1429 1646 1566 1730 quis
1613 1651 1729 1713 etc.
1808 1645 2042 1712 Datum
2066 1645 2335 1713 Viterbii
2378 1667 2415 1712 v
2444 1646 2570 1713 kal.
2604 1645 2856 1729 augusti
2897 1642 3301 1730 pontificatus
3346 1646 3553 1711 nostri

688 1772 852 1819 anno
897 1753 1110 1819 tercio.

900 1892 1020 1943 Sine
1057 1892 1201 1945 dato:
1246 1894 1484 1959 magistro
1531 1901 1584 1944 et
1625 1892 1861 1946 fratribus
1898 1902 1993 1945 etc.
2036 1893 2114 1955 11,
2142 1893 2302 1945 122v.
2338 1910 2389 1945 n.
2414 1892 2485 1945 90
2495 1912 2513 1955 ;
2558 1894 2622 1944 A.
2648 1892 2717 1943 20
2750 1911 2801 1943 ιι.
2826 1892 2895 1944 98
2930 1893 3111 1945 Latine
3154 1902 3209 1943 et
3244 1892 3553 1944 Germanice

688 1998 801 2033 cum
823 1990 970 2033 nota:
1006 1982 1068 2033 In
1087 1981 1348 2049 Marburg.
1378 2010 1439 2019 —-
1480 1982 1602 2033 oum
1626 1982 1769 2034 dato:
1809 1982 2022 2033 Viterbii
2058 1983 2089 2033 5
2113 1981 2216 2035 kal.
2242 1998 2357 2048 aug.
2394 2000 2445 2049 p.
2468 1999 2519 2035 n.
2545 1999 2591 2033 a.
2616 1982 2667 2033 3.
2705 1982 2947 2049 originale
2970 1998 3083 2033 cum
3105 1980 3241 2031 bulla
3264 1982 3321 2031 in
3344 1980 3549 2033 archivo

688 2070 1084 2137 Regimontano,
1121 2070 1185 2123 cf.
1209 2070 1498 2137 Napiersky
1534 2070 1692 2121 Index
1727 2070 1779 2133 1,
1805 2071 1874 2123 34
1910 2089 1959 2122 n.
1991 2071 2107 2123 13¹7.
2169 2071 2433 2133 Quondam
2466 2070 2941 2136 Mergenthemense
2976 2069 3218 2137 originale
3252 2070 3309 2119 in
3344 2070 3551 2119 archivo

688 2160 876 2211 ordinis
901 2159 1194 2211 Theutonici
1213 2158 1634 2221 vindobonensis,
1661 2158 1725 2210 de
1750 2178 1847 2226 quo
1873 2160 2010 2211 bulla
2036 2160 2223 2211 avulsa.
2278 2160 2367 2222 IV,
2394 2158 2498 2211 208
2534 2178 2583 2211 n.
2603 2160 2653 2212 4.
2706 2160 2803 2212 Ed.
2828 2159 2953 2211 Livl.
2978 2160 3042 2211 U.
3065 2158 3126 2211 B.
3150 2159 3192 2221 1,
3211 2158 3317 2209 395
3354 2176 3405 2209 ιι.
3424 2156 3547 2210 309.

687 2247 914 2299 Duellius
949 2250 1084 2314 App.
1110 2247 1144 2298 8
1190 2265 1240 2299 n.
1267 2247 1317 2300 7.
1339 2278 1401 2285 —
1437 2248 1880 2315 „Praeceptoribus
1918 2258 1972 2300 et
2006 2248 2240 2300 fratribus
2276 2250 2519 2300 universis
2553 2248 2605 2299 h.
2641 2268 2681 2300 s.
2715 2248 2787 2299 M.
2822 2249 2915 2299 Th.
2954 2256 3217 2315 presentes
3252 2246 3427 2297 literas
3464 2246 3547 2297 in·

689 2336 985 2404 specturis‘·'.
1053 2337 1117 2388 R.
1149 2336 1246 2387 125
1289 2337 1422 2389 inter
1463 2336 1876 2404 Marburgensia,
1921 2353 2117 2389 necnon
2162 2339 2227 2389 A.
2257 2338 2322 2389 16
2366 2356 2417 2405 p.
2444 2338 2539 2399 64;
2592 2338 2857 2403 „Colonie“
2898 2356 2947 2403 p.
2974 2336 3061 2389 71.
3128 2336 3453 2401 „Preceptori
3498 2346 3549 2385 et

689 2426 924 2477 fratribus
959 2424 1220 2491 hospitalis
1259 2444 1299 2477 s·
1335 2425 1496 2479 Marie
1531 2426 1950 2478 Theutonicorum
1983 2428 2035 2477 in
2071 2426 2398 2477 Alemannia“
2440 2428 2504 2477 A.
2527 2426 2591 2477 16
2628 2443 2678 2491 p.
2696 2426 2767 2476 43
2803 2427 2855 2476 in
2888 2425 3090 2477 Barulo.
3128 2456 3188 2464 -—
3239 2426 3367 2477 Cum
3400 2424 3549 2476 dato:

691 2514 905 2566 Viterbii
938 2532 1018 2565 an.
1045 2514 1079 2564 3
1108 2514 1285 2565 citatur
1309 2514 1550 2580 originale
1574 2515 1627 2565 in
1652 2502 1999 2581 designatione
2022 2515 2347 2566 Mitowiensis
2372 2515 2558 2566 archivi
2582 2514 2832 2566 Holmiam
2862 2514 2991 2565 1621
3021 2514 3175 2566 delati
3200 2532 3283 2579 ap.
3308 2513 3551 2566 Schirren

692 2620 742 2669 p.
771 2604 866 2655 131
907 2620 957 2654 n.
988 2602 1102 2654 110.
1140 2633 1200 2641 -
1255 2603 1376 2654 Cum
1412 2602 1558 2655 dato:
1606 2603 1819 2655 Viterbii
1859 2605 1936 2671 [4]
1974 2608 2093 2656 non.
2128 2622 2243 2670 aug.
2280 2622 2331 2670 p.
2356 2622 2406 2655 ιι.
2442 2623 2488 2655 a.
2514 2603 2565 2655 3.
2619 2603 2930 2670 „preceptori
2966 2612 3019 2654 et
3057 2604 3293 2655 fratribus
3330 2602 3383 2654 h.
3406 2620 3451 2654 s.
3476 2600 3549 2652 M.

689 2692 786 2743 Th.
819 2692 873 2743 in
907 2692 1164 2743 Pruscia“.
1229 2690 1487 2758 originale
1531 2708 1644 2742 cum
1687 2692 1827 2744 bulla
1870 2693 1922 2744 in
1970 2693 2169 2745 archivo
2205 2693 2598 2759 Regimontano,
2646 2692 2793 2743 valde
2828 2709 3080 2744 corrosum
3114 2692 3167 2743 in
3200 2692 3349 2743 laeva
3384 2702 3551 2757 parte.

693 2781 816 2833 Cum
859 2781 1036 2833 eodem
1087 2781 1205 2831 dato
1251 2782 1315 2832 A.
1347 2780 1410 2831 16
1455 2798 1505 2846 p.
1540 2780 1609 2831 45
1656 2782 1941 2847 preceptori
1986 2792 2039 2833 et
2083 2781 2319 2833 fratribus
2366 2782 2419 2832 in
2466 2781 2765 2841 Alemannis.
2816 2781 3085 2847 „Baru1i“.
3154 2780 3438 2847 „Magistro
3498 2794 3553 2831 et

691 2870 926 2921 fratribus
961 2870 1012 2920 h.
1039 2888 1078 2921 s.
1105 2870 1175 2921 M.
1202 2869 1324 2921 Th.“
1367 2878 1721 2920 transsumtum
1759 2870 1824 2920 ad
1859 2870 2149 2922 instantiam
2182 2870 2327 2936 mgri.
2361 2871 2590 2921 Annonis
2628 2871 2719 2921 sub
2755 2870 2893 2920 bulla
2927 2869 3163 2937 plumbea
3196 2870 3367 2921 Iacobi
3403 2870 3549 2920 Iero-

693 2957 959 3011 solimitani
983 2958 1312 3025 patriarchae,
1348 2956 1504 3024 legati
1528 2956 1815 3023 apostolici,
1853 2958 1902 3010 d.
1929 2960 1979 3010 d.
2006 2960 2175 3012 Accon
2204 2958 2339 3010 1257
2376 2974 2548 3010 mense
2573 2958 2804 3020 octobris,
2840 2958 2973 3025 quod
2999 2966 3051 3009 et
3073 2959 3237 3025 ipsum
3259 2958 3553 3024 Regimonti

692 3048 870 3099 citatur
893 3048 1020 3099 Livl.
1045 3046 1107 3100 U.
1127 3046 1188 3097 B.
1221 3046 1446 3112 Regesta
1468 3064 1520 3113 p.
1538 3046 1606 3097 88
1640 3065 1692 3098 ιι.
1711 3046 1816 3098 355
1853 3056 2091 3115 tanquam
2115 3048 2371 3115 originalis
2397 3048 2461 3099 de
2491 3047 2625 3099 1257
2660 3046 2766 3099 iulii
2788 3046 2874 3098 28.
2904 3078 2965 3085 -
3006 3048 3128 3099 Cum
3154 3046 3297 3098 dato:
3332 3046 3553 3098 viterbii

691 3138 726 3189 5
761 3137 875 3188 idus
911 3136 1111 3203 augusti
1143 3153 1194 3202 p.
1219 3124 1340 3186 usa.
1365 3134 1400 3185 3
1441 3137 1844 3202 „preceptoribus
1881 3146 1934 3188 et
1968 3137 2203 3189 statribus
2241 3138 2365 3189 etc!
2407 3136 2649 3204 originale
2686 3154 2795 3187 cum
2830 3136 2969 3188 bulla
3001 3137 3053 3187 in
3090 3136 3187 3187 fiiis
3222 3135 3425 3187 sericeis
3448 3152 3551 3201 ap-

691 3242 852 3293 pensa
885 3225 938 3276 in
975 3224 1172 3275 archivo
1209 3224 1395 3275 ordinis
1432 3224 1728 3276 'theutonici
1763 3226 2123 3289 vindobonae,
2159 3227 2408 3292 quondam
2442 3226 2829 3291 Mergenthemi.
2892 3226 3123 3275 Alterum
3156 3224 3403 3290 originale
3434 3240 3553 3273 cun

694 3314 831 3366 bulla
864 3315 918 3365 in
953 3313 1152 3365 archivo
1176 3313 1571 3380 Regimontano;
1609 3323 1661 3366 et
1696 3315 1795 3366 duo
1831 3323 2137 3367 transsumta
2169 3315 2356 3367 ibidem
2398 3315 2443 3365 1.
2480 3315 2530 3365 d.
2557 3315 2607 3366 d.
2638 3314 2773 3365 1418
2810 3314 2918 3365 dec.
2942 3314 2993 3365 2.
3031 3313 3261 3365 Werneri
3288 3313 3353 3363 de
3376 3312 3551 3378 Hayn,

695 3402 922 3454 canonici
956 3411 1010 3453 et
1045 3401 1270 3453 officialis
1295 3402 1737 3469 wirciburgensis3
1786 3404 1837 3456 2.
1873 3405 1922 3456 d.
1950 3405 1999 3457 d.
2043 3404 2171 3475 1421
2214 3422 2326 3455 nov.
2351 3406 2384 3455 5
2422 3403 2734 3470 Schonbergi
2770 3404 3117 3470 episcoporum
3149 3402 3388 3453 Iohannis
3426 3400 3547 3453 cul-

691 3491 878 3543 mensis
915 3501 968 3542 et
1003 3490 1252 3543 Gerhardi
1288 3492 1704 3544 Pomesaniensis.
1769 3494 1832 3543 R.
1858 3493 1925 3544 85
1962 3494 2092 3544 inter
2126 3492 2619 3560 Mergenthemensia
2664 3510 2713 3543 n.
2738 3492 2837 3553 43;
2883 3490 2962 3542 cui
3004 3490 3163 3542 simile
3199 3510 3240 3542 s.
3266 3491 3317 3541 d.
3352 3490 3419 3541 R.
3448 3488 3551 3540 103

693 3581 825 3631 inter
848 3579 1072 3631 Alsatica
1097 3580 1162 3631 18
1197 3589 1550 3632 transsumtum
1584 3600 1626 3633 s.
1653 3582 1702 3632 d.
1739 3581 1920 3633 citatur
1945 3581 2163 3633 eunradi
2199 3582 2378 3632 decani
2412 3581 2613 3633 maioris
2636 3580 2877 3633 ecclesiae
2900 3579 3223 3644 Basileensis,
3256 3579 3551 3631 Erkenffidi

695 3667 926 3729 cantoris,
961 3668 1184 3720 Heinrici
1218 3668 1480 3731 scolastici,
1515 3669 1804 3736 Ruedegeri
1839 3670 2114 3737 praepositi
2148 3671 2213 3721 de
2240 3670 2568 3722 Columbaria.
2616 3670 2713 3721 Hic
2734 3669 3036 3731 notandum,
3073 3670 3207 3735 quod
3230 3669 3282 3720 in
3306 3670 3547 3735 designa.-

693 3758 830 3809 tione
852 3758 1175 3810 Mitowiensis
1211 3758 1398 3809 archivi
1433 3776 1515 3824 ap.
1540 3758 1774 3810 Schirren
1812 3776 1862 3826 p.
1891 3758 1993 3812 130
2028 3778 2076 3811 n.
2106 3758 2206 3810 100
2242 3760 2453 3810 citatur:
2490 3758 2790 3812 Adhortatio
2814 3758 3089 3809 Alexandri
3112 3758 3185 3809 lv
3208 3758 3457 3824 pontificis
3480 3756 3549 3807 sd

693 3846 952 3898 universos
989 3846 1168 3898 Christi
1201 3846 1406 3909 fideles,
1451 3855 1506 3898 ut
1541 3864 1632 3915 pro
1669 3848 1796 3899 virili
1829 3848 2066 3899 fratribus
2101 3847 2367 3915 hospitalis
2403 3866 2444 3899 s.
2479 3848 2671 3900 Mariae
2710 3848 2971 3899 auxiliares
3005 3865 3184 3898 manus
3220 3848 3413 3908 ferant,
3449 3864 3548 3911 quo

693 3934 767 3987 illi
799 3936 853 3987 in
887 3944 1120 4003 suscepto
1155 3934 1534 4002 amplificandae
1569 3936 1942 3989 christianitatis
1979 3954 2186 3989 munere
2221 3936 2453 3989 alacriter
2486 3948 2540 3988 et
2573 3936 2783 3989 feliciter
2818 3954 3031 4005 pergere
3066 3936 3285 3988 valeant.

701 4139 875 4211 561.
918 4143 1098 4209 1257
1143 4146 1398 4230 anqusti
1422 4145 1468 4209 2
1510 4144 1784 4211 Vim-bii.
1855 4144 2221 4211 Alexander
2249 4144 2357 4211 IV
2389 4148 2613 4232 repetit
2653 4168 2716 4209 n.
2750 4145 2884 4211 560
2928 4146 3005 4210 de
3033 4143 3215 4210 1257
3258 4144 3406 4209 iulii
3438 4142 3543 4209 28.

915 4284 1276 4353 Alexander
1319 4290 1434 4353 etc.
1643 4285 1766 4353 Pro
1813 4286 2248 4373 consequenda
2291 4292 2408 4353 etc.
2478 4285 2713 4353 Datum
2743 4284 3011 4353 Viterbii
3058 4282 3203 4370 [iiii]
3238 4304 3383 4353 non.
3418 4282 3543 4351 kal.

697 4391 948 4475 augusti
989 4391 1389 4479 pontificatus
1433 4392 1634 4459 nostri
1679 4412 1842 4459 anno
1870 4394 2103 4461 tercio.

701 4612 878 4684 562.
917 4616 1100 4683 1257
1145 4622 1402 4705 auqueti
1425 4619 1471 4685 8
1512 4617 1789 4685 Ϋίεενόἱί.
1857 4618 2223 4685 Alexander
2253 4618 2365 4685 IV
2397 4620 2621 4705 repetit
2658 4640 2723 4681 n.
2756 4616 2891 4683 558
2934 4617 3011 4682 de
3036 4616 3220 4683 1257
3264 4616 3413 4683 aaliz·
3438 4617 3543 4683 11.

917 4756 1276 4827 Alexander
1333 4768 1450 4827 etc.
1500 4757 1743 4825 dilectis
1799 4758 1947 4827 filiis
1994 4758 2463 4847 preceptoribus
2510 4763 2574 4824 et
2614 4757 2915 4824 fratribus
2960 4756 3291 4844 hospitalis
3336 4764 3548 4825 sancte

697 4862 895 4931 Marie
923 4864 1446 4949 Theutonicorum
1488 4872 1810 4954 presentes
1853 4866 2099 4935 litteras
2142 4866 2519 4955 inspecturis
2564 4870 2680 4932 etc.
2890 4864 3205 4933 Canonica
3248 4866 3549 4935 constitu-

693 4971 867 5038 tione
911 4978 1026 5038 etc.
1094 4972 1329 5039 Datum
1363 4972 1624 5042 Viterbii
1669 4975 1732 5041 vi
1773 4974 1916 5043 idus
1962 4976 2215 5061 augusti
2256 4973 2652 5062 pontificatus
2696 4972 2898 5040 nostri
2944 4994 3106 5042 anno
3154 4976 3368 5043 tercio.
