3892 5609
1128 375 1357 422 mana
1402 375 1685 426 saxon.
1755 379 2087 427 namu.
2164 377 2431 428 errans
2469 397 2479 404 —
3117 366 3214 439 95

349 527 386 597 l
405 528 525 600 13.
567 531 749 598 1257
791 556 932 598 που.
967 534 1007 600 1
1054 533 1289 598 Aeson.
1362 489 1669 602 Canonici
1708 537 1953 603 Montis
2001 536 2162 605 Sion
2207 507 2484 604 vendunt
2527 539 2749 603 domui
2789 539 3120 624 hospitalis
3165 561 3213 602 s.

567 639 822 704 Mariae
856 638 1381 706 neutonicomm
1426 645 1497 707 in
1520 642 1737 710 Accon
1782 647 1999 710 domos
2027 667 2180 710 suas
2213 667 2352 709 cum
2387 645 2520 712 solo
2567 658 2624 712 et
2659 645 2893 732 plateis
2939 659 2998 710 et
3041 647 3217 710 aedi-

559 745 735 828 ficiis
779 747 897 812 kae
939 750 1011 814 in
1052 748 1223 812 urbe.
1430 741 1437 752 ’

564 867 873 936 Noverint
916 871 1194 938 universi
1238 877 1563 957 presentes
1609 872 1849 960 pariter
1896 878 1960 940 et
2003 874 2234 958 futuri,
2290 873 2456 960 quod
2501 893 2617 941 nos
2663 873 2956 941 Tetricus
3002 874 3220 940 divina

338 975 758 1060 permissione
803 976 1058 1043 humilis
1104 977 1297 1044 abbas
1356 983 1421 1046 et
1480 985 1823 1048 conventus
1870 981 2132 1048 ecclesie
2175 979 2409 1047 Montis
2458 979 2629 1066 Syon
2676 981 2754 1047 de
2801 1001 3110 1048 consensu
3154 986 3220 1048 et

338 1081 667 1149 voluntate
710 1084 1041 1151 reverendi
1085 1085 1286 1171 patris
1334 1091 1399 1152 et
1440 1086 1681 1154 domini
1726 1088 1928 1155 nostri
1973 1087 2216 1172 Iacobi,
2264 1087 2367 1153 dei
2411 1087 2626 1171 gracia
2670 1093 2884 1156 sancte
2927 1087 3216 1154 Ierosoli-

338 1189 581 1256 mitane
626 1189 885 1256 ecclesie
930 1191 1309 1277 ptriarche‚
1358 1193 1699 1279 apostolice
1732 1194 1899 1261 sedis
1944 1193 2158 1278 legati,
2208 1194 2645 1261 auctoritatem
2692 1193 3033 1280 prestantis
3063 1214 3215 1260 ven-

340 1295 551 1361 dimus
596 1296 1083 1384 imperpetuum,
1129 1298 1460 1383 tradimus,
1507 1299 1729 1366 damus
1776 1306 1839 1367 et
1882 1299 2282 1367 concedimus
2326 1298 2636 1383 religiosis
2673 1300 2826 1366 viris
2870 1301 3054 1366 fratri
3083 1300 3217 1367 An-

338 1401 495 1467 noni
553 1403 858 1487 magistro
918 1409 983 1470 et
1036 1406 1369 1471 conventui
1416 1405 1639 1473 dom‘us
1685 1407 2018 1494 hospitalis
2065 1412 2280 1474 sancte
2323 1405 2525 1472 Marie
2570 1405 3093 1473 Theotonicorum
3147 1407 3216 1471 in

339 1506 555 1574 Accon
594 1510 812 1576 domos
858 1529 1000 1576 cum
1048 1511 1202 1595 solo,
1249 1511 1477 1598 plateis
1526 1519 1590 1579 et
1631 1513 1960 1598 hedificiis,
2008 1533 2128 1599 que
2173 1513 2478 1580 habemus
2525 1519 2589 1580 et
2631 1519 2916 1580 tenemus
2959 1513 3216 1579 nomine

340 1613 508 1680 dicte
554 1615 815 1682 ecclesie
858 1621 1073 1683 nostre
1120 1625 1265 1685 ante
1312 1619 1567 1686 domum
1612 1621 1895 1707 ipsorum
1958 1621 2024 1685 in
2070 1619 2316 1704 Accon,
2377 1639 2498 1705 que
2541 1621 2711 1686 infra
2754 1620 2868 1686 hos
2913 1619 3216 1686 terminos

341 1721 771 1789 continentur:
821 1723 899 1790 ab
946 1725 1186 1792 oriente
1232 1731 1331 1792 est
1368 1727 1474 1794 via
1518 1727 1749 1811 regalis
1798 1733 1861 1793 et
1906 1725 2129 1793 domus
2175 1726 2504 1812 hospitalis
2552 1727 2753 1793 sancti
2773 1727 3078 1793 ‘Iohannis
3120 1725 3215 1792 Ie-

339 1827 781 1914 rosolimitani,
830 1850 949 1914 que
992 1831 1249 1898 fuerunt
1292 1832 1606 1918 quondam
1655 1831 1887 1900 Montis
1912 1831 2186 1917 Thabor,
2233 1833 2525 1918 contigue
2570 1853 2714 1899 cum
2759 1831 3059 1919 predictis
3107 1831 3216 1898 do-

338 1935 582 2018 mibus3
631 1936 711 2002 ab
755 1937 1078 2005 occidente
1122 1942 1221 2004 est
1264 1938 1487 2006 domus
1532 1939 1961 2027 predictorum
2003 1940 2294 2023 magistri
2340 1944 2404 2006 et
2449 1944 2825 2020 conventus;
2881 1960 2919 2006 a
2963 1945 3216 2026 septen-

338 2043 547 2108 trione
596 2049 693 2110 est
736 2043 1027 2111 similiter
1056 2045 1162 2111 via
1204 2045 1464 2129 regalis;
1514 2067 1553 2112 a
1584 2046 1845 2114 meridie
1892 2053 1990 2113 est
2034 2046 2388 2113 barbacana
2434 2046 2792 2113 eorundem.
2862 2045 3022 2112 Item
3065 2045 3215 2112 ven-

340 2147 572 2234 dimus,
617 2150 928 2217 tradimus
974 2155 1039 2218 et
1067 2149 1493 2218 concedimus¹
1540 2153 1778 2220 eisdem
1822 2153 2128 2236 magistro
2175 2159 2240 2219 et
2283 2153 2618 2220 conventui
2662 2151 2977 2237 quandam
3025 2152 3216 2218 aliam

340 2255 599 2322 domum
645 2277 928 2343 parvam,
976 2277 1098 2343 que
1125 2259 1316 2326 habet
1343 2259 1501 2326 tales
1534 2259 1839 2326 confines:
1890 2260 1969 2327 ab
2001 2259 2243 2325 oriente
2276 2263 2341 2326 et
2370 2259 2633 2326 meridie
2679 2264 2776 2324 est
2804 2258 2909 2324 via
2949 2257 3212 2341 regalis;

342 2361 423 2430 ab
470 2362 791 2430 occidente
836 2368 932 2430 est
976 2365 1200 2431 domus
1245 2366 1529 2452 ipsorum
1574 2367 1861 2450 magistri
1910 2372 1974 2434 et
2005 2371 2372 2449 conventum,
2417 2385 2538 2451 que
2581 2365 2705 2432 fuit
2747 2364 3066 2451 quondam
3111 2385 3212 2431 66-

337 2469 515 2536 mitis
562 2468 881 2554 loscelini3
930 2491 969 2536 a
1012 2473 1441 2558 septentrione
1487 2478 1584 2539 est
1628 2471 1849 2540 domus
1888 2472 2134 2539 Albrici
2171 2469 2456 2539 Botterii.
2527 2472 2659 2550 Que
2705 2473 2918 2538 omnia
2960 2473 3215 2539 nomine

339 2576 603 2643 ecclesie
632 2583 847 2644 nostre
875 2578 1226 2663 vendimus,
1274 2578 1602 2664 tradimus,
1652 2579 1874 2646 damus
1920 2585 1986 2646 et
2029 2579 2427 2664 concedimus
2471 2579 2754 2666 predicto
2799 2579 3104 2662 magistro
3153 2583 3216 2645 et

339 2685 677 2750 conventui
723 2689 789 2751 et
831 2685 1295 2752 successoribus
1342 2705 1559 2752 eorum
1602 2687 1859 2752 nomine
1900 2685 2126 2752 domus
2171 2706 2388 2751 eorum
2436 2705 2578 2752 cum
2625 2687 2798 2752 omni
2840 2687 2998 2769 iure,
3045 2705 3224 2750 com-—

337 2789 529 2856 modo
576 2794 641 2856 et
681 2791 958 2858 utilitate
1002 2796 1066 2858 et
1111 2811 1253 2858 cum
1300 2793 1591 2860 omnibus
1638 2793 1717 2859 ad
1753 2794 1926 2881 ipsas
1957 2791 2198 2876 domos,
2244 2792 2488 2878 plateas
2535 2797 2600 2858 et
2643 2791 2845 2858 solum
2891 2791 3213 2879 pertinen-

340 2895 511 2964 tibus
555 2896 787 2964 liberas
844 2902 909 2964 et
964 2898 1281 2966 absolutas
1342 2899 1419 2966 ab
1467 2901 1640 2966 omni
1683 2899 1916 2966 honere
1963 2899 2315 2984 servitutis,
2373 2919 2488 2986 pro
2533 2899 2832 2965 trecentis
2879 2902 2944 2966 et
2987 2918 3214 2964 novem

340 3001 639 3071 bisanciis
686 3005 1103 3072 sarracenatis
1148 3005 1228 3072 ad
1274 3006 1521 3092 pondus
1550 3007 1767 3072 Accon
1812 3007 1994 3073 nobis
2026 3011 2091 3072 et
2119 3006 2579 3072 successoribus
2611 3005 2846 3072 nostris
2887 3006 3215 3071 annuatim

230 3109 244 3116 ’
338 3110 411 3176 in
454 3116 832 3198 perpetuum
872 3111 1118 3195 integre
1176 3117 1239 3178 et
1292 3112 1429 3178 sine
1475 3112 1891 3180 diminutione
1944 3112 2155 3197 aliqua
2207 3112 2639 3198 persolvendis
2685 3117 2749 3179 et
2791 3110 3214 3199 percipiendis

336 3217 411 3283 in
454 3217 749 3284 thesauro
795 3219 1223 3305 predictorum
1270 3218 1560 3303 magistri
1605 3224 1670 3286 et
1712 3224 2056 3286 conventus
2100 3218 2317 3285 Accon
2359 3218 2426 3285 in
2472 3219 2674 3286 tribus
2721 3218 3007 3286 terminis
3049 3218 3212 3284 infe-
3344 3223 3362 3232 “

336 3325 475 3390 rius
519 3325 885 3410 nominatis,
930 3325 1223 3392 videlicet
1266 3346 1381 3412 per
1412 3331 1616 3392 totum
1660 3345 1944 3392 mensem
1973 3326 2278 3393 februarii
2322 3333 2572 3394 centum
2623 3331 2687 3393 et
2728 3331 2860 3392 tres
2902 3325 3208 3392 bisantios

338 3435 409 3497 et
460 3451 575 3517 per
628 3437 836 3498 totum
889 3452 1168 3499 mensem
1232 3433 1392 3499 iunii
1446 3437 1698 3499 centum
1754 3437 1819 3499 et
1866 3438 1998 3503 tres
2041 3431 2348 3500 bisantios
2405 3438 2468 3500 et
2523 3453 2636 3519 per
2679 3439 2883 3500 totum
2927 3451 3210 3498 mensem
3327 3501 3354 3512 ,

338 3538 619 3604 octubris
665 3544 917 3606 centum
962 3545 1090 3607 tres
1134 3538 1461 3607 bisantios.
1544 3539 1675 3606 Nos
1722 3545 1932 3606 autem
1981 3539 2174 3606 abbas
2232 3545 2296 3607 et
2339 3545 2682 3607 conventus
2739 3539 3009 3626 predicti
3061 3559 3210 3624 pro-

332 3645 651 3712 mittimus
698 3651 762 3713 et
804 3651 1094 3714 tenemur
1135 3645 1437 3733 predictis
1482 3647 1787 3730 magistro
1837 3651 1901 3713 et
1940 3647 2276 3713 conventui
2320 3667 2540 3714 eorum
2584 3646 3047 3713 successoribus
3093 3665 3210 3732 pro

334 3752 519 3819 nobis
551 3757 615 3820 et
644 3753 1107 3820 successoribus
1138 3755 1371 3821 nostris
1402 3753 1654 3820 nomine
1698 3753 2008 3840 prephato
2053 3753 2314 3820 ecclesie
2357 3758 2570 3820 nostre
2615 3753 2932 3839 predictas
2968 3752 3208 3835 domos,

334 3857 583 3944 plateas
628 3865 693 3926 et
737 3859 941 3927 solum
984 3880 1126 3926 cum
1173 3858 1479 3927 hedificiis
1525 3859 1655 3926 suis
1702 3858 1780 3925 ab
1828 3860 2002 3926 omni
2053 3880 2326 3947 persona
2382 3865 2445 3926 et
2496 3860 2908 3926 universitate
2959 3860 3026 3924 in
3072 3858 3211 3924 iure

336 3966 674 4034 defendere
720 3972 785 4034 et
826 3967 1143 4052 garentire
1190 3971 1253 4034 et
1283 3987 1390 4034 eos
1422 3968 1492 4033 in
1521 3966 1677 4052 ipsis
1710 3985 1821 4033 seu
1852 3965 1931 4034 de
1965 3967 2124 4054 ipsis
2168 3987 2298 4033 non
2339 3965 2650 4054 impedire
2695 3965 2810 4032 sub
2855 3985 3022 4052 pena
3067 3981 3210 4030 sex-

334 4079 661 4141 centorum
709 4074 1123 4141 bisantiorum
1170 4079 1713 4140 sarracenatorum
1726 4123 1745 4158 ,
1804 4074 2215 4140 concedentes
2259 4073 2559 4160 predictis
2604 4073 2908 4157 magistro
2953 4078 3020 4138 et
3061 4091 3210 4139 con-

334 4181 577 4266 ventui,
621 4184 694 4247 ut
722 4181 790 4246 in
820 4182 1121 4267 predictis
1154 4179 1463 4265 domibus,
1510 4180 1738 4268 plateis
1775 4186 1839 4247 et
1869 4181 2002 4248 solo
2049 4181 2296 4268 possint
2338 4181 2576 4247 intrare
2625 4186 2689 4246 et
2729 4179 2846 4245 illa
2885 4179 3210 4266 possidere

336 4293 403 4354 et
446 4287 515 4354 in
561 4287 653 4355 eis
698 4287 992 4355 edificare
1038 4307 1113 4355 ac
1157 4287 1235 4355 de
1278 4288 1439 4375 ipsis
1480 4289 1690 4355 facere
1737 4289 1900 4354 sicut
1941 4289 2010 4353 in
2057 4288 2189 4354 suis
2247 4292 2312 4355 et
2355 4286 2434 4354 de
2479 4288 2642 4372 saie,
2701 4286 2950 4372 quando
2994 4285 3210 4352 volue-

332 4395 470 4461 rint
514 4399 577 4461 et
603 4394 879 4462 viderint
923 4395 1242 4481 expedire,
1290 4395 1729 4482 promittentes
1777 4415 2026 4481 quoque
2071 4395 2228 4481 ipsis
2271 4393 2539 4461 firmiter
2571 4399 2634 4460 et
2678 4413 2994 4481 expresse,
3042 4392 3210 4479 quod

334 4506 561 4568 contra
612 4501 900 4588 predicta
941 4502 1042 4568 vel
1100 4501 1338 4587 aliquid
1395 4501 1473 4568 de
1529 4501 1829 4589 predictis
1874 4521 2198 4587 nunquam
2244 4501 2564 4568 veniemus
2609 4519 2726 4568 nec
2770 4521 2887 4587 per
2930 4519 3047 4566 nos
3091 4519 3210 4567 nec

333 4629 453 4696 per
498 4608 689 4675 alium
706 4658 725 4694 ,
772 4627 889 4675 nec
932 4609 1441 4695 procurabimus,
1486 4614 1561 4675 ut
1604 4613 1963 4675 contractus
2008 4608 2366 4675 huiusmodi
2409 4608 2833 4691 rescindatur,
2881 4604 2997 4672 sub
3043 4625 3210 4691 pena

335 4713 651 4802 predicta3
700 4735 825 4799 qua
852 4715 1060 4781 soluta
1087 4715 1187 4781 vel
1232 4736 1358 4782 non
1391 4716 1603 4782 omnia
1649 4720 1713 4781 et
1744 4714 1993 4799 singula
2023 4716 2312 4802 superius
2344 4719 2647 4782 annotata
2688 4733 2936 4799 semper
2980 4712 3047 4777 in
3093 4731 3206 4778 suo

332 4821 562 4888 robore
608 4825 1029 4908 perseverent.
1098 4821 1171 4888 In
1203 4843 1472 4907 quorum
1516 4822 1797 4889 omnium
1818 4816 1821 4820 ’
1841 4822 2268 4890 testimonium
2319 4826 2384 4888 et
2425 4826 2798 4908 perpetuam
2841 4817 3210 4886 firmitatem

336 4933 663 5016 presentes
692 4927 937 4996 litteras
970 4929 1271 5015 plumbea
1299 4929 1471 4996 bulla
1497 4936 1717 4996 nostra
1744 4929 2010 4996 fecimus
2041 4928 2436 5012 communiri,
2484 4948 2557 4995 ae
2599 4915 2981 4994 reverendus
3025 4931 3210 5014 pater

336 5035 628 5103 dominus
672 5035 1035 5124 patriarcha
1064 5035 1353 5124 superius
1384 5037 1767 5121 nominatae,
1814 5037 1921 5123 qui
1961 5037 2399 5104 auctoritatem
2445 5053 2624 5100 suam
2669 5032 2816 5100 huic
2859 5033 3208 5100 contractui
