3892 5609
1378 302 1769 352 vamneu
1813 303 2203 352 ennamnu
3058 289 3107 360 4
3119 290 3155 360 1
3173 290 3209 360 1

368 461 544 532 618.
585 461 790 544 (Inter
834 463 1012 530 1254
1055 463 1256 530 decbr.
1290 463 1380 528 12
1423 475 1480 528 et
1521 459 1693 530 1261
1739 467 1901 530 maii
1929 462 2071 544 25).
2142 463 2507 531 Alexander
2537 463 2583 528 Ι
2587 462 2648 527 V
2682 463 2963 528 coneedit
3004 464 3221 528 ordini

595 571 990 652 Theutonico,
1040 572 1210 658 quod
1251 583 1516 656 nequeat
1561 573 1880 636 conveniri
1910 593 2033 658 per
2065 572 2277 636 literas
2322 571 2701 658 apostolicas
2729 572 2861 636 nisi
2886 571 3218 656 specialem

585 681 714 744 eius
741 679 1054 764 facientes
1097 680 1482 744 mentionem.

586 819 948 887 Alexander
993 825 1110 887 etc.
1157 819 1458 902 magistro
1505 824 1570 886 et
1611 819 1908 886 fratribus
1957 823 2073 885 etc.
2291 816 2450 884 Cum
2493 817 2731 885 ordinis
2776 817 2971 884 vestri
2998 816 3219 884 titulus

365 945 480 1013 per
526 926 626 993 dei
671 927 946 1011 graciam
996 926 1150 993 adeo
1197 927 1280 992 sit
1323 926 1591 1009 insignis
1607 976 1627 1012 ,
1675 926 1840 1011 quod
1884 927 1994 992 vix
2039 925 2328 994 credatur
2374 925 2454 992 ab
2495 926 2640 1010 hiis,
2688 926 2795 1013 qui
2839 929 3059 993 contra
3103 946 3217 992 vos

364 1033 610 1100 litteras
656 1035 1028 1120 impetrant,
1087 1033 1224 1100 sine
1267 1033 1520 1099 malicia
1564 1032 1881 1118 subticeri,
1926 1052 2042 1099 nos
2088 1039 2152 1100 et
2192 1033 2444 1100 illorum
2488 1032 2813 1100 fraudibus
2859 1033 3113 1100 obviare
3157 1039 3222 1100 et

367 1141 788 1207 innocentiam
844 1145 1120 1207 vestram
1177 1140 1456 1207 volentes
1515 1140 1945 1207 favorabiliter
2002 1140 2362 1225 confovere,
2418 1141 2789 1207 auctoritate
2833 1141 3010 1208 vobis
3067 1161 3215 1228 pre-

368 1247 638 1314 sentium
695 1246 1121 1331 indulgemus,
1176 1252 1249 1313 ut
1301 1249 1626 1333 nequeatis
1682 1269 1797 1334 per
1840 1247 2085 1314 litteras
2132 1243 2509 1333 apostolicas
2552 1248 2904 1331 conveniri,
2963 1267 3083 1332 que
3139 1247 3217 1314 de

367 1355 586 1420 ordine
640 1359 849 1422 vestro
907 1375 1033 1420 non
1089 1353 1354 1422 fecerint
1404 1355 1804 1421 mentionem.
1886 1353 2060 1420 Nulli
2122 1373 2269 1438 ergo
2328 1359 2443 1420 etc.
2534 1351 2604 1420 Si
2657 1353 2797 1438 quis
2843 1358 3055 1422 autem
3100 1359 3216 1421 etc.

366 1460 538 1530 Data
579 1467 693 1528 etc.

580 1584 648 1646 11,
678 1583 772 1634 121
790 1600 838 1634 v,
873 1600 924 1636 n.
943 1581 1030 1635 84.

373 1754 415 1824 6
431 1753 465 1822 1
481 1751 548 1823 9.
591 1755 762 1822 1261
809 1755 1026 1820 novbr.
1058 1754 1145 1819 25
1206 1707 1482 1819 riter-ta.
1585 1751 1872 1819 Uriam
1919 1753 2032 1822 JV
2063 1757 2285 1842 repetit
2330 1755 2688 1822 Azeaeandn
2728 1754 2841 1822 IV
2873 1779 2937 1821 n.
2969 1755 3101 1822 590
3145 1756 3223 1822 de

594 1862 772 1929 1258
813 1862 1028 1926 novbr.
1061 1861 1122 1926 9.

593 1993 884 2061 Urbanus
951 1994 1281 2081 episcopus
1340 2012 1558 2058 servus
1616 2011 1939 2059 servorum
1996 1993 2099 2060 dei
2154 1993 2401 2061 dilectis
2458 1992 2607 2060 filiis
2664 2043 2679 2062 .
2720 2043 2737 2060 .
2796 1993 3103 2077 magistro
3156 1998 3223 2062 et

369 2101 672 2169 fratribus
700 2101 1032 2188 hospitalis
1064 2105 1276 2167 sancte
1305 2097 1506 2166 Marie
1529 2097 2055 2167 Theutonicorum
2084 2101 2153 2168 in
2176 2101 2556 2169 Alamannia
2582 2101 2849 2170 salutem
2881 2107 2946 2168 et
2973 2105 3223 2186 aposto-

370 2209 556 2276 licam
601 2209 1114 2276 benedictionem.
1339 2205 1714 2272 Devocionis
1757 2211 1965 2273 vestre
2013 2214 2129 2275 etc.
2197 2208 2435 2276 Datum
2480 2209 2747 2277 Viterbii
2788 2209 2879 2276 vii
2920 2207 3223 2276 kalendas

373 2315 720 2384 decembris
763 2315 1162 2402 pontificatus
1207 2313 1408 2380 nostri
1453 2333 1615 2379 anno
1661 2313 1886 2400 prime.

583 2457 672 2519 IV,
697 2455 859 2507 217v.
906 2456 969 2507 R..
995 2457 1094 2506 100
1129 2457 1260 2507 inter
1295 2455 1520 2507 Alsatica
1552 2456 1708 2507 n.11.

379 2679 554 2751 620.
595 2681 768 2750 1261
815 2681 1031 2746 novbr.
1065 2681 1152 2748 26
1205 2680 1481 2747 Viterbii.
1580 2677 1866 2744 Urbanus
1909 2678 1956 2743 I
1959 2679 2020 2746 V
2055 2682 2297 2746 ordinis
2351 2678 2717 2750 Theutonioi
2753 2681 3225 2769 parochialibus

596 2789 863 2855 ecclesiis
884 2789 1306 2874 indulqentias
1332 2789 1638 2874 quasdam
1668 2786 1926 2870 confert,
1954 2788 2040 2852 ad
2060 2791 2254 2854 vitam
2272 2788 2565 2854 Annonis
2586 2792 2880 2878 maqistri
2895 2790 3223 2856 valituras.

597 2920 886 2988 Urbanus
933 2921 1262 3008 episcopus
1308 2927 1423 2988 etc.
1472 2919 1718 2988 dilectis
1761 2917 1908 2985 filiis
1940 2919 2195 2986 Annoni
2240 2921 2541 3005 magistro
2587 2930 2651 2990 et
2682 2922 2983 2989 fratribus
3013 2922 3226 3009 hospi-

377 3029 522 3097 talis
579 3035 792 3095 sancte
837 3027 1036 3094 Marie
1078 3027 1603 3094 Thentonicorum
1643 3025 2101 3094 lerosolmitani
2160 3027 2427 3095 salutem
2480 3033 2546 3096 et
2584 3029 2991 3115 apostolicam
3035 3029 3224 3097 bene-

376 3137 732 3204 dictionem.
941 3135 1297 3202 Innocentis
1341 3135 1470 3200 vite
1515 3133 1794 3200 studium
1837 3140 1904 3200 et
1945 3135 2203 3220 pietatis
2248 3154 2461 3221 opera,
2509 3135 2731 3220 quibus
2776 3137 3091 3205 ferventer
3128 3138 3226 3204 in-

375 3245 634 3313 tenditis
678 3264 794 3331 pro
839 3243 1274 3328 consequenda
1315 3242 1518 3326 gloria
1561 3246 1863 3328 perpetue
1905 3241 2246 3326 claritatis,
2304 3242 2651 3310 accendunt
2694 3244 2884 3310 corda
2926 3243 3224 3330 fidelium,

379 3352 546 3438 quod
589 3352 733 3438 ipsi,
777 3357 968 3437 prout
1011 3351 1384 3436 accepimus,
1430 3348 1696 3416 libenter
1740 3348 1808 3414 in
1854 3349 2131 3416 ecclesiis
2172 3351 2366 3417 vestri
2410 3349 2649 3416 ordinis
2678 3351 3021 3436 implorant
3050 3373 3089 3419 a
3117 3353 3227 3419 do-

376 3461 548 3526 mino
595 3479 847 3524 suorum
891 3461 1292 3545 peccatorum
1338 3458 1582 3524 veniam
1631 3461 1696 3522 et
1738 3455 2062 3524 celestium
2107 3477 2371 3524 munera
2414 3456 2803 3541 gaudiorum.
2884 3459 2971 3525 Ut
3018 3464 3226 3526 autem

380 3573 443 3634 et
486 3585 597 3633 vos
641 3565 719 3632 de
765 3564 988 3632 vestris
1033 3563 1450 3631 laudabilibus
1498 3562 1737 3630 meritis
1786 3583 1824 3629 a
1865 3563 2047 3630 nobis
2088 3565 2775 3652 condigna-suscepisse
2802 3567 3050 3652 premia
3075 3587 3228 3651 gau-

379 3671 579 3739 deatis
625 3677 689 3738 et
732 3671 998 3758 predicti
1040 3671 1254 3738 fideles
1303 3691 1376 3737 eo
1421 3671 1622 3754 magis
1669 3671 1796 3737 sint
1838 3671 1906 3736 in
1952 3672 2214 3738 caritate
2244 3673 2491 3756 fervidi,
2538 3692 2659 3756 quo
2698 3672 3045 3759 pleniorem
3084 3694 3229 3758 gra-

378 3781 534 3846 tiam
592 3799 706 3865 pro
765 3798 876 3844 sue
930 3778 1278 3844 devotionis
1325 3776 1552 3845 affectu
1605 3779 1840 3845 fuerint
1895 3799 1934 3845 a
1984 3778 2131 3845 sede
2178 3779 2523 3866 apostolica
2574 3781 2922 3866 consecuti,
2976 3800 3092 3847 nos
3150 3780 3229 3848 de

381 3885 828 3972 omnipotentis
883 3885 986 3950 dei
1045 3885 1473 3952 misericordia
1528 3890 1592 3952 et
1644 3885 1970 3953 beatorum
2026 3884 2199 3953 Petri
2260 3892 2325 3954 et
2377 3884 2559 3952 Pauli
2614 3887 3039 3975 apostolorum
3096 3889 3229 3954 eius

379 3992 753 4061 auctoritate
808 3990 1024 4057 confisi
1081 3992 1368 4058 omnibus
1425 4013 1573 4059 vere
1617 3994 2041 4079 penitentibus
2088 3998 2153 4059 et
2196 3993 2528 4078 confessis,
2585 3995 2724 4080 qui,
2782 4001 3117 4081 postquam
3160 3996 3229 4061 in

381 4099 689 4182 ecclesiis,
739 4118 1001 4184 quarum
1046 4098 1409 4182 parochiani
1455 4101 1766 4184 existunt,
1813 4100 2142 4168 sollemnia
2184 4101 2521 4168 missarum
2568 4101 2913 4186 audierint,
2962 4102 3042 4168 ad
3087 4123 3231 4188 pre·

381 4207 578 4274 dictas
611 4205 901 4272 ecclesias
937 4206 1125 4271 vestri
1159 4206 1395 4272 ordinis
1427 4206 1494 4271 in
1523 4208 1895 4291 nativitatis,
1937 4207 2412 4276 resurrectionis
2447 4209 2775 4294 dominice,
2817 4213 3228 4296 pentecostes,

382 4313 828 4399 assumptionis
885 4317 950 4378 et
1003 4311 1454 4398 purificationis
1511 4314 1780 4398 gloriose
1835 4315 2097 4399 virginis
2154 4313 2351 4384 Marie
2404 4336 2479 4382 ac
2538 4317 2817 4383 omnium
2873 4320 3231 4383 sanctorum

380 4419 824 4500 festivitatibus
873 4425 936 4486 et
979 4420 1046 4486 in
1091 4439 1246 4486 cena
1290 4420 1527 4487 domini
1568 4441 1757 4488 causa
1786 4421 2135 4488 devotionis
2166 4421 2561 4508 accesserint,
2608 4424 2933 4489 annuatim
2963 4423 3232 4508 quadra-

383 4531 557 4614 ginta
613 4527 745 4594 dies
803 4527 880 4593 de
935 4528 1216 4593 iniuncta
1269 4527 1390 4594 sibi
1449 4529 1796 4615 penitentia
1839 4530 2328 4596 misericorditer
2369 4530 2758 4612 relaxamus3
2816 4530 3230 4617 presentibus,

381 4635 474 4702 fili
521 4635 840 4719 magister,
885 4639 1031 4722 post
1075 4634 1312 4701 obitum
1359 4640 1534 4701 tuum
1581 4637 1841 4703 minime
1880 4637 2185 4706 valituris.
2255 4637 2490 4704 Datum
2520 4637 2809 4722 Viterbii,
2839 4638 2903 4704 vi
2930 4636 3233 4704 kalendas

383 4743 730 4811 decembris
773 4741 1170 4829 pontificatus
1217 4743 1420 4808 nostri
1463 4762 1627 4809 anno
1674 4745 1898 4831 prime.

593 4875 672 4926 Ex
705 4871 934 4940 originali
947 4910 961 4936 ,
998 4874 1079 4924 cui
1111 4873 1258 4927 modo
1295 4874 1443 4926 deest
1475 4873 1748 4942 plumbum,
1783 4876 1836 4928 in
1871 4875 2074 4929 archivo
2108 4875 2504 4944 Regimontano,
2539 4877 2621 4930 ed.
2656 4877 2709 4930 in
2744 4875 2871 4930 Livl.
2894 4875 2957 4930 U.
2976 4875 3036 4929 B.
3061 4875 3103 4940 1,
3127 4875 3232 4929 465

383 4981 436 5018 n.
461 4962 582 5017 364.
637 4962 775 5015 Obiit
808 4964 956 5014 Anno
993 4962 1232 5030 magister
1271 4962 1408 5016 1273
1443 4973 1532 5017 aut
1570 4963 1708 5017 1274
1741 4965 1846 5016 iulii
1881 4965 1932 5018 8.
