3892 5609
738 327 883 400 102
1516 339 1745 388 maru
1791 338 2074 388 suren.
2145 321 2474 386 Asnam.
2545 337 2808 388 onnus

732 500 1075 584 contingat,
1100 498 1265 584 quod
1295 498 1520 583 aliquis
1552 505 1835 566 nostrum
1868 500 2156 567 absentet
2185 517 2252 564 se
2276 497 2353 565 de
2382 499 2668 585 partibus
2699 499 3052 566 cismarinis
3074 499 3175 566 vel
3202 521 3398 585 regno
3421 500 3590 570 Iero-

731 605 1109 690 solimitano,
1158 626 1225 673 se
1258 606 1594 674 absentans
1626 612 1771 674 ante
1802 627 1988 674 suum
2015 626 2332 677 recessum
2371 612 2552 690 roget
2580 605 2844 672 aliarum
2875 607 3202 696 domorum
3231 609 3591 694 magistros,

731 719 805 780 ut
833 714 1054 780 domus
1086 734 1201 780 sua
1240 714 1327 780 sit
1358 715 1594 781 eisdem
1625 715 1982 801 specialiter
2013 714 2448 780 commendata
2491 718 2556 780 et
2597 714 2886 798 magistri
2932 713 3152 781 domus
3197 714 3590 783 absentantis

730 841 799 888 se
828 827 1161 888 teneantur
1189 822 1369 888 iuxta
1398 841 1583 909 posse
1610 828 2020 892 manutenere
2051 827 2114 889 et
2135 821 2676 905 defensareatque
2701 820 3002 888 fratribus
3033 821 3312 889 eiusdem
3343 823 3590 908 domus,

730 947 871 995 cum
918 929 1209 1014 requisiti
1253 929 1509 1012 fuerint,
1555 929 1720 996 bona
1748 928 1869 996 fide
1900 949 2092 1016 super
2117 929 2335 1016 petitis
2381 949 2563 994 suum
2595 927 2922 994 consilium
2967 928 3300 1014 impertiri,
3347 935 3414 996 et
3456 951 3590 997 ma-

730 1036 946 1122 gister,
990 1037 1097 1121 qui
1128 1056 1197 1102 se
1227 1035 1651 1104 absentaverit
1678 1037 1745 1103 in
1772 1037 1901 1104 illis
1929 1037 2237 1124 partibus,
2282 1036 2349 1101 in
2382 1035 2605 1121 quibus
2634 1054 2878 1104 moram
2907 1036 3134 1120 trahet,
3179 1036 3340 1103 alias
3370 1037 3590 1105 domos

729 1145 960 1212 habeat
1002 1143 1470 1210 commendatas
1517 1148 1581 1210 et
1624 1163 1730 1210 eas
1774 1150 2065 1211 teneatur
2093 1142 2418 1210 defensare
2453 1148 2517 1211 et
2546 1143 2883 1210 earundem
2911 1143 3211 1210 fratribus
3256 1145 3426 1212 bona
3467 1145 3592 1214 fide

730 1251 1059 1318 consilium
1094 1250 1404 1317 exhibere.
1466 1249 1781 1318 Duximus
1812 1252 2004 1319 etiam
2037 1250 2474 1334 ordinandum,
2507 1250 2694 1335 quod,
2735 1251 2790 1316 si
2820 1251 3122 1334 magister
3151 1257 3216 1318 et
3243 1259 3590 1320 conventus

730 1357 1063 1445 hospitalis
1093 1357 1293 1424 sancti
1325 1357 1619 1424 Iohannis
1664 1363 1945 1425 moveret
1987 1358 2378 1443 questionem
2421 1358 2498 1426 de
2543 1357 2906 1425 obediencia
2949 1363 3170 1424 contra
3211 1359 3590 1444 magistrum

732 1471 796 1533 et
837 1467 1065 1532 fratres
1111 1464 1440 1551 hospitalis
1472 1471 1685 1533 sancte
1714 1463 1911 1532 Mario
1934 1465 2478 1550 Theotonicorum,
2522 1471 2747 1532 neutra
2788 1464 3209 1551 predictarum
3257 1466 3592 1533 domorum

730 1573 799 1640 in
844 1574 1167 1659 questione
1211 1572 1495 1658 predicta
1538 1577 1825 1640 teneatur
1869 1591 2121 1640 servare
2163 1571 2434 1638 formam
2465 1571 2933 1658 compositionis
2977 1573 3308 1659 presentis.
3379 1571 3590 1640 Duxi-

730 1700 873 1748 mus
918 1681 1107 1746 etiam
1154 1679 1576 1764 statuendum,
1622 1680 1789 1765 quod
1832 1699 1960 1746 non
2003 1680 2206 1767 possit
2247 1698 2409 1746 unus
2452 1685 2738 1746 nostrum
2781 1679 2850 1746 in
2879 1679 3156 1746 dominio
3187 1680 3447 1748 alterius
3478 1681 3594 1748 do-

730 1807 872 1854 mus
904 1787 981 1853 de
1011 1792 1219 1854 cetero
1250 1806 1475 1870 emere,
1525 1787 1873 1874 appaltare,
1918 1786 2248 1871 scambire,
2292 1807 2408 1854 nec
2452 1787 2576 1854 alio
2619 1786 2806 1854 modo
2849 1787 3170 1872 acquirere
3198 1809 3332 1855 rem
3365 1808 3590 1874 quam-

731 1913 997 1979 cumque
1040 1913 1157 1961 nec
1198 1894 1507 1960 rationem
1562 1913 1675 1962 seu
1718 1894 1815 1960 ius
1858 1895 2062 1981 ipsius
2107 1893 2330 1962 domus
2373 1895 2646 1961 retinere
2688 1893 2791 1960 vel
2834 1892 3062 1960 habere
3107 1913 3354 1980 quoquo
3397 1897 3590 1963 modo

730 2021 847 2068 nec
890 2002 957 2067 in
1000 2001 1286 2068 custodia
1329 2002 1630 2088 recipere,
1676 2001 1801 2068 nisi
1846 2001 1925 2068 de
1967 2001 2189 2088 ipsius,
2235 2003 2411 2068 cuius
2439 2001 2634 2070 fuerit
2661 2001 3028 2084 dominium,
3072 2003 3452 2086 processerit
3479 2023 3592 2068 vo-

728 2109 988 2175 luntate.
1059 2107 1320 2194 Insuper
1352 2109 1685 2176 statuimus
1717 2114 1781 2176 et
1810 2108 2192 2194 ordinamus,
2239 2109 2426 2195 quod,
2471 2109 2528 2176 si
2563 2109 2884 2192 contingat
2913 2107 3185 2193 aliquem
3213 2110 3592 2192 magistrum

729 2217 797 2283 in
842 2216 1054 2301 aliqua
1098 2215 1425 2282 domorum
1471 2216 1548 2284 de
1581 2235 1745 2283 novo
1776 2205 1998 2300 creari,
2043 2215 2343 2300 magister
2373 2217 2620 2284 noviter
2648 2221 2894 2282 creatus
2941 2220 3228 2282 teneatur
3257 2216 3425 2282 bona
3467 2215 3592 2284 fide

626 2327 647 2342 ‘
728 2324 1078 2410 predictam
1125 2323 1644 2409 compositionem
1690 2341 1941 2389 servare
1977 2328 2040 2389 et
2069 2323 2382 2392 custodire
2411 2331 2476 2392 et
2505 2323 2806 2391 custodiri
2833 2322 3062 2406 facere,
3109 2322 3307 2390 donec
3335 2323 3590 2407 vixerit,

732 2437 795 2498 et
836 2430 999 2497 hanc
1044 2430 1557 2516 compositionem
1602 2434 1891 2497 teneatur
1920 2430 1990 2496 in
2019 2449 2132 2496 suo
2163 2430 2438 2517 capitulo
2471 2431 2752 2515 generali
2779 2449 2990 2496 coram
3019 2431 3342 2497 duodecim
3373 2431 3592 2498 fratri-

736 2537 850 2604 bus
882 2537 959 2604 de
991 2537 1131 2604 aliis
1162 2538 1404 2604 duabus
1435 2537 1725 2605 domibus
1753 2537 1961 2604 facere
1991 2539 2244 2604 recitari
2288 2543 2351 2605 et
2393 2540 2604 2604 iurare
2634 2538 2964 2605 observare
2995 2537 3160 2604 hanc
3187 2538 3592 2624 compositio-

734 2665 881 2712 nem
926 2651 990 2712 et
1030 2645 1351 2713 observari
1393 2646 1619 2712 facere.
1690 2643 1776 2711 Et
1816 2664 1933 2710 nos
1965 2644 2244 2731 quolibet
2275 2665 2440 2712 anno
2471 2645 2768 2713 debemus
2811 2645 3017 2712 facere
3060 2645 3186 2728 legi
3229 2651 3294 2712 et
3334 2646 3592 2712 recitari

670 2753 675 2760 ’
736 2759 799 2820 et
828 2771 1215 2819 successores
1245 2753 1446 2819 nostri
1483 2752 1553 2819 in
1580 2751 1875 2839 capitulis
1904 2752 2135 2818 nostris
2165 2752 2560 2836 generalibus
2591 2753 2752 2820 hanc
2781 2751 3300 2838 compositionem
3339 2758 3408 2820 et
3445 2773 3592 2840 pre-

736 2860 944 2947 cipere
974 2866 1038 2928 et
1064 2860 1365 2926 mandare
1394 2859 1717 2942 fratribus,
1748 2864 1823 2926 ut
1850 2859 1927 2926 ab
1960 2859 2246 2926 omnibus
2275 2859 2720 2928 inviolabiliter
2743 2859 3126 2927 observetur.
3182 2858 3590 2947 Preceptores

736 2973 947 3034 autem
979 2972 1043 3034 et
1070 2967 1397 3034 castellani
1424 2967 1744 3034 cismarini
1775 2971 1840 3032 et
1868 2965 2062 3054 Cypri
2091 2965 2418 3034 domorum
2443 2973 2824 3050 nostrarum,
2869 2967 3366 3051 quociescunqne
3395 2967 3594 3034 creati

734 3075 989 3159 fuerint,
1036 3074 1240 3141 simile
1284 3077 1701 3142 iuramentum
1748 3075 1956 3141 facere
1985 3079 2315 3142 teneantur
2361 3079 2425 3140 et
2470 3073 2624 3142 alios
2671 3079 3066 3161 preceptores
3110 3078 3178 3140 et
3217 3074 3596 3142 castellanos

737 3188 801 3249 et
847 3183 1003 3249 alios
1033 3181 1297 3250 bailivos
1328 3182 1451 3249 sibi
1484 3181 1766 3250 subditos
1802 3180 1968 3248 hanc
1997 3183 2512 3269 compositionem
2557 3187 2622 3249 et
2663 3181 3059 3250 concordiam
3101 3183 3311 3248 iurare
3353 3181 3598 3248 faciant

708 3291 909 3376 ‘ipsos
954 3287 1399 3356 inviolabiliter
1444 3293 1508 3356 et
1550 3287 1819 3355 fideliter
1858 3288 2208 3356 observare.
2279 3287 2411 3367 Que
2457 3289 2668 3356 omnia
2711 3295 2776 3361 et
2819 3289 3068 3374 singula
3107 3289 3472 3375 supradicta
3517 3290 3598 3358 de

738 3417 1045 3464 consensu
1090 3401 1155 3463 et
1181 3396 1503 3462 voluntate
1531 3396 1799 3462 fratrum
1830 3396 2110 3462 omnium
2143 3395 2468 3463 domorum
2499 3403 2858 3464 nostrarum
2885 3398 3288 3464 convenimus
3337 3402 3402 3463 et
3446 3418 3596 3484 pro-

736 3506 1048 3590 mittimus
1094 3504 1363 3570 invicem
1408 3523 1519 3589 per
1564 3502 2038 3590 stipulationem
2081 3502 2492 3590 sollempnem
2536 3503 2801 3571 firmiter
2845 3504 3200 3587 attendere,
3257 3503 3598 3572 observare

739 3620 804 3679 et
846 3632 971 3678 non
1020 3610 1471 3678 contravenire.
1543 3610 1722 3690 Quod
1766 3611 1823 3678 si
1866 3617 2087 3678 contra
2127 3610 2414 3698 predicta
2455 3610 2556 3678 vel
2601 3611 2836 3698 aliquid
2879 3611 3302 3699 predictorum
3347 3613 3596 3680 veneri-

738 3740 879 3787 mus
912 3725 976 3788 et
1004 3719 1519 3804 compositionem
1566 3717 1912 3806 predictam
1957 3719 2026 3784 in
2059 3724 2306 3805 partem
2336 3717 2434 3784 vel
2461 3720 2532 3785 in
2559 3723 2762 3786 totum
2793 3739 3043 3786 servare
3071 3720 3594 3804 recusaverimus,

740 3827 1086 3911 obligamus
1134 3846 1247 3892 nos
1292 3826 1561 3892 invicem
1606 3826 1941 3913 sollempni
1987 3825 2392 3912 stipulatione
2435 3825 2517 3892 ad
2560 3847 2788 3912 penam
2831 3825 3005 3894 mille
3047 3826 3448 3892 marcharum
3495 3848 3598 3894 ar-

740 3936 913 4019 genti
957 3932 1397 4000 solvendarum
1456 3935 1623 4020 parti
1672 3933 1952 4000 servanti
2005 3932 2307 4019 predicta.
2387 3931 2520 4010 Que
2565 3953 2728 4019 pena
2770 3933 3008 4002 tociens
3053 3934 3488 4001 committatur
3531 3941 3600 4002 et

740 4041 1021 4108 solvatur
1073 4041 1243 4128 parti
1300 4043 1577 4108 servanti
1632 4041 1949 4129 predicta,
2004 4040 2298 4125 quociens
2343 4045 2600 4106 ventum
2655 4039 2846 4106 fuerit
2897 4045 3114 4107 contra
3165 4041 3454 4128 predicta
3495 4043 3598 4110 vel

740 4149 981 4233 aliquid
1022 4148 1470 4235 predictorum,
1519 4154 1582 4216 et
1622 4168 1789 4236 pena
1832 4147 2117 4235 predicta
2161 4147 2496 4214 commissa
2539 4145 2744 4214 soluta
2775 4146 2876 4214 vel
2919 4167 3066 4231 non,
3111 4153 3251 4213 rata
3295 4155 3600 4217 maneant

738 4255 1145 4321 nihilominus
1190 4257 1403 4322 omnia
1446 4262 1511 4324 et
1552 4256 1801 4340 singula
1842 4254 2234 4342 supradicta3
2291 4253 2640 4337 obligantes
2683 4253 2864 4321 nobis
2907 4254 3176 4321 invicem
3229 4275 3346 4342 pro
3393 4259 3598 4324 omni-

740 4362 857 4428 bus
905 4367 968 4428 et
1012 4362 1275 4446 singulis
1320 4364 1697 4449 supradictis
1739 4383 1857 4430 nos
1902 4368 1968 4428 et
1995 4361 2215 4458 domos
2248 4366 2496 4428 nostras
2541 4366 2606 4427 et
2649 4362 2858 4428 omnia
2902 4360 3066 4428 bona
3107 4361 3438 4430 domorum
3481 4384 3598 4432 no·

740 4475 1017 4536 stratum
1046 4469 1262 4536 habita
1300 4474 1364 4536 et
1393 4469 1698 4553 habenda,
1742 4467 2092 4536 immobilia
2132 4475 2196 4535 et
2234 4468 2492 4536 mobilia
2533 4469 2884 4554 ubicunque
2929 4469 3154 4535 melius
3199 4473 3594 4557 apparentia.

738 4576 826 4644 Et
872 4577 952 4644 ad
998 4577 1301 4644 maiorem
1344 4575 1706 4644 firmitatem
1752 4577 2223 4664 compositionis
2280 4577 2588 4664 presentis
2647 4577 2986 4663 prepositis
3043 4582 3107 4644 et
3154 4579 3340 4644 tactis
3384 4598 3596 4648 sacro-

742 4685 977 4752 sanctis
1022 4681 1380 4767 ewangeliis
1424 4683 1769 4754 iuravimus
1814 4682 1896 4749 ad
1942 4691 2344 4751 sacrosancta
2387 4683 2488 4751 dei
2535 4682 2875 4768 ewangelia
2930 4684 3216 4770 predicta
3264 4687 3480 4754 omnia
3531 4693 3598 4756 et

742 4791 991 4876 singula
1034 4791 1297 4880 firmiter
1328 4791 1648 4858 attendere
1692 4795 1758 4858 et
1786 4789 2122 4858 observare
2157 4797 2221 4858 et
2247 4810 2376 4859 non
2403 4791 2854 4875 contravenire,
2899 4791 3018 4857 hoc
3061 4796 3199 4860 acto
3247 4795 3596 4880 expressim

738 4901 908 4967 inter
952 4919 1097 4983 nos,
1158 4898 1325 4982 quod
1378 4898 1491 4964 illa
1534 4899 1755 4965 domus
1768 4947 1789 4982 ,
1847 4917 1970 4984 que
2020 4897 2088 4965 in
2139 4919 2371 4985 penam
2413 4899 2736 4982 inciderit,
2793 4896 3222 4987 compellatur,
3249 4901 3596 4987 predictam

742 5026 971 5094 penam
1030 5006 1271 5072 solvere
1326 5026 1443 5094 per
1487 5005 1641 5072 alias
1688 5005 1847 5074 duas
1890 5006 2141 5091 domos,
2199 5013 2264 5073 et
2317 5007 2602 5090 magistri
2664 5013 2728 5074 et
2775 5013 3114 5074 conventus
3171 5009 3596 5095 predictarum
