3892 5609
671 269 708 340 1
727 269 761 338 1
776 269 819 341 8
1453 277 1686 326 manns
1728 277 2013 328 sanem.
2083 275 2416 326 Animum.
2485 277 2752 326 onnus

664 439 1085 525 dampnorum
1136 443 1202 504 et
1247 457 1702 524 expensarum,
1760 443 1825 506 et
1880 456 2046 524 pena
2101 435 2310 502 soluta
2351 435 2456 504 vel
2509 456 2668 522 non,
2723 435 3171 504 nichilominus
3213 437 3433 504 omnia
3473 443 3541 505 et

662 546 913 628 singula
958 544 1327 632 supradicta
1380 545 1450 611 in
1502 565 1618 610 sua
1660 549 2078 632 permaneant
2119 542 2438 610 firmitate.
2519 541 2643 611 Pro
2689 543 2915 628 quibus
2959 543 3252 610 omnibus
3301 549 3366 611 et
3407 544 3538 610 sin-

662 653 826 736 gulis
886 651 1294 718 observandis
1354 657 1418 717 et
1477 651 1873 738 adinplendis
1919 652 2361 736 obligaverunt
2415 650 2700 736 predicte
2752 655 2968 736 partes
3013 650 3138 718 sibi
3184 651 3538 718 adinvicem

660 760 875 826 omnia
920 760 1084 826 bona
1129 757 1535 826 ecclesiarum
1582 779 1840 826 suarum
1870 779 1985 826 seu
2015 759 2364 842 domorum,
2409 754 2834 825 renunciando
2879 757 3172 825 omnibus
3216 755 3538 826 beneficiis

660 867 783 933 sibi
828 872 1048 932 contra
1094 865 1381 952 predicta
1408 865 1511 932 vel
1542 866 1795 951 aliquod
1826 865 2254 952 predictorum
2299 864 2840 951 patrocinantibus
2885 865 3287 950 presentibus
3333 871 3399 933 et
3439 865 3540 932 fn-

658 973 852 1055 turis,
914 978 978 1039 et
1032 971 1391 1057 specialiter
1446 972 1799 1038 condicioni
1823 973 1991 1039 -sine
2037 991 2229 1038 causa
2270 969 2372 1037 vel
2423 971 2662 1038 iniusta
2703 989 2898 1037 causa
2939 971 3068 1037 doli
3113 972 3216 1038 vel
3259 972 3540 1039 instituti

659 1079 989 1166 privilegio
1034 1079 1175 1144 fori.
1248 1077 1367 1156 Qui
1402 1079 1605 1146 dictus
1641 1080 1843 1146 eciam
1875 1079 2206 1166 episcopus
2235 1077 2642 1160 Ebronensis,
2687 1077 2958 1163 receptis
3003 1078 3307 1165 predictis
3353 1079 3538 1164 quin-

660 1187 963 1272 quaginta
1006 1185 1299 1252 bisantiis
1346 1205 1385 1251 a
1429 1184 1713 1272 predicto
1770 1192 2174 1274 preceptore,
2234 1184 2495 1251 donavit
2543 1183 2744 1250 eidem
2802 1187 3164 1271 preceptori
3205 1186 3542 1272 recipienti

658 1313 775 1379 pro
809 1293 981 1358 dicta
1009 1291 1195 1358 domo
1225 1291 1723 1359 Alamannorum
1768 1294 2235 1380 possessionem
2281 1291 2446 1358 dicte
2492 1290 2714 1357 domus
2761 1295 2826 1358 et
2868 1291 3060 1358 cessit
3103 1297 3168 1358 et
3208 1293 3544 1360 mandavit

660 1399 875 1466 omnia
919 1398 1061 1465 iura
1104 1405 1171 1464 et
1215 1398 1512 1482 actiones,
1562 1419 1683 1485 que
1728 1404 1795 1466 et
1837 1420 1996 1486 quas
2042 1399 2181 1487 ipse
2225 1399 2555 1484 episcopus
2602 1402 2668 1464 et
2698 1397 2963 1465 ecclesia
2989 1397 3381 1466 Ebronensis
3426 1399 3542 1466 ha-

661 1505 896 1572 bebant
924 1505 989 1571 in
1022 1505 1192 1571 dicta
1221 1504 1427 1572 domo.
1497 1504 1585 1572 Et
1630 1505 1711 1572 ad
1754 1507 2058 1574 maiorem
2105 1505 2420 1573 cautelam
2463 1503 2916 1591 premissorum
2959 1511 3351 1590 rogaverunt
3391 1525 3542 1592 par-

659 1617 757 1679 tes
812 1612 1095 1698 predicte
1140 1611 1379 1678 dictum
1424 1611 1749 1680 dominum
1802 1613 2231 1699 patriarcham
2275 1611 2888 1680 lherosolimitanum
2901 1661 2922 1696 ,
2979 1612 3146 1697 quod
3195 1611 3346 1680 huic
3389 1631 3540 1679 con·

660 1720 892 1785 tractui
938 1738 1120 1785 suam
1167 1723 1516 1805 apponeret
1550 1718 1990 1786 auctoritatem
2021 1723 2086 1786 et
2113 1720 2454 1804 decretum,
2501 1723 2564 1785 et
2594 1718 2928 1786 voluerunt
2961 1719 3182 1804 eciam,
3227 1725 3302 1785 ut
3331 1720 3540 1786 dictus

658 1825 951 1892 dominus
1009 1824 1373 1912 patriarcha
1428 1845 1615 1892 suum
1670 1825 1950 1910 sigillum
1994 1827 2252 1896 duceret
2304 1825 2748 1912 apponendum
2791 1825 2862 1892 in
2905 1827 3341 1893 testimonium
3393 1847 3540 1913 pre-

661 1932 1020 2000 missorum.
1088 1931 1176 2000 Et
1216 1932 1385 2000 hunc
1428 1938 1820 2001 contractum
1852 1933 2187 2001 voluerunt
2227 1933 2394 2000 dicte
2437 1937 2654 2019 partes
2701 1951 2958 1998 suorum
3003 1933 3355 2017 sigillorum
3399 1953 3540 2000 mu-

663 2039 902 2107 nimine
944 2039 1248 2106 roborari.
1319 2037 1440 2119 Qui
1486 2039 1777 2108 dominus
1819 2039 2184 2128 patriarcha
2213 2039 2506 2107 exaudito
2536 2045 2754 2108 tenore
2781 2039 2938 2106 dicti
2965 2044 3324 2107 contractus
3355 2059 3540 2106 suam

662 2147 1045 2234 interposuit
1088 2147 1531 2215 auctoritatem
1575 2152 1641 2215 et
1683 2147 2008 2215 decretum
2068 2153 2134 2214 et
2189 2167 2373 2213 suum
2432 2146 2712 2230 sigillum
2763 2145 2948 2212 duxit
3003 2145 3296 2212 similiter
3341 2165 3538 2232 appe-

662 2253 959 2321 nendum.
1028 2255 1262 2321 Actum
1292 2254 1509 2322 Accon
1552 2253 1623 2320 in
1666 2273 1920 2320 camera
1961 2253 2306 2341 episcopali
2333 2253 2726 2320 Acconitana
2771 2271 2936 2318 anno
2969 2251 3209 2320 domini
3237 2261 3330 2318 m·
3355 2252 3540 2320 cclxx

662 2361 859 2428 tercio
872 2359 893 2392 ⁶
939 2360 1279 2429 indictione
1322 2363 1533 2448 prima
1575 2361 1679 2428 die
1709 2359 1974 2428 Veneris
2013 2360 2350 2428 undecima
2381 2361 2618 2428 mensis
2661 2360 2934 2445 augusti,
2979 2359 3381 2447 presentibus
3427 2359 3539 2426 do·

664 2469 839 2534 mino
872 2465 1207 2534 Guilielmo
1239 2466 1317 2533 de
1348 2465 1607 2554 Cuncta,
1644 2466 2070 2535 mareschalco
2099 2468 2280 2551 regni
2307 2466 2865 2549 Iberosolimitani3
2912 2467 3164 2534 domino
3197 2464 3538 2534 Guilielmo

663 2573 744 2640 de
772 2572 979 2658 Flore,
1025 2574 1226 2640 milite
1272 2573 1349 2640 de
1378 2573 1627 2657 Accen3
1672 2575 1978 2658 magistro
2007 2574 2288 2641 Accurso
2331 2574 2666 2655 advocato3
2713 2573 2910 2640 fratre
2938 2572 3296 2654 Florenci03
3340 2574 3542 2640 fratre

664 2679 938 2747 Henrico
971 2680 1049 2748 de
1081 2680 1265 2746 domo
1295 2667 1793 2748 Alamannorum
1824 2681 2091 2749 testibus
2121 2681 2206 2748 ad
2231 2681 2353 2748 hoc
2381 2681 2743 2767 specialiter
2770 2681 3010 2748 vocatis
3056 2685 3121 2748 et
3163 2681 3427 2764 rogatis.
3451 2715 3538 2728 --

664 2785 803 2872 Ego
833 2787 1141 2854 Iohannes
1186 2787 1449 2855 clericus
1478 2783 1922 2871 Acconensis⁸,
1971 2788 2272 2855 assisinas
2319 2787 2581 2856 ecclesie
2613 2791 2830 2855 sancte
2861 2788 3065 2854 crucis
3094 2787 3392 2872 Acconis,
3437 2807 3541 2854 sa-

666 2899 992 2961 crosancte
1035 2893 1315 2960 Romane
1362 2895 1621 2962 ecclesie
1672 2894 2048 2962 auctoritate
2089 2894 2374 2962 notarius
2429 2893 2752 2982 publicus,
2804 2894 3108 2981 predictis
3159 2894 3422 2962 interfui
3475 2899 3544 2961 et

665 3007 923 3086 rogatus
970 2999 1199 3088 scripsi
1243 3005 1307 3068 et
1349 3001 1419 3068 in
1461 3001 1625 3069 hanc
1667 3001 1996 3088 publicam
2033 3001 2307 3069 formam
2347 3000 2581 3086 redegi.

878 3140 923 3192 E
960 3141 1179 3208 copiario
1224 3141 1413 3194 archivi
1446 3141 1804 3208 Regimontaui
1838 3143 1903 3195 A.
1934 3141 2000 3193 16
2013 3179 2028 3204 ,
2077 3159 2128 3208 p.
2153 3141 2222 3193 27
2247 3158 2322 3208 sq.
2357 3140 2490 3194 inter
2513 3140 2714 3193 Veneta
2755 3155 2951 3192 mecum
2985 3141 3368 3192 communicavit
3401 3157 3452 3193 v.
3475 3141 3542 3193 d.

666 3229 731 3280 A.
756 3227 1088 3296 Meckelburg
1112 3246 1222 3282 cum
1248 3231 1392 3284 dato:
1428 3245 1601 3282 mccxx
1628 3231 1799 3283 tercio.
1854 3230 1962 3282 Sed
1993 3230 2091 3283 fuit
2124 3229 2410 3297 patriarcha
2432 3229 2919 3297 Hierosoly-mimus
2941 3230 3162 3282 Thomas
3195 3229 3318 3281 inde
3341 3247 3376 3280 a
3403 3227 3542 3282 1272

666 3318 845 3371 martio
871 3335 1029 3384 usque
1054 3319 1121 3370 ad
1146 3338 1176 3371 a
1198 3317 1334 3370 1277
1344 3338 1361 3380 ;
1387 3318 1663 3372 Gaufridus
1688 3319 1753 3371 de
1776 3319 1955 3371 ordine
1977 3319 2378 3385 praedicatorum
2395 3319 2706 3371 Ebronensis
2729 3320 2994 3386 episcopus
3018 3317 3152 3370 1268
3176 3335 3260 3384 ap.
3277 3317 3352 3370 Le
3371 3318 3542 3380 Quian

668 3406 849 3458 Oriens
877 3407 1186 3460 Christianus
1221 3407 1298 3459 111
1333 3424 1383 3473 p.
1414 3407 1565 3458 1270.
1624 3407 1867 3473 „Messire
1906 3407 2126 3460 Guillem
2161 3407 2227 3460 de
2263 3407 2440 3470 canet,
2475 3408 2796 3470 marechau“,
2833 3407 3046 3460 occurrit
3085 3406 3218 3458 1269
3244 3407 3419 3459 Accon
3455 3425 3541 3475 ap.

666 3494 813 3546 Pauli
835 3495 879 3557 1,
912 3495 1037 3557 1903
1074 3495 1209 3547 idem
1245 3495 1475 3548 dominus
1512 3495 1809 3548 Guillelmus
1846 3497 1911 3548 de
1938 3497 2180 3558 canneto,
2216 3497 2548 3548 marescalcus
2584 3497 2730 3564 reg-ni
2763 3495 3224 3563 Hierosolymitani,
3261 3497 3544 3548 secundum
3577 3563 3588 3574 ·

668 3599 867 3635 cursum
902 3584 1142 3636 Pisanum
1183 3585 1345 3646 1271,
1392 3585 1669 3636 secundum
1704 3601 1823 3638 vero
1858 3602 2050 3637 morem
2083 3585 2452 3652 patriarchatus
2487 3585 2916 3638 Hierosolimitani
2954 3583 3118 3646 1270,
3151 3584 3256 3636 ind.
3281 3585 3366 3635 xiv
3399 3602 3540 3636 mab

666 3671 725 3723 tii
756 3673 837 3734 11,
873 3673 961 3724 ubi
998 3681 1050 3724 et
1085 3673 1314 3724 dominus
1340 3673 1591 3726 Accursus
1628 3674 1693 3726 de
1718 3674 1884 3727 Arisio
1920 3674 2042 3725 iuris
2077 3675 2286 3741 peritus,
2322 3672 2472 3725 Pauli
2497 3673 2540 3736 1,
2570 3673 2686 3725 194.
2737 3673 2982 3726 L’estoire
3019 3673 3086 3724 de
3115 3672 3323 3725 Eraeles
3357 3691 3538 3740 empe-

666 3777 785 3813 reur
804 3759 1047 3823 XXXIV,
1085 3779 1196 3828 cap.
1222 3761 1302 3814 16.
1352 3761 1563 3814 Recueil
1598 3762 1691 3814 des
1726 3761 1996 3814 historiens
2033 3763 2126 3814 des
2161 3761 2429 3814 croisades.
2475 3761 2620 3814 Paris
2649 3761 2802 3814 1859.
2848 3761 2916 3824 11,
2941 3761 3048 3813 463
3084 3761 3152 3813 ad
3187 3779 3374 3814 annum
3401 3761 3542 3814 12⁷2

666 3849 848 3902 habet:
891 3849 988 3914 „Et
1020 3849 1076 3902 fu
1111 3851 1206 3902 fait
1326 3850 1395 3902 du
1430 3851 1652 3904 roiaume
1689 3851 1754 3902 de
1776 3849 2099 3902 Jherusalem
2121 3885 2194 3904 ...
2217 3849 2511 3904 maracheae
2537 3849 2821 3902 Guillaume
2857 3849 2923 3902 de
2949 3851 3158 3902 Canet“.
3215 3849 3355 3902 1273
3389 3850 3538 3902 imm

669 3938 899 3989 cucurrit.
1083 3939 1129 3991 1.
1166 3938 1325 3990 fratre
1359 3939 1423 3990 A.
1602 3938 1652 3990 2.
1690 3947 2040 4006 preceptorem
2073 3939 2140 3992 A.
2317 3939 2368 3990 3.
2405 3938 2553 3990 cedet
2587 3938 2650 3990 A.
2809 3939 2860 3990 4.
2897 3938 3241 3991 desideratur:
3277 3938 3536 3990 solvenda.

668 4027 719 4078 5.
755 4037 831 4077 m0
860 4043 983 4079 ccxx
1019 4027 1173 4078 tercio
1211 4027 1275 4078 A.
1454 4025 1506 4078 6.
1542 4027 1759 4080 Acconis
1795 4027 1859 4079 A.

679 4247 823 4318 127
834 4300 850 4317 .
894 4251 1081 4318 1275
1126 4255 1348 4319 martii
1369 4251 1455 4318 13
1484 4251 1805 4338 Iquuni.
1882 4249 2228 4338 Greqoriue
2266 4274 2451 4340 papa
2478 4249 2550 4317 X
2575 4251 2902 4336 confirmat
2927 4250 3534 4338 Hospitalariorum,

900 4357 1429 4446 Templariorum,
1456 4359 1752 4444 fratrum
1797 4362 2017 4425 domus
2062 4359 2392 4446 hospitalis
2438 4381 2488 4424 s.
2522 4359 2778 4424 Mariae
2818 4357 3342 4426 Theutonicorum
3389 4381 3536 4424 con-

892 4467 1175 4531 cordiam
1219 4467 1296 4531 de
1339 4467 1709 4532 dirimendis
1754 4469 1918 4532 inter
1961 4469 2136 4553 ipsos
2182 4467 2490 4532 exorturis
2537 4465 2768 4532 litibus.

892 4595 1235 4682 Gregorius
1280 4597 1615 4684 episcopus
1670 4617 1889 4664 servus
1944 4619 2270 4666 servorum
2317 4599 2419 4666 dei
2465 4599 2710 4667 dilectis
2755 4597 2902 4665 filiis
2947 4599 3250 4681 magistro
3303 4603 3369 4666 et
3410 4598 3538 4666 fra-

668 4704 873 4772 tribus
917 4703 1251 4790 hospitalis
1296 4703 1785 4772 lerosolimitani
1828 4705 2098 4772 salutem
2143 4710 2208 4771 et
2251 4705 2662 4792 apostolicam
2706 4705 3224 4772 benedictionem.
3293 4703 3454 4772 Cum
3499 4724 3539 4771 a

669 4811 855 4877 nobis
899 4812 1166 4896 petitur,
1228 4811 1394 4895 quod
1438 4811 1675 4878 iustum
1720 4817 1819 4878 est
1870 4817 1937 4879 et
1985 4811 2349 4895 honestum,
2403 4817 2536 4878 tam
2582 4812 2760 4895 vigor
2805 4813 3104 4896 equitatis
3149 4831 3342 4898 quam
3385 4811 3538 4879 ordo

672 4916 873 5002 exigit
922 4917 1185 4985 rationis
1201 4966 1221 5001 ,
1278 4921 1351 4984 ut
1404 4917 1471 4984 id
1524 4937 1642 5006 per
1684 4917 2176 4986 sollicitudinem
2220 4916 2412 4986 officii
2452 4919 2657 4986 nostri
2700 4918 2786 4986 ad
2825 4917 3108 4987 debitum
3158 4919 3540 5005 perducatur
3625 4942 3633 4950 ·
