3892 5609
727 357 881 427 400
1701 370 2125 419 Ponrmotm
2168 371 2610 420 Romanorum

731 525 908 597 591.
949 527 1127 594 1258
1167 529 1384 594 novbr.
1415 529 1499 596 11
1547 529 1901 616 Anaqniae.
1973 531 2337 598 Alexander
2367 532 2479 598 IV
2510 533 2733 619 repetit
2760 529 3040 597 Honorii
3065 531 3193 597 III
3224 555 3289 596 π.
3322 531 3473 598 406.

943 660 1307 728 Alexander
1337 667 1452 728 etc.
1632 662 1861 730 Dilecti
1907 661 2025 731 filii
2055 671 2171 732 etc.
2206 665 2689 752 archiepiscopis
2722 671 2786 733 et
2822 664 3152 751 episcopis,
3200 664 3284 730 ad
3314 699 3397 709 —-
3434 665 3584 730 fati-

725 770 856 854 gati
885 767 1316 853 multipliciter
1348 805 1430 816 —
1465 776 1669 836 vestro
1701 771 1980 856 ipsorum
2012 779 2264 839 auctore
2296 774 2547 840 domino
2579 774 2817 840 iustitie
2846 772 3175 860 providere
3210 809 3291 818 —
3328 773 3582 857 quidem

726 915 810 926 -
841 875 1152 965 permissa
1181 911 1264 920 —
1295 881 1625 961 potestate.
1696 876 1932 945 Datum
1960 879 2251 963 Anagnie
2279 881 2352 947 iii
2380 881 2522 947 idus
2551 880 2908 949 novembris
2946 878 3351 967 pontificatus
3378 880 3587 946 nostri

728 1005 891 1052 anno
939 988 1184 1070 quarto.

935 1098 1014 1149 Ex
1043 1103 1346 1148 transsumto
1371 1096 1559 1148 archivi
1581 1098 1937 1166 Regimontani
1961 1101 2011 1152 d.
2029 1101 2080 1154 d.
2103 1102 2345 1154 Rev-aliae
2373 1102 2507 1154 1415
2534 1103 2641 1153 dec.
2666 1102 2731 1152 14
2765 1100 2894 1152 male
2918 1101 3040 1153 ed.'
3024 1119 3076 1152 ιιι
3099 1100 3226 1152 Livl.
3250 1101 3317 1153 U.
3334 1101 3398 1153 Β.
3415 1101 3459 1162 1,
3478 1101 3586 1152 422

723 1208 776 1242 ιι.
799 1187 922 1242 333.
973 1185 1034 1238 Ιιι
1070 1185 1249 1237 eodem
1283 1184 1484 1238 archivo
1521 1186 1656 1239 aliud
1692 1197 2047 1242 transsumtum
2083 1191 2133 1242 d.
2159 1191 2208 1242 d.
2244 1191 2587 1258 Matienburgi
2615 1189 2751 1243 1393
2785 1190 2904 1242 maii
2928 1190 3013 1242 29.

731 1391 906 1467 592.
949 1393 1126 1460 1258
1168 1391 1385 1458 novbr.
1419 1393 1508 1459 12
1553 1394 1910 1483 Anaqniae.
1990 1395 2355 1463 Alexander
2394 1398 2506 1465 IV
2540 1401 2763 1486 repetit
2803 1397 3161 1464 Innocentii
3204 1397 3250 1462 I
3254 1397 3317 1464 V
3350 1421 3416 1463 n.
3450 1399 3587 1463 515

947 1504 1026 1569 de
1069 1503 1245 1570 1247
1289 1503 1440 1568 iulii
1479 1501 1587 1568 23.

943 1635 1304 1702 Alexander
1349 1640 1465 1702 etc.
1734 1635 1942 1714 Quieti
1986 1643 2193 1703 vestre
2239 1641 2354 1704 etc.
2400 1673 2485 1684 —
2530 1637 2930 1724 respondere.
3006 1637 3243 1706 Datum
3287 1635 3585 1722 Anagnis

722 1743 772 1810 ii
814 1743 956 1810 idus
1000 1743 1358 1810 novembris
1404 1740 1801 1830 pontificatus
1845 1743 2047 1810 nostri
2092 1765 2253 1810 anno
2301 1750 2545 1830 quarto.

934 1883 1026 1947 IV,
1051 1883 1213 1936 214v.
1247 1900 1298 1944 n.
1321 1883 1401 1934 14.
1453 1883 1546 1947 „A.
1570 1883 1606 1933 4
1641 1883 1886 1934 Treviris“
1928 1885 1993 1936 A.
2018 1884 2081 1936 16
2116 1903 2167 1951 p.
2189 1885 2308 1938 114.
2372 1884 2630 1951 Originale
2666 1885 2916 1950 quondam
2950 1885 3259 1936 Trererense
3295 1901 3410 1936 oum
3442 1883 3587 1936 buna

723 1974 776 2025 in
811 1972 910 2025 mis
944 1973 1146 2025 sericeis
1181 1972 1343 2024 rubris
1377 1980 1432 2023 et
1463 1971 1612 2024 luteis
1649 1988 1876 2039 appensa
1909 1973 1961 2024 in
2000 1974 2199 2025 archivo
2236 1973 2423 2025 ordinis
2458 1973 2753 2025 Theutonici
2777 1972 3168 2027 vindobonensi.

729 2177 1124 2250 593.1258
1165 2179 1384 2245 novbr.
1415 2179 1507 2245 22
1549 2179 1847 2264 Anaynie
1890 2176 2005 2262 (037⁰.
2038 2179 2214 2244 ,1260
2256 2180 2406 2244 iulii
2447 2178 2585 2260 10).
2668 2182 3031 2248 Alea-ander
3073 2182 3120 2247 I
3126 2181 3187 2246 V
3219 2181 3391 2246 iubet
3444 2203 3583 2267 epse

943 2309 1165 2374 scopos
1220 2287 1299 2352 ab
1358 2287 1578 2351 ordine
1640 2284 2017 2351 Theutonico
2066 2299 2497 2372 praesentatos
2533 2289 2779 2374 fratres
2839 2289 3094 2355 clericos
3148 2291 3238 2354 ad
3291 2289 3583 2354 ecclesias

933 2407 1314 2482 patronatus
1362 2396 1492 2458 eius
1535 2396 1844 2459 investire.

944 2517 1310 2585 Alexander
1371 2517 1700 2604 episcopus
1748 2535 1966 2582 servus
2012 2536 2334 2583 servorum
2380 2518 2480 2585 dei
2527 2519 2983 2586 venerabilibus
3026 2517 3329 2584 fratribus
3376 2517 3583 2584 archi-

724 2625 1036 2712 episcopis
1085 2632 1148 2693 et
1191 2624 1501 2712 episcopis
1550 2643 1624 2690 ac
1667 2623 1911 2691 dilectis
1957 2623 2104 2690 filiis
2150 2625 2601 2694 archidiaconis
2618 2677 2637 2710 ,
2684 2626 2765 2692 ad
2816 2647 2969 2710 quos
3013 2625 3222 2692 littere
3266 2626 3391 2691 iste
3434 2645 3583 2711 per-

723 2733 1040 2816 venerint,
1097 2733 1366 2799 salutem
1423 2736 1488 2798 et
1541 2731 1949 2818 apostolicam
2007 2731 2519 2800 benedictionem.
2818 2732 2918 2798 Ex
2972 2739 3153 2819 parte
3206 2732 3583 2827 dilectorum

721 2837 993 2906 filiorum
1059 2840 1348 2925 magistri
1415 2845 1478 2906 et
1541 2838 1810 2904 fratrum
1877 2837 2208 2925 hospitalis
2274 2846 2489 2907 sancte
2555 2839 2755 2907 Marie
2817 2840 3342 2907 Theutonicorum
3417 2839 3583 2907 [ero-

723 2947 1066 3014 solimitani
1119 2947 1301 3014 nobis
1358 2953 1456 3014 est
1511 2945 1722 3011 oblata
1775 2945 2057 3030 querela,
2105 2948 2299 3032 quod,
2357 2947 2505 3014 licet
2552 2950 2641 3015 eis
2690 2969 2729 3014 a
2773 2948 2918 3014 sede
2964 2947 3311 3034 apostolica
3354 2949 3441 3014 sit
3482 2948 3584 3012 in·

721 3053 998 3138 dultum,
1056 3060 1129 3120 ut
1180 3054 1410 3121 fratres
1465 3053 1722 3120 clericos
1779 3053 2017 3120 ordinis
2070 3056 2170 3120 sui
2226 3054 2307 3120 ad
2353 3060 2646 3122 vacantes
2704 3054 3028 3139 ecclesias,
3082 3055 3151 3120 in
3206 3054 3437 3140 quibus
3480 3056 3584 3122 ius

721 3163 1006 3229 obtinent
1048 3165 1448 3248 patronatuS,
1495 3161 1842 3228 diocesanis
1889 3163 2231 3248 episcopis,
2290 3183 2696 3257 responsuros
2756 3163 2847 3228 eis
2905 3161 2981 3228 de
3026 3161 3461 3247 spiritualibus
3506 3181 3585 3228 ac

723 3268 905 3336 dictis
950 3270 1252 3354 magistro
1299 3275 1362 3335 et
1405 3269 1704 3336 fratribus
1751 3267 1828 3334 de
1870 3268 2343 3354 temporalibuS,
2388 3270 2638 3336 valeant
2682 3274 3077 3356 presentare,
3125 3267 3321 3352 aliqui
3364 3273 3581 3334 tamen

721 3381 1000 3444 vestrum
1065 3397 1132 3445 se
1193 3376 1321 3443 illis
1389 3397 1578 3463 super
1631 3376 1748 3442 hoc
1803 3375 2100 3442 molestos
2160 3382 2221 3442 et
2289 3396 2511 3459 graves
2570 3377 2778 3462 sepius
2838 3375 3201 3442 exhibentes
3260 3376 3582 3460 predictos

721 3484 949 3551 fratres
1004 3484 1294 3568 clericos,
1351 3503 1505 3568 quos
1565 3483 1716 3550 dicti
1770 3483 2072 3567 magister
2118 3488 2183 3564 et
2236 3483 2463 3550 fratres
2507 3485 2689 3550 iuxta
2732 3482 3081 3569 predictum
3126 3480 3440 3549 indultum
3486 3483 3581 3549 eis

720 3596 1090 3677 presentant
1145 3591 1224 3657 ad
1279 3590 1574 3658 ecclesias
1641 3595 2053 3676 memoratas,
2109 3591 2436 3658 instituere
2494 3591 2806 3674 denegant
2862 3590 2926 3656 in
2984 3589 3073 3656 eis
3129 3610 3245 3676 pro
3300 3611 3415 3656 sue
3474 3611 3578 3656 ar-

721 3698 910 3766 bitrio
974 3698 1333 3764 voluntatis.
1442 3696 1598 3764 Cum
1671 3703 1882 3764 autem
1945 3697 2070 3784 ipsi
2139 3699 2475 3785 apostolice
2543 3699 2944 3782 benignitatis
3013 3697 3315 3763 auxilium
3388 3717 3582 3784 super

720 3804 839 3872 hoc
891 3791 1187 3872 duxerint
1241 3805 1561 3872 humiliter
1616 3805 2089 3892 inplorandum3
2146 3807 2619 3872 universitatem
2666 3810 2941 3871 vestram
2985 3825 3277 3887 rogamus
3325 3811 3390 3871 et
3432 3804 3581 3870 hor-

718 3918 930 3980 tamur
995 3915 1233 3978 attente
1306 3932 1420 3997 per
1495 3912 1840 3998 apostolica
1903 3912 2080 3979 vobis
2156 3913 2393 3999 scripta
2465 3913 2866 4000 precipiendo
2942 3911 3348 3995 mandantes,
3426 3933 3579 3996 qua-

718 4025 902 4087 tenus
960 4018 1220 4106 provide
1277 4019 1700 4103 attendentes,
1760 4017 1926 4105 quod
1970 4019 2161 4086 iidem
2217 4020 2517 4104 magister
2562 4029 2627 4087 et
2665 4021 2892 4086 fratres
2938 4037 3053 4106 pro
3099 4039 3210 4085 sue
3252 4018 3579 4102 religionis

719 4127 962 4194 meritis
1007 4125 1198 4194 nullis
1243 4125 1548 4192 molestiis
1595 4125 1790 4211 affici,
1851 4127 1962 4193 sed
2006 4126 2130 4214 piis
2175 4127 2404 4194 debent
2448 4126 2761 4195 beneficiis
2808 4126 3157 4208 confoveri,
3212 4146 3326 4192 vos
3372 4126 3465 4194 eis
3510 4127 3577 4192 in

719 4235 1067 4322 premissis·
1088 4233 1322 4300 nullius
1371 4232 1757 4300 difficultatis
1803 4235 2139 4321 apponatis
2184 4234 2595 4319 obstaculum,
2642 4236 2753 4302 sed
2795 4236 3073 4302 favorem
3103 4232 3463 4299 benivolum
3495 4233 3573 4299 ad

717 4341 786 4408 id
829 4342 1046 4430 pocius
1091 4341 1488 4428 impendatiS,
1534 4341 1626 4406 ita
1657 4341 1823 4426 quod
1865 4361 1983 4409 nec
2010 4341 2136 4428 ipsi
2166 4343 2583 4428 conquerendi
2617 4343 2693 4409 de
2724 4343 2900 4410 vobis
2932 4342 3262 4409 materiam
3304 4339 3577 4407 habeant

719 4469 836 4517 nec
880 4449 970 4515 eis
1015 4469 1205 4536 super
1234 4449 1352 4516 hoc
1379 4469 1496 4534 per
1529 4468 1643 4516 nos
1677 4454 1966 4535 oporteat
1992 4449 2177 4517 aliter
2208 4449 2542 4536 provideri.
2612 4449 2850 4518 Datum
2877 4448 3169 4533 Anagnie
3197 4437 3575 4515 x'kalendas

721 4555 1069 4626 decembris
1112 4555 1513 4644 pontificatus
1559 4555 1760 4623 nostri
1807 4577 1971 4624 anno
2018 4563 2259 4642 quarto.

929 4689 1053 4741 Cum
1089 4689 1234 4741 dato:
1276 4705 1438 4755 „anno
1460 4687 1525 4739 4“
1564 4688 1718 4739 A.16
1753 4705 1803 4754 p.
1828 4689 1928 4740 116
1958 4690 2254 4754 „Treviris“.
2284 4717 2345 4726 —
2388 4689 2509 4740 Cum
2532 4688 2682 4741 datot
2718 4689 2949 4754 Anagnis
2980 4689 3044 4739 10
3066 4687 3168 4740 kal.
3190 4688 3359 4739 decbr.
3386 4705 3437 4754 p.
3456 4687 3575 4739 24.

717 4779 784 4830 A.
808 4778 872 4830 16
907 4796 958 4845 p.
978 4776 1047 4828 72
1088 4778 1340 4843 „Colonia
1375 4777 1624 4829 invenitur
1659 4778 1810 4828 etiam
1843 4777 1896 4829 in
1929 4777 2233 4829 Mechelinia
2267 4779 2359 4828 sub
2396 4777 2574 4830 eodem
2608 4779 2795 4844 papa“;
2839 4777 2904 4829 R.
2927 4777 3027 4828 138
3062 4777 3193 4828 inter
3228 4777 3573 4828 Treverensia.

719 4868 798 4919 Ex
832 4867 1063 4934 originali
1086 4867 1336 4934 quondam
1363 4867 1726 4929 confluentino,
1763 4883 1894 4918 nunc
1919 4867 2297 4919 vindobonensi
2333 4884 2443 4917 cum
2467 4865 2605 4918 bulla
2626 4867 2677 4917 in
2702 4867 2919 4918 funiculo
2944 4868 3223 4919 cannabino
3260 4865 3341 4916 ed.
3366 4865 3575 4916 Hennes

717 4955 773 5017 1,
804 4955 901 5007 165
945 4975 997 5007 n.
1030 4955 1146 5007 183.
1215 4956 1276 5007 In
1322 4957 1501 5008 eodem
1545 4956 1745 5007 archivo
1789 4955 1977 5007 ordinis
2014 4957 2306 5008 'l'heutonici
2342 4955 2721 5008 vindobonensi
2774 4957 2983 5008 alterum
3028 4954 3274 5022 originale
3322 4954 3575 5020 quondam

717 5043 1192 5113 Mergenthemense
1227 5062 1339 5098 cum
1376 5045 1511 5097 bulla
1545 5045 1598 5097 in
1631 5045 1729 5097 filis
1765 5044 1967 5097 sericeis
2004 5045 2254 5112 quondam
2289 5062 2502 5108 annexa,
2538 5061 2671 5096 nunc
2706 5053 2873 5098 tamen
2909 5045 3096 5098 avulsa.
3158 5044 3575 5111 Transsumptum
