3892 5609
736 351 828 422 32
841 351 883 422 2
1705 361 2133 411 romu-mun
2174 360 2622 409 Romanorum

729 528 930 571 sumant
961 519 1001 571 1.
1181 519 1232 569 4.
1272 518 1466 570 debetis
1490 519 1534 581 1,
1571 518 1739 571 A.16.
1772 505 1779 512 ’
1917 519 1968 571 5.
2007 517 2248 571 aebemus
2271 519 2337 571 R.
2514 516 2565 569 6.
2604 516 2750 567 deest
2772 514 2814 566 1.
2990 512 3041 565 ’1.
3080 512 3229 565 deest
3260 512 3303 564 1.
3328 512 3398 573 ιι,
3436 512 3501 563 A.
3524 510 3605 563 ιο.

727 609 780 659 8.
815 610 954 660 iuxta
977 608 1110 675 quod
1135 608 1207 661 eis
1232 608 1507 675 apostolica
1530 608 1678 660 sedes
1703 608 1933 674 indulget
1956 608 2020 661 R.
2163 608 2213 660 9.
2251 608 2391 660 salva
2416 636 2475 644 -
2495 605 2749 671 generalis
2772 604 2920 655 deest
2941 602 2984 665 1,
3020 603 3085 654 A.
3109 602 3189 654 16.
3342 601 3427 653 10.
3464 600 3609 651 deest

725 696 982 759 Lana

734 900 908 973 368.
951 904 1130 970 1222
1174 904 1402 991 aprilis
1449 904 1540 967 17
1593 902 1860 967 Verulis.
1941 902 2269 968 Honorius
2315 902 2438 968 III
2486 902 2848 967 dehortatur
2900 898 3332 985 Templarim,
3394 918 3477 961 ne
3534 895 3607 961 οὗ

950 1010 1097 1075 alba
1141 1010 1440 1075 mantella
1484 1034 1526 1075 a
1551 1010 1875 1094 fratribus
1921 1012 2165 1075 ordinis
2217 1008 2588 1075 Theutoniei
2611 1008 2792 1093 femi
2832 1006 3021 1072 solita
3055 1018 3458 1070 moveantur.

948 1158 1266 1226 Honorius
1299 1159 1630 1245 episcopus
1678 1179 1896 1225 servus
1932 1180 2258 1226 servorum
2298 1159 2399 1226 dei
2438 1158 2682 1227 dilectis
2724 1156 2873 1223 filiis
2918 1207 2933 1222 .
2959 1205 2976 1221 .
3020 1155 3329 1239 magistro
3372 1158 3441 1220 et
3478 1153 3609 1219 sta-

725 1267 930 1334 tribus
975 1267 1196 1333 domus
1237 1266 1464 1333 militie
1494 1265 1741 1351 Templi
1771 1266 2041 1333 salutem
2072 1272 2137 1333 et
2165 1266 2577 1352 apostolicam
2606 1264 3125 1332 benedictionem.
3354 1259 3609 1339 Quanto

725 1394 840 1441 vos
887 1373 1179 1461 ampliori
1226 1374 1490 1439 caritate
1536 1372 1874 1457 diligimus,
1921 1378 2099 1439 tanto
2146 1373 2328 1439 nobis
2362 1371 2631 1458 amplius
2662 1370 3046 1457 displiceret,
3092 1370 3167 1451 si,
3216 1368 3389 1453 quod
3420 1367 3607 1448 absit,

727 1480 1217 1567 reprehensione
1277 1500 1388 1546 seu
1445 1481 1636 1547 etiam
1693 1480 1987 1546 irrisione
2032 1479 2293 1565 dignum
2339 1478 2575 1564 aliquid
2618 1478 2928 1545 faceretis.
3023 1476 3353 1562 Siquidem
3408 1477 3610 1562 privi-

725 1586 892 1670 legia
935 1587 1236 1654 fratribus
1283 1586 1505 1653 domus
1551 1592 1766 1651 sancte
1805 1586 2004 1653 Marie
2046 1587 2531 1654 Teutonicorum
2588 1585 2668 1652 ab
2714 1584 3063 1671 apostolica
3112 1583 3265 1649 sede
3306 1600 3609 1648 concessa

727 1693 1062 1760 manifeste
1107 1693 1560 1777 demonstrant,
1609 1694 1778 1779 quod
1821 1693 1975 1760 ordo
2022 1698 2229 1759 vester
2273 1694 2341 1759 in
2386 1691 2633 1758 clericis
2688 1697 2753 1757 et
2804 1690 3113 1757 militibus
3158 1710 3235 1755 ac
3282 1688 3429 1755 aliis
3476 1688 3609 1755 fra·

729 1801 952 1884 tribua,
999 1799 1350 1885 Hospitalis
1381 1819 1529 1865 vero
1573 1798 1640 1865 in
1689 1800 2073 1885 pauperibus
2120 1804 2184 1866 et
2226 1797 2494 1867 infirmis
2538 1798 2607 1865 in
2650 1798 2795 1885 ipsa
2838 1798 3025 1864 domo
3062 1800 3191 1863 iam
3224 1796 3467 1862 dudum
3496 1816 3606 1863 ex-

727 1908 862 1973 titit
925 1908 1252 1974 institutus
1322 1910 1386 1971 et
1450 1926 1566 1992 per
1625 1906 1836 1971 sedem
1893 1906 2301 1993 apostolicam
2360 1905 2783 1972 confirmatus.
2872 1902 3053 1971 Licet
3104 1908 3319 1969 autem
3372 1904 3607 1969 fratres

726 2014 852 2100 ipsi
898 2020 1030 2079 tum
1077 2018 1340 2100 propter
1381 2012 1828 2096 negligentiam
1875 2033 2075 2097 suam,
2124 2014 2271 2079 dum
2316 2018 2529 2079 essent
2556 2012 2741 2099 pauci
2773 2017 2838 2078 et
2864 2030 3199 2098 pauperes,
3238 2015 3377 2075 tum
3410 2010 3603 2077 etiam

727 2124 988 2207 propter
1045 2120 1328 2187 scandali
1383 2120 1578 2185 vestri
1634 2124 1874 2185 metum
1931 2126 2063 2186 tam
2106 2121 2175 2187 in
2219 2120 2437 2186 habitu
2484 2118 2820 2185 deferendo
2878 2138 3067 2203 quam
3110 2118 3179 2183 in
3222 2116 3605 2202 quibusdam

727 2226 869 2293 aliis
902 2226 1236 2311 aliquando
1269 2232 1490 2293 contra
1521 2226 1983 2292 institutionem
2011 2227 2277 2293 fecerint
2304 2232 2737 2309 memoratam,
2782 2244 2899 2291 nos
2928 2230 3143 2291 tamen
3168 2224 3465 2291 inclinati
3494 2244 3604 2289 sue

726 2333 1050 2417 religionis
1095 2334 1322 2399 merito
1369 2340 1434 2399 et
1476 2331 1768 2419 precibus
1816 2333 2129 2399 carissimi
2174 2334 2243 2400 in
2273 2332 2525 2399 Christo
2568 2330 2686 2399 filii
2718 2332 2919 2399 nostri
2948 2330 3003 2397 F
3008 2330 3333 2415 (riderici),
3370 2330 3602 2396 Roma-

725 2460 950 2507 norum
999 2439 1400 2526 imperatoris
1445 2439 1710 2506 illustris
1757 2459 2009 2525 semper
2046 2441 2297 2523 augusti
2342 2444 2407 2507 et
2448 2440 2613 2523 regis
2646 2438 2880 2521 Sicilie,
2926 2439 3037 2523 qui
3080 2439 3148 2504 in
3190 2438 3295 2504 die
3341 2456 3605 2504 corona·

726 2548 916 2613 tionis
964 2568 1076 2613 sue
1121 2546 1187 2613 id
1234 2568 1273 2612 a
1317 2546 1497 2613 nobis
1551 2566 1666 2633 pro
1715 2546 1975 2632 speciali
2020 2566 2281 2613 munere
2324 2543 2709 2632 postulavit¹,
2760 2546 3227 2613 institutionem
3271 2546 3485 2631 ipsam
3524 2544 3603 2610 de

729 2656 1046 2721 communi
1092 2652 1354 2720 consilio
1399 2653 1666 2719 fratrum
1711 2659 2071 2720 nostrorum
2116 2658 2333 2719 nostro
2378 2652 2707 2739 privilegio
2756 2650 3287 2735 confirmavimuS,
3345 2652 3599 2718 domum

725 2763 933 2847 ipsam
981 2761 1120 2826 aliis
1157 2760 1526 2845 privilegiis,
1557 2760 1965 2844 indulgentiis
1998 2750 2063 2826 e‘t
2088 2759 2486 2827 libertatibus
2514 2760 2889 2827 munientes.
2957 2758 3337 2845 Accepimus
3368 2764 3602 2841 autem,

729 2867 893 2952 quod
925 2887 1036 2933 vos
1085 2867 1408 2933 occasione
1457 2866 1740 2933 alborum
1789 2866 2252 2949 mantellorum,
2302 2886 2491 2952 super
2520 2867 2745 2951 quibus
2793 2866 3149 2932 deferendis
3178 2865 3525 2951 specialem
3564 2885 3603 2929 a

725 2976 908 3041 nobis
953 2973 1411 3057 indulgentiam
1457 2971 1936 3059 impetrarunt²,
1984 2994 2099 3059 pro
2146 2994 2220 3039 eo
2268 2972 2435 3056 quod
2476 2974 2546 3039 in
2584 2973 2702 3039 hoc
2738 2972 3097 3059 specialiter
3126 2972 3353 3037 fecisse
3382 2976 3605 3039 contra

725 3082 1188 3147 institutionem
1233 3080 1592 3147 huiusmodi
1638 3080 2034 3163 videbantur,
2082 3080 2238 3145 moti
2284 3080 2435 3146 estis
2482 3078 2939 3163 aliquantulum
2984 3084 3206 3146 contra
3248 3100 3381 3163 eos,
3434 3080 3603 3164 quod

728 3194 1032 3273 qnantum
1079 3189 1164 3253 sit
1208 3192 1420 3253 vestra
1473 3186 1776 3269 religione
1819 3188 2173 3270 indignum,
2217 3186 2502 3271 quisquis
2546 3186 2891 3269 recogitare
2937 3186 3225 3269 voluerit,
3268 3186 3461 3253 facile
3504 3207 3603 3253 re-

727 3299 1078 3377 cognoscet.
1149 3292 1216 3359 Si
1277 3294 1446 3359 enim
1493 3314 1602 3359 vos
1649 3294 1728 3360 ab
1772 3294 2133 3360 huiusmodi
2178 3299 2355 3361 motu
2398 3313 2515 3359 nec
2559 3292 2905 3379 apostolica
2946 3314 3063 3360 nec
3103 3292 3457 3380 imperialis
3504 3314 3601 3361 re-

726 3402 1012 3468 verentia
1055 3400 1324 3483 cohibet,
1370 3399 1660 3467 cohibere
1697 3398 1924 3467 saltem
1955 3402 2235 3467 omnium
2269 3400 2337 3466 id
2368 3400 2757 3467 audientium
2786 3400 3148 3467 subsanatio
3180 3420 3293 3466 vos
3322 3400 3599 3483 deberet,

729 3508 954 3592 quibus
999 3508 1248 3574 videtur
1291 3508 1456 3573 sicut
1501 3513 1600 3572 est
1641 3526 1864 3572 revera
1905 3506 2243 3574 ridiculum
2283 3527 2395 3573 vos
2438 3506 2697 3589 indigne
2726 3506 2891 3573 ferre
2922 3508 3080 3574 alios
3112 3528 3151 3573 a
3178 3508 3361 3575 vobis
3388 3506 3599 3576 album

728 3620 982 3701 portare
1027 3612 1398 3681 mantellum
1442 3614 1778 3699 presertim
1825 3633 1864 3678 a
1891 3614 2103 3680 vestro
2148 3614 2369 3681 habitu
2414 3615 2505 3679 sic
2548 3614 2913 3681 distinctum
2955 3614 3277 3699 signaculo
3318 3614 3598 3702 speciali,

651 3770 658 3793 .
727 3726 801 3787 ut
828 3721 1038 3787 timeri
1068 3742 1196 3787 non
1229 3722 1450 3807 possit,
1481 3741 1562 3786 ne
1593 3720 1733 3805 quis
1765 3720 1951 3787 unius
1983 3720 2221 3786 ordinis
2254 3721 2485 3788 fratres
2514 3720 2751 3787 ordinis
2780 3741 2921 3788 esse
2951 3721 3209 3788 alterius
3238 3722 3597 3789 arbitretur.

728 3826 998 3913 Ideoque
1043 3828 1665 3913 circumspectionem
1711 3832 1989 3893 vestram
2046 3832 2284 3894 attente
2327 3828 2674 3911 rogandam
2730 3828 3027 3894 duximus
3082 3834 3148 3895 et
3200 3828 3596 3909 hortandam,

729 3934 1028 4019 quatinus
1075 3934 1246 3999 omni
1292 3953 1553 4001 rancore
1601 3933 1904 4020 deposito,
1954 3934 2009 3999 si
2056 3955 2243 4021 quem
2283 3936 2451 4001 forte
2494 3940 2714 4001 contra
2757 3935 2959 4001 dictos
3001 3934 3231 4005 fratres
3275 3936 3599 4003 occasione

727 4039 1087 4106 huiusmodi
1143 4040 1540 4127 concepistiS,
1602 4040 1935 4107 ambuletis
1991 4042 2061 4107 in
2116 4042 2399 4109 caritatis
2454 4042 2685 4127 spiritu
2738 4046 2803 4107 et
2846 4041 3109 4107 unitatis
3160 4042 3414 4109 vinculo
3462 4062 3599 4109 cum

654 4212 662 4219 ,
729 4147 987 4231 eisdem,
1045 4164 1259 4213 eorum
1319 4147 1702 4233 profectum,
1759 4149 1924 4213 sicut
1982 4148 2161 4213 decet
2201 4148 2370 4214 viros
2416 4147 2743 4231 religiosos
2758 4198 2781 4232 ,
2838 4148 3165 4235 proprium
3210 4154 3597 4235 reputantes,

727 4253 822 4323 ita
865 4254 1032 4339 quod
1072 4253 1244 4320 idem
1287 4254 1652 4340 imperator,
1699 4274 1842 4320 cum
1885 4254 2039 4320 illuc
2082 4254 2197 4321 de‘o
2242 4254 2434 4321 dante
2478 4255 2859 4341 pervenerit,
2903 4254 3249 4323 fraternam
3290 4258 3463 4323 inter
3490 4274 3599 4321 vos

727 4360 1012 4427 inveniat
1037 4361 1367 4444 unitatem,
1398 4362 1566 4445 quia,
1601 4362 1656 4426 si
1689 4360 1870 4427 aliter
1898 4361 2191 4427 faceretis
2202 4355 2245 4443 ⁸,
2277 4381 2405 4427 non
2434 4360 2637 4427 solum
2668 4361 3077 4447 apostolicam
3114 4366 3181 4429 et
3205 4362 3597 4449 imperialem

727 4466 1134 4533 incurreretis
1193 4465 1517 4552 offensam,
1580 4488 1798 4535 verum
1845 4468 2035 4535 etiam
2078 4468 2146 4533 in
2204 4467 2656 4535 detractionem
2699 4474 2977 4535 vestram
3022 4488 3137 4535 ora
3180 4469 3599 4555 quorumlibet

728 4574 1117 4640 audientium
1162 4573 1485 4641 laxaretis.
1555 4574 1794 4641 Datum
1820 4574 2033 4641 Verul.
2066 4595 2152 4640 xv
2178 4575 2305 4641 kal.
2340 4575 2492 4641 maii
2522 4573 2923 4661 pontificatus
2954 4576 3155 4644 nostri
3202 4594 3369 4643 anno
3398 4582 3593 4642 sexto.

941 4714 1063 4765 Sine
1088 4714 1234 4765 dato:
1271 4715 1334 4766 A.
1361 4714 1430 4765 20
1465 4732 1516 4766 n.
1539 4714 1607 4765 78
1640 4713 1820 4766 Latine
1845 4722 1898 4765 et
1924 4714 2224 4766 Germanice
2250 4730 2362 4765 cum
2385 4723 2531 4766 nota:
2566 4714 2659 4765 Dis
2685 4714 3003 4781 privilegium
3024 4714 3069 4766 is
3094 4732 3185 4765 scu
3206 4714 3595 4782 Mergintheyn.

727 4800 792 4853 D.
820 4800 915 4865 803
951 4802 1103 4855 R.73
1140 4802 1691 4869 Mergenthemensium
1713 4802 1799 4854 23.
1825 4831 1886 4842 —
1927 4804 2051 4854 Cum
2076 4802 2223 4854 dato:
2258 4802 2301 4864 Ι,
2328 4800 2397 4853 76
2411 4820 2485 4863 v.;
2520 4802 2589 4865 11,
2612 4803 2714 4853 114
2748 4821 2798 4854 n.
2819 4802 2906 4855 70.
2954 4802 3215 4869 originale
3251 4821 3363 4855 cum
3386 4804 3526 4855 bulla
3547 4804 3597 4854 in

727 4889 827 4941 filis
863 4892 1154 4943 cannabinis
1190 4892 1448 4959 pendente
1470 4892 1522 4942 in
1546 4892 1748 4943 archivo
1774 4892 1963 4943 ordinis
1987 4892 2285 4943 Theutonici
2308 4890 2705 4955 vindobonensi,
2745 4890 3013 4942 ediderunt
3036 4890 3103 4947 de
3126 4891 3245 4943 wal
3278 4892 3597 4943 nechea-chen

731 4978 773 5040 1,
790 4978 896 5029 375
921 4988 974 5030 et
996 4980 1206 5031 Hennes
1229 4980 1271 5043 Ι,
1291 4980 1362 5031 64
1388 4980 1536 5032 n.60.
1661 4980 1708 5031 1.
1745 4980 1807 5031 cf.
1836 4980 1900 5031 ad
1931 4998 1981 5030 n.
2001 4980 2125 5031 309.
2245 4981 2295 5034 2.
2336 4980 2466 5031 1221
2498 4980 2689 5033 ianuar.
2711 4980 2762 5031 9.
2796 4998 2850 5031 n.
2871 4980 2993 5031 308.
3118 4980 3170 5031 3.
3206 4980 3428 5031 faceritis
3439 4980 3595 5030 W.H.
