3892 5609
1423 318 1814 367 varnmu
1859 318 2253 367 cananum
3115 304 3155 386 2
3168 304 3265 377 85

397 482 615 543 autem
660 476 921 561 vestris,
983 476 1092 561 qui
1138 475 1354 545 domos
1400 476 1652 543 illorum
1699 477 2006 545 invadunt
2048 496 2161 565 per
2206 475 2571 543 violentiam
2619 476 2721 542 vel
2764 476 3117 559 infringunt
3163 480 3273 541 aut

393 582 700 651 indebitis
745 582 1048 650 molestiis
1093 584 1462 671 opprimunt
1503 585 1732 653 fratres
1777 586 1951 671 ipsos
1998 592 2061 651 et
2106 590 2238 651 tam
2276 585 2565 671 deposita
2612 604 2799 669 quam
2830 604 2933 649 res
2964 582 3273 669 diripiunt

397 690 764 774 eorundem,
807 710 947 757 cum
980 689 1206 757 exinde
1239 692 1691 775 querimoniam
1727 692 2135 779 deposuerint
2162 711 2371 759 coram
2404 692 2601 775 vobiS,
2632 696 2765 757 tam
2798 690 3147 757 districtam
3180 690 3269 756 eis

395 798 649 865 faciatis
695 799 999 865 iustitiam
1047 805 1112 867 et
1155 800 1246 865 ita
1289 800 1430 867 iura
1475 819 1689 867 eorum
1736 798 2071 869 defendere
2102 805 2166 867 et
2193 805 2601 865 manutenere
2634 798 2885 881 curetiS,
2935 796 3099 881 quod
3145 797 3272 883 ipsi

402 905 486 973 ad
529 925 644 971 nos
689 926 804 992 pro
847 906 1092 973 defectu
1134 906 1374 973 iustitie
1417 928 1566 994 sepe
1605 928 1930 975 recurrere
1972 927 2097 974 non
2130 912 2451 991 cogantur,
2498 906 2607 973 sed
2638 924 2753 971 nos
2786 904 3268 970 sollicitudinem

404 1018 470 1079 et
516 1012 934 1081 obedientiam
983 1018 1258 1081 vestram
1315 1013 1652 1083 debeamus
1708 1016 1932 1083 merito
1980 1014 2451 1097 commendare,
2515 1032 2749 1097 vosque
2806 1012 3268 1095 beneficiorum,

403 1138 526 1205 que
569 1120 636 1187 in
681 1126 900 1187 sancta
944 1119 1130 1187 domo
1175 1140 1388 1189 eorum
1437 1120 1613 1206 fiunt,
1659 1124 2005 1209 participes
2050 1122 2357 1189 existatis.
2436 1120 2732 1187 Preterea
2774 1120 3005 1187 liberas
3053 1125 3116 1185 et
3160 1118 3270 1185 ab·

400 1226 642 1293 solutas
684 1248 1008 1315 personas,
1063 1248 1182 1314 que
1228 1250 1296 1295 se
1341 1229 1555 1296 domui
1601 1250 1818 1295 eorum
1859 1231 1925 1295 in
1974 1230 2243 1297 sanitate
2288 1228 2389 1295 vel
2432 1227 2799 1295 infirmitate
2840 1226 3267 1309 reddiderunt,

397 1332 598 1401 libere
644 1354 718 1402 ac
763 1334 900 1403 sine
952 1335 1243 1403 molestia
1285 1336 1484 1422 recipi
1541 1336 1924 1422 permittatis
1982 1336 2062 1403 ab
2111 1337 2233 1420 eis,
2290 1356 2407 1403 nec
2464 1336 2637 1422 ipsos
2695 1355 2884 1421 super
2938 1334 3056 1401 hoc
3110 1338 3269 1399 tem-

397 1442 594 1527 ptetis
641 1442 1034 1528 aliquatenus
1078 1443 1405 1530 impedire.
1477 1443 1640 1510 Illud
1687 1450 1896 1510 autem
1945 1464 2073 1510 non
2115 1443 2515 1511 mediocriter
2558 1448 2771 1509 movet
2812 1462 2927 1507 nos
2972 1460 3091 1507 nec
3134 1460 3269 1507 mo-

399 1548 614 1615 dicum
644 1550 1064 1617 ecclesiastice
1093 1550 1354 1633 derogat
1381 1550 1716 1635 honestati,
1753 1551 1914 1636 quod
1952 1549 2204 1636 quidam
2245 1556 2524 1617 vestrum
2558 1556 2779 1619 contra
2806 1549 3266 1615 institutionem

399 1662 762 1723 sanctorum
806 1663 1060 1743 patrum
1104 1658 1169 1723 in
1217 1658 1564 1725 Turonensi
1597 1658 1859 1725 concilio
1891 1658 2127 1725 editam
2156 1658 2427 1724 fratrum
2466 1658 2750 1743 ipsorum
2792 1676 3077 1743 corpora,
3124 1676 3268 1722 cum

399 1762 740 1848 decedunt,
798 1764 1022 1830 nolunt
1076 1765 1211 1833 sine
1255 1766 1460 1853 pretio
1507 1764 1804 1851 sepelire;
1862 1765 2059 1848 unde,
2118 1766 2265 1851 quia
2319 1771 2451 1831 tam
2494 1784 2697 1851 prava
2751 1764 2993 1830 exactio
3041 1768 3104 1829 et
3144 1763 3267 1829 ini-

401 1889 528 1954 qua
569 1891 698 1937 non
743 1877 841 1938 est
869 1872 1264 1957 aliquatenus
1308 1872 1679 1955 tolleranda,
1726 1872 1791 1938 in
1840 1872 2192 1939 obedientie
2238 1872 2417 1939 vobis
2463 1873 2695 1938 virtute
2746 1870 3149 1957 precipimuS,
3196 1876 3268 1935 ut

399 1977 576 2043 nullo
621 1977 808 2045 modo
853 1999 892 2045 a
934 1978 1236 2047 fratribus
1280 1978 1438 2065 ipsis
1484 1979 1586 2045 vel
1631 1980 1770 2045 aliis
1817 2000 1930 2065 pro
1980 1978 2303 2065 sepultura
2348 1978 2690 2065 quidquam
2734 1980 2985 2061 exigere
3024 1978 3124 2043 vel
3164 1997 3267 2045 ao-

401 2086 643 2172 cipere,
712 2084 838 2153 nisi
895 2086 1062 2171 quod
1129 2091 1478 2172 spontanea
1539 2086 1973 2153 decedentium
2042 2087 2387 2155 liberalitas
2446 2086 2545 2152 vel
2613 2092 2946 2172 parentum
3014 2085 3264 2151 devotio

399 2193 584 2260 vobis
627 2192 994 2277 contulerit,
1053 2176 1476 2279 attemptetiS,
1537 2193 1648 2261 sed
1703 2192 1938 2278 absque
1984 2194 2111 2260 ullo
2170 2194 2373 2279 pretio
2420 2192 2739 2279 sepeliatis
2784 2212 3047 2280 corpora
3098 2212 3265 2259 mor-

399 2305 689 2384 tuorum,
738 2305 821 2384 et,
870 2301 926 2367 si
972 2301 1110 2386 quis
1155 2300 1274 2367 hoc
1316 2299 1581 2367 ulterius
1628 2302 2127 2388 attemptaverit,
2176 2301 2386 2367 taliter
2432 2300 2948 2367 animadvertatis
2990 2301 3057 2365 in
3099 2320 3264 2383 eum,

401 2408 571 2493 quod
616 2408 886 2494 amplius
933 2408 1164 2473 similia
1208 2428 1335 2474 non
1379 2414 1720 2494 presumat.
1789 2407 1892 2474 Ad
1921 2408 2039 2475 hec
2069 2408 2457 2495 presentium
2496 2408 2673 2474 vobis
2721 2409 3092 2474 auctoritate
3120 2428 3265 2493 pre-

400 2516 705 2601 cipimus,
749 2536 830 2582 ne
876 2514 955 2581 ab
1001 2515 1090 2581 eis
1137 2521 1356 2583 contra
1402 2536 1511 2599 ea,
1571 2536 1690 2601 que
1736 2515 2037 2605 fratribus
2092 2516 2251 2603 ipsis
2296 2514 2693 2599 indulsimus,
2739 2516 2817 2581 de
2860 2514 3263 2581 nutrimentis

399 2622 768 2689 animalium
815 2642 1094 2706 suorum,
1140 2622 1274 2689 sive
1316 2622 1392 2689 de
1436 2623 1594 2711 ipsis
1627 2621 2002 2689 animalibus
2034 2624 2309 2690 decimas
2356 2623 2607 2705 exigere
2649 2622 3047 2709 presumatis.
3105 2620 3263 2686 Cum

402 2735 612 2796 autem
671 2730 948 2796 oratoria
988 2729 1090 2795 vel
1146 2730 1456 2796 cimiteria
1510 2730 1850 2796 secundum
1907 2730 2076 2815 quod
2136 2731 2225 2797 eis
2281 2730 2701 2797 concessimus
2763 2729 3058 2794 duxerint
3116 2747 3263 2794 con-

401 2836 721 2921 struenda,
769 2857 901 2923 vOS,
947 2837 1175 2903 fratres
1224 2838 1677 2923 archiepiscopi
1709 2842 1772 2903 et
1803 2838 2105 2924 episcopi,
2162 2838 2252 2905 eis
2296 2857 2414 2924 pro
2462 2857 2529 2903 se
2575 2856 2649 2902 ac
2690 2836 2936 2901 familia
2980 2856 3096 2900 sua
3124 2840 3263 2901 tan-

399 2948 536 3010 tum
602 2944 876 3011 oratoria
930 2943 1218 3011 dedicare
1275 2963 1350 3009 ac
1394 2945 1703 3011 cimiteria
1746 2943 2113 3011 benedicere
2157 2945 2503 3031 procuretis
2548 2964 2665 3010 nec
2711 2944 2937 3029 aliquis
2984 2949 3263 3009 vestrum

399 3057 621 3117 contra
664 3052 1128 3119 concessionem
1175 3057 1456 3117 nostram
1500 3051 1567 3117 id
1610 3052 1920 3138 impedire
1966 3052 2191 3117 audeat
2238 3051 2631 3135 aliquatenus
2676 3050 2774 3116 vel
2822 3050 3095 3119 turbare.
3166 3050 3265 3117 De

400 3162 607 3224 cetero
648 3159 877 3225 fratres
917 3158 1246 3246 hospitalis
1277 3180 1327 3225 s.
1359 3158 1561 3225 Marie
1591 3158 2114 3225 Theotonicorum
2157 3159 2221 3223 in
2252 3159 2478 3225 vestris
2524 3156 2989 3244 episcopatibus
3032 3158 3264 3223 consti·
3350 3194 3357 3221 ι

397 3272 591 3349 tutoS,
641 3267 749 3351 qui
793 3286 1039 3333 crucem
1087 3272 1150 3332 et
1189 3285 1371 3332 suum
1401 3265 1683 3333 habitum
1714 3266 2096 3351 deponentes
2127 3286 2240 3352 per
2268 3264 2593 3331 illecebras
2626 3264 2819 3330 seculi
2861 3269 2925 3329 et
2964 3264 3263 3330 vitiorum

401 3373 670 3459 abrupta
713 3379 1052 3458 vagantur,
1100 3378 1164 3439 et
1216 3373 1356 3440 illos
1414 3373 1636 3456 etiam,
1696 3374 1803 3457 qui
1859 3372 2175 3459 prioribus
2233 3372 2363 3437 suis
2424 3377 2820 3438 contumaces
2880 3377 2944 3437 et
2999 3369 3263 3438 rebelles

402 3481 712 3563 existunt,
759 3486 823 3546 et
865 3480 1108 3547 balivas
1153 3481 1436 3547 detinent
1479 3486 1698 3546 contra
1743 3479 2095 3546 voluntates
2140 3480 2444 3565 ipsorum,
2490 3479 2799 3545 moneatis
2842 3478 3154 3545 instanter
3200 3484 3264 3545 et

398 3608 516 3674 pro
561 3587 756 3655 vestri
800 3586 988 3653 officii
1024 3587 1234 3655 debito
1265 3588 1676 3674 compellatis,
1725 3594 1796 3653 ut
1839 3586 2126 3653 habitum
2170 3586 2523 3673 depositum
2570 3591 2957 3652 resumentes
3000 3586 3067 3651 in
3116 3586 3261 3653 obe-

399 3694 639 3761 dientia
693 3695 1080 3781 prelatorum
1134 3714 1386 3760 suorum
1446 3694 1667 3761 devote
1727 3714 1800 3761 ac
1855 3694 2179 3760 humiliter
2244 3698 2650 3781 perseverent
2702 3698 2766 3759 et
2820 3693 3059 3759 balivas
3128 3694 3261 3760 sive

401 3802 528 3868 alia
573 3800 780 3869 officia
823 3822 937 3888 per
981 3801 1344 3867 violentiam
1390 3802 1670 3868 detinere
1713 3800 1887 3867 nullo
1931 3801 2119 3867 modo
2162 3806 2549 3888 presumant.
2620 3800 3007 3885 Quicumque
3052 3806 3260 3868 autem

398 3910 842 3975 mandatorum
872 3914 1231 3975 nostrorum
1262 3907 1588 3975 extiterint
1609 3914 2091 3995 contemptores,
2117 3908 2783 3975 excommunicationis
2813 3927 2919 3973 eos
2949 3909 3263 3974 sententia

397 4016 776 4103 percellatis,
822 4038 1012 4103 quam
1055 4017 1302 4083 faciatis
1346 4035 1545 4099 usque
1591 4016 1672 4081 ad
1715 4016 2211 4083 satisfactionem
2256 4016 2629 4099 condignam
2674 4014 3121 4081 inviolabiliter
3152 4016 3260 4083 ob·

397 4125 657 4191 servari.
733 4122 1050 4208 Preterea,
1097 4124 1468 4210 quicumque
1514 4121 1591 4189 de
1635 4123 2039 4191 facultatibus
2088 4124 2208 4190 sibi
2248 4123 2493 4189 collatis
2538 4143 2579 4188 a
2622 4122 2737 4189 deo
2783 4122 3082 4190 fratribus
3114 4122 3261 4189 sub-

399 4231 642 4297 venerit
686 4251 835 4317 sepe
880 4231 1063 4297 dictis
1098 4230 1256 4298 etin
1288 4250 1504 4297 eorum
1536 4236 1756 4297 sancta
1799 4232 2196 4298 fraternitate
2242 4232 2537 4297 statuerit
2580 4250 2649 4297 se
2694 4229 2995 4313 collegam
3044 4230 3259 4315 eisque

397 4335 700 4403 beneficia
730 4338 1102 4423 persolverit
1132 4338 1478 4421 annuatim,
1526 4338 1586 4405 ei
1614 4337 1694 4405 de
1724 4338 2047 4405 beatorum
2083 4338 2508 4425 apostolorum
2538 4336 2713 4403 Petri
2744 4342 2807 4403 et
2834 4336 3017 4403 Pauli
3046 4343 3259 4403 aucto-

393 4445 586 4511 ritate
630 4443 847 4511 confisi
891 4446 1224 4532 septimam
1275 4450 1517 4531 partem
1561 4446 1840 4513 iniuncta
1887 4446 2229 4532 penitentie
2264 4445 2637 4539 relaxamus.
2706 4444 3076 4531 Apostolica
3106 4466 3257 4530 quo-

249 4552 262 4573 ¹
394 4572 519 4637 que
565 4553 937 4620 auctoritate
982 4553 1062 4619 ob
1105 4554 1523 4619 reverentiam
1567 4552 1767 4639 ipsius
1813 4552 2189 4620 venerabilis
2235 4550 2457 4619 domus
2502 4553 2857 4635 statuimus,
2905 4557 2976 4617 ut
3004 4552 3106 4635 iis,
3151 4552 3257 4636 qui

395 4679 614 4725 eorum
657 4660 1115 4727 fraternitatem
1163 4660 1638 4745 assumpserint,
1685 4660 1741 4726 si
1787 4660 2003 4727 forsan
2052 4659 2331 4744 ecclesie,
2382 4660 2462 4726 ad
2507 4680 2662 4745 quas
2707 4660 3047 4746 pertinent,
3094 4678 3132 4725 a
3163 4659 3258 4725 di·

395 4766 560 4833 vinis
607 4766 842 4833 fuerint
883 4766 1104 4833 officiis
1149 4766 1482 4834 interdicte
1525 4768 1821 4853 ipsosque
1865 4767 2031 4834 mori
2070 4766 2424 4851 contigerit,
2472 4766 2797 4853 sepultura
2838 4766 3259 4835 ecclesiastica

395 4892 524 4940 non
567 4879 862 4959 negetur,
914 4874 1040 4940 nisi
1098 4874 1620 4941 excommunicati
1675 4874 1777 4941 vel
1833 4876 2211 4941 nominatim
2266 4874 2501 4941 fuerint
2544 4874 2881 4943 interdicti.
2952 4874 3255 4941 Volumus

395 4986 640 5066 autem,
695 4986 767 5049 ut
808 4982 999 5049 liceat
1043 4981 1134 5049 eis
1179 4982 1526 5049 confratres
1573 5002 1718 5049 suos
1732 5030 1752 5067 ,
1814 5003 1971 5067 quos
2026 4982 2431 5049 ecclesiarum
2476 4980 2707 5069 prelati
2750 4982 2917 5085 apud
2963 4981 3256 5049 ecclesias
