3892 5609
731 338 884 429 22‘4
1511 333 1538 423 s
1705 368 2009 417 1111100111.
2079 366 2267 417 nova
2311 368 2629 417 1101101111

730 525 907 596 224.
947 526 1132 594 1517
1175 529 1396 593 martii
1421 526 1509 593 10
1544 526 1920 596 Moscoviae.
1990 528 2301 609 Basilius,
2352 529 2538 593 totius
2572 527 2843 593 Russiae
2886 528 3251 612 imperator,
3301 546 3443 591 eum
3470 524 3589 589 Az-

953 634 1146 715 hmo,
1195 635 1438 699 ordinis
1469 632 1842 699 Theutonici
1879 638 2184 721 maqistro
2226 634 2530 721 qenerali,
2560 634 2800 719 foedus
2827 635 2953 699 init
2980 645 3200 699 contra
3231 630 3589 718 Sn'qismun-

951 742 1122 823 dum,
1171 740 1484 805 Poloniae
1525 762 1751 827 reqem.

953 862 1078 930 Per
1120 864 1222 929 dei
1269 862 1656 930 voluntatem
1701 869 1766 930 et
1809 882 1922 951 per
1966 864 2181 948 magni
2228 864 2464 931 domini
2510 862 2787 947 graciam
2831 881 2945 928 nos
2991 881 3257 945 magnus
3304 860 3593 927 dominus

725 969 1024 1055 Basilius,
1072 970 1174 1036 dei
1217 971 1434 1053 gracia
1474 969 1822 1056 imperator
1865 990 1941 1037 ac
1984 970 2341 1045 dominator
2384 969 2587 1037 tocius
2619 968 2844 1036 Russic
2889 973 2953 1035 et
2996 988 3263 1053 magnus
3309 967 3441 1063 dux
3471 966 3595 1033 Vo-

725 1077 1075 1161 lodimerie,
1121 1074 1456 1159 Moscovie‚
1502 1075 1919 1159 Novogradie,
1967 1076 2310 1161 Plescovie,
2344 1074 2724 1160 Smolenski,
2756 1075 2984 1160 Tferie,
3018 1074 3286 1160 Iugorie‚
3324 1072 3593 1157 Per-mie,

723 1181 1038 1269 Wetchie,
1083 1182 1376 1267 Bolgarie
1421 1188 1536 1249 etc.
1584 1182 1944 1250 dominator
1990 1203 2065 1251 ac
2106 1203 2373 1267 magnus
2418 1182 2577 1267 dux,
2622 1181 3018 1267 Novogradie
3062 1181 3382 1248 inferioris
3428 1184 3591 1247 terre

726 1295 792 1358 et
834 1289 1267 1373 Tzernigovie,
1312 1288 1605 1373 Rezanie‚
1652 1288 1964 1356 Volotskii
2011 1295 2075 1356 et
2120 1290 2323 1372 Sevie,
2380 1288 2654 1373 Belevie,
2706 1287 3022 1371 Rostovie,
3066 1286 3433 1371 Iaroslavie,
3476 1285 3595 1353 Be-

722 1396 978 1480 lozerie,
1024 1394 1278 1478 Udorie,
1327 1394 1601 1462 Obdorie
1630 1395 2075 1480 Condonieque
2114 1402 2255 1481 etc.,
2305 1394 2592 1463 dedimus
2636 1392 2799 1461 hanc
2842 1399 3127 1461 nostram
3168 1394 3453 1461 litteram
3480 1392 3593 1459 Al-

725 1503 924 1587 berto,
973 1502 1210 1569 ordinis
1242 1500 1763 1569 Theotonicorum
1809 1502 2091 1586 generali
2132 1503 2435 1585 magistro
2476 1502 2753 1589 Pruscie,
2800 1499 3237 1586 marchgrabio
3267 1498 3594 1567 Branden-

727 1609 1066 1693 borgiensi,
1115 1607 1504 1693 Statiniensi,
1551 1608 1959 1693 Pomeriensi,
2006 1608 2409 1675 Cassubiensi
2455 1615 2519 1676 et
2540 1609 2962 1676 Vendeniensi
3003 1607 3169 1691 duci,
3214 1607 3595 1692 burggravio

727 1715 1179 1799 Nurbergiensi
1221 1716 1619 1801 principique
1647 1715 2026 1800 Rugenensi,
2071 1735 2262 1801 super
2290 1714 2428 1801 hoc,
2475 1716 2623 1800 quia
2666 1715 2841 1781 misit
2884 1716 2966 1783 ad
3008 1735 3123 1781 nos
3152 1733 3301 1781 suos
3330 1714 3594 1780 nuncios

727 1842 844 1888 nos
890 1842 1114 1905 rogare
1157 1826 1526 1907 propterea,
1553 1844 1558 1849 ·
1589 1823 1883 1906 quatinus
1928 1842 2043 1887 nos
2089 1821 2391 1889 vellemus
2436 1823 2559 1890 sibi
2601 1824 2877 1906 graciam
2936 1826 3221 1908 prestare
3272 1826 3341 1887 et
3380 1820 3595 1887 fovere

729 1948 802 1995 ac
832 1933 1054 1995 contra
1081 1932 1369 1994 nostrum
1397 1928 1746 2012 inimicum,
1792 1948 2006 2011 regem
2037 1927 2316 2013 Polonie‚
2362 1930 2427 1994 in
2464 1914 2716 1997 ’unitate
2758 1930 2968 2015 ipsum
3010 1928 3339 1995 nobiscum
3384 1927 3595 1994 facere

729 2040 918 2120 atque
962 2030 1169 2101 tuere¹
1217 2053 1359 2101 eum
1416 2040 1482 2101 et
1533 2034 1733 2120 ipsius
1793 2038 1997 2101 terras
2044 2056 2085 2101 a
2125 2040 2341 2102 nostro
2398 2036 2685 2121 inimico,
2743 2056 2889 2119 rege
2932 2034 3193 2101 Polonie
3246 2054 3322 2101 ac
3362 2054 3596 2118 magno

728 2141 886 2209 duce
916 2140 1247 2207 Litwanie.
1317 2140 1448 2206 Nos
1495 2144 1704 2207 autem
1751 2160 2017 2223 magnus
2061 2142 2352 2208 dominus
2382 2140 2678 2226 Basilius,
2724 2142 2827 2208 dei
2870 2142 3087 2225 gracia
3127 2141 3477 2228 imperator
3520 2161 3598 2208 ac

727 2247 1084 2315 dominator
1127 2246 1328 2313 tocius
1374 2246 1627 2332 Russie,
1687 2251 1752 2313 01
1793 2267 2062 2331 magnus
2108 2248 2237 2314 dux
2281 2248 2577 2333 Alberto,
2632 2248 2871 2316 ordinis
2917 2248 3443 2315 Theotonicorum
3486 2268 3599 2331 ge-

727 2353 929 2420 nerali
973 2353 1299 2437 magistro,
1342 2353 1623 2436 graciam
1669 2359 1952 2419 nostram
1997 2354 2257 2421 fecimus
2302 2360 2523 2421 contra
2566 2355 2755 2421 istum
2802 2360 3088 2421 nostrum
3134 2354 3461 2429 inimicum
3494 2353 3597 2420 Si·

728 2459 1130 2543 gismundum
1151 2509 1170 2544 ,
1215 2478 1428 2543 regem
1471 2458 1764 2543 Polonie,
1811 2460 1878 2525 in
1921 2462 2165 2527 unitate
2210 2462 2423 2547 ipsum
2464 2461 2793 2527 nobiscum
2836 2460 3267 2528 ordinavimus
3283 2510 3303 2545 ,
3357 2480 3473 2547 pro
3516 2480 3595 2526 eo

730 2572 797 2633 et
849 2586 965 2653 pro
1011 2571 1186 2631 terra
1226 2565 1429 2652 ipsius
1473 2564 1762 2631 volumus
1809 2572 1978 2633 stare
2039 2571 2104 2633 01
2160 2566 2495 2633 defendere
2548 2587 2689 2633 eum
2748 2572 2813 2635 01
2865 2572 3067 2634 terras
3124 2567 3261 2634 eius
3305 2566 3594 2633 volumus

729 2672 810 2739 ab
853 2672 1110 2738 inimico
1157 2676 1394 2755 nostro,
1441 2692 1588 2756 rege
1618 2670 1873 2739 Polonie
1915 2677 1979 2738 et
2006 2692 2235 2757 magno
2268 2674 2425 2740 duce
2453 2672 2782 2757 Litwanie,
2829 2694 2905 2739 ac
2946 2675 3165 2741 iuvare
3208 2673 3331 2741 sibi
3376 2680 3599 2744 contra

728 2779 924 2845 istum
968 2799 1152 2845 suum
1197 2778 1545 2863 inimicum,
1592 2784 1896 2863 quantum
1935 2778 2117 2846 nobis
2149 2779 2301 2847 deus
2346 2780 2589 2847 iuvabit
2600 2776 2642 2845 ².
2714 2780 2975 2859 Quando
3020 2786 3227 2849 autem
3276 2800 3413 2864 nos,
3456 2800 3595 2846 ma—

727 2904 890 2969 gnus
941 2884 1234 2951 dominus
1277 2884 1582 2969 Basilina,
1641 2885 1744 2952 dei
1797 2885 2013 2969 gracia
2065 2887 2412 2972 imperator
2468 2906 2541 2953 ac
2596 2886 2951 2952 dominator
3004 2888 3207 2954 tocius
3251 2886 3477 2954 Russie
3534 2894 3599 2954 01

729 3012 995 3075 magnus
1042 2991 1170 3057 dux
1184 3040 1202 3076 ,
1264 2991 1680 3077 personaliter
1723 3012 1955 3077 equum
2001 2992 2410 3060 ascendemus
2463 2997 2528 3059 01
2568 2992 2801 3059 ibimus
2846 2998 3068 3061 contra
3107 2993 3436 3061 inimicum
3480 3014 3597 3060 no·

730 3103 929 3165 strum
945 3148 964 3183 ,
1020 3118 1230 3181 regem
1276 3096 1536 3164 Polonie
1593 3102 1657 3165 et
1711 3118 2009 3182 magnum
2070 3098 2291 3165 ducem
2336 3097 2677 3184 Litwanie,
2734 3104 2843 3166 aut
2897 3100 3234 3187 principes⁸
3275 3120 3351 3167 ac
3404 3100 3595 3167 duces

728 3210 978 3271 nostros
1024 3224 1166 3270 cum
1187 3258 1192 3262 .
1213 3204 1504 3290 potencia
1547 3208 1766 3270 1100110
1807 3204 1876 3270 in
1921 3205 2122 3291 ipsius
2166 3211 2401 3271 terram
2444 3205 2858 3289 mitteremus,
2903 3204 3168 3273 Alberto
3212 3212 3445 3289 autem,
3494 3226 3594 3272 or-

729 3311 895 3379 dinis
927 3310 1450 3377 Theotonicorum
1482 3311 1759 3394 generali
1791 3311 2115 3395 magistrO,
2163 3311 2629 3393 nunciabimus;
2675 3317 2831 3379 tune
2867 3313 3005 3399 ipse
3035 3334 3175 3379 cum
3210 3314 3343 3379 suis
3374 3314 3595 3379 amicis

731 3436 806 3484 ac
865 3436 1008 3483 cum
1062 3421 1198 3482 tota
1253 3436 1368 3483 sua
1423 3418 1712 3502 potencia
1769 3418 1836 3482 in
1893 3419 2097 3483 nostri
2148 3418 2423 3501 inimici,
2480 3418 2648 3501 regis
2702 3417 2963 3487 Polonie
3016 3438 3091 3485 ac
3142 3422 3364 3505 magni
3418 3420 3595 3487 ducis

727 3523 1068 3608 Litwanie,
1127 3527 1396 3608 terram,
1454 3543 1646 3610 quam
1701 3524 2015 3609 possidet,
2074 3524 2263 3591 etiam
2308 3524 2551 3591 debetis
2596 3525 2691 3591 ire
2743 3530 2808 3590 et
2852 3544 3037 3609 agere
3080 3524 3261 3591 illum
3306 3532 3591 3593 nostrum

731 3635 942 3697 actum
987 3649 1130 3697 cum
1174 3630 1297 3696 isto
1341 3634 1558 3696 nostro
1602 3629 1879 3713 inimico,
1933 3650 2081 3712 rege
2126 3629 2404 3716 Polonie,
2451 3650 2581 3696 una
2625 3650 2768 3697 cum
2814 3632 3047 3698 nostris
3092 3632 3487 3719 principibus
3532 3638 3595 3700 et

729 3736 993 3803 ducibus
1035 3737 1103 3801 in
1146 3736 1258 3802 illa
1301 3736 1727 3821 expedicione.
1808 3734 1924 3820 Et,
1984 3737 2039 3801 si
2082 3742 2252 3803 00001
2294 3736 2507 3823 aliqua
2550 3756 2741 3805 causa
2783 3738 2961 3804 vobis
3004 3737 3300 3823 Albcrto,
3356 3738 3593 3806 ordinis

729 3842 1252 3910 Theotonicorum
1297 3842 1574 3926 generali
1623 3844 1956 3926 magistro,
2012 3862 2157 3909 cum
2202 3842 2311 3909 illo
2358 3847 2573 3910 nostro
2616 3844 2903 3927 inimico,
2960 3842 3395 3930 sigismundo,
3449 3866 3593 3931 rege

728 3948 988 4016 Polonie
1032 3952 1097 4016 et
1139 3968 1368 4033 magno
1414 3950 1572 4036 duce
1598 3948 1930 4033 Litwanie,
1976 3949 2273 4035 ibitisque
2318 3955 2539 4017 contra
2580 3950 2791 4036 ipsum
2836 3950 3257 4037 personaliter
3298 3972 3445 4019 cum
3490 3972 3593 4019 ve-

730 4058 881 4123 stris
925 4056 1147 4123 amicis
1192 4076 1266 4123 ac
1309 4076 1452 4123 cum
1497 4060 1633 4123 1010
1675 4061 1888 4121 vestra
1929 4057 2225 4141 potencia
2276 4062 2339 4123 et
2380 4056 2717 4123 mitteretis
2764 4055 2843 4121 ad
2889 4075 3002 4123 nos
3046 4077 3345 4141 magnum
3394 4060 3591 4126 domi-

729 4182 882 4229 num
928 4182 1042 4231 nos
1087 4162 1398 4247 rogando,
1455 4167 1606 4229 tunc
1658 4181 1774 4227 nos
1828 4182 2095 4246 magnus
2142 4164 2433 4230 dominus
2475 4162 2777 4248 Basilius,
2836 4163 2938 4229 dei
2990 4165 3207 4247 gracia
3248 4166 3593 4251 imperator

731 4287 806 4335 ac
851 4268 1209 4335 dominator
1252 4269 1452 4335 tocius
1497 4258 1722 4337 Russie
1767 4274 1832 4336 et
1875 4290 2142 4353 magnus
2188 4270 2347 4354 duit,
2394 4269 2603 4353 vobiS‚
2660 4268 2940 4353 generali
2982 4270 3319 4356 magistro,
3374 4280 3592 4339 contra

728 4374 911 4441 illum
966 4380 1253 4441 nostrum
1309 4376 1634 4441 inimicum
1647 4426 1666 4461 ,
1730 4376 2239 4461 Sigismundum,
2306 4396 2519 4461 regem
2574 4376 2835 4445 Polonie
2894 4383 2957 4445 et
3012 4398 3313 4461 magnum
3370 4378 3589 4447 ducem

730 4479 1073 4565 Litwanie,
1128 4480 1417 4548 volumus
1473 4483 1690 4549 iuvare
1735 4504 1848 4551 vos
1906 4490 1971 4551 et
2026 4488 2263 4551 terram
2308 4489 2585 4550 vestram
2628 4484 2991 4567 defendere,
3050 4489 3356 4569 quantum
3411 4485 3587 4553 nobis

730 4586 884 4655 deus
930 4587 1274 4672 adiuvabit,
1318 4588 1634 4675 principes
1681 4594 1746 4655 01
1777 4589 1965 4657 duces
2012 4596 2261 4657 nostros
2306 4592 2373 4655 in
2415 4589 2617 4676 ipsius
2660 4594 2895 4656 terram
2926 4590 3321 4657 mitteremus
3366 4596 3433 4657 01
3473 4592 3587 4657 ini-

731 4694 1044 4761 miciciam
1088 4699 1372 4759 nostram
1415 4695 1549 4777 regi
1577 4694 1838 4763 Polonie
1878 4696 2322 4763 mandaremus
2364 4696 2593 4779 facere,
2640 4702 2943 4780 quantum
2988 4697 3171 4764 nobis
3216 4697 3371 4763 deus
3416 4698 3587 4763 adiu·

731 4799 924 4867 vabit.
994 4798 1120 4865 Vos
1169 4804 1378 4866 autem
1423 4799 1746 4885 Albertus,
1793 4801 2031 4868 ordinis
2077 4801 2598 4868 Theotonicorum
2643 4802 2955 4887 generalis
2998 4804 3320 4887 magister,
3374 4808 3587 4869 contra

730 4905 927 4973 istum
967 4912 1253 4972 nostrum
1299 4906 1657 4991 inimicum,
1714 4927 1928 4991 regem
1973 4906 2262 4993 Polonie,
2317 4907 2555 4975 debetis
2602 4914 2771 4975 stare
2810 4910 3079 4977 firmiter
3124 4914 3189 4976 et
3233 4913 3588 4977 constanter

731 5017 798 5080 et
841 5010 1082 5079 debetis
1127 5032 1266 5079 esse
1309 5016 1531 5080 contra
1583 5014 1774 5081 istum
1831 5020 2117 5081 nostrum
2179 5014 2506 5082 inimicum
2561 5016 2630 5083 in
2684 5016 2797 5083 illa
2850 5015 3257 5104 expedicione
3310 5037 3436 5084 una
3477 5036 3585 5082 no-
