3892 5609
773 338 923 409 416
1749 347 2172 398 Pou‘rmcuu
2216 347 2659 397 nomuoutm

771 507 1051 592 indulsit,
1095 527 1178 574 ne
1222 506 1362 591 quis
1395 506 1570 573 vobis
1616 511 1726 572 aut
1769 506 2047 574 ecclesiis
2078 508 2305 575 vestris
2347 528 2465 594 pro
2497 507 2905 592 repat-acione
2937 525 3282 589 murorum,
3332 507 3625 591 poncium

772 620 836 681 et
875 613 1185 681 vallorum
1239 633 1352 680 seu
1409 633 1524 700 pro
1582 613 1965 698 quibuslibet
2019 597 2286 702 publicis
2339 614 2763 682 functionibus
2817 612 3058 699 aliquas
3104 613 3472 680 exactiones
3516 613 3628 678 im-

769 726 965 809 ponat
1019 740 1135 789 nec
1190 719 1378 787 alicui
1433 719 1622 788 liceat
1664 721 1793 787 vim
1839 725 1904 787 et
1943 721 2303 790 libertatem
2348 741 2561 788 eorum
2574 771 2593 806 ,
2652 741 2773 806 que
2816 721 3223 808 predecessor
3266 721 3409 806 ipse
3456 716 3628 785 vobis

769 834 834 897 et
900 829 1113 896 domui
1158 833 1364 896 vestre
1419 827 1711 912 indulsit,
1768 848 1882 915 per
1937 828 2184 895 litteras
2242 828 2485 914 aliquas
2544 829 2789 896 auferre
2842 827 2943 895 vel
2998 828 3359 894 temeritate
3420 826 3631 912 aliqua

770 955 1055 1002 vacuare.
1145 933 1277 1002 Nos
1331 935 1544 1020 itaque
1594 935 1822 1001 vestris
1883 934 2451 1022 supplicacionibus
2496 935 2781 1002 inclinati
2826 935 3166 1022 premissa,
3227 934 3419 1001 sicuti
3466 933 3629 998 idem

768 1044 1172 1131 predecessor
1215 1042 1392 1109 vobis
1449 1062 1564 1128 per
1608 1041 1967 1109 huiusmodi
2022 1043 2269 1110 litteras
2325 1063 2470 1113 suas
2526 1042 2819 1126 indulsit,
2874 1044 2967 1108 sic
3020 1047 3085 1109 et
3139 1061 3256 1107 nos
3301 1039 3629 1106 devocioni

767 1153 976 1216 vestre
1021 1150 1391 1215 auctoritate
1436 1149 1829 1237 presencium
1874 1149 2289 1234 indulgemus.
2358 1149 2533 1216 Nulli
2577 1169 2724 1234 ergo
2770 1151 3024 1217 omnino
3069 1148 3395 1214 hominum
3444 1145 3633 1212 liceat

767 1254 928 1322 hane
981 1255 1280 1342 paginam
1334 1261 1550 1323 nostre
1605 1257 2022 1324 concessionis
2077 1257 2419 1342 infringere
2463 1256 2562 1323 vel
2608 1256 2668 1325 ei
2712 1277 2870 1323 ausu
2914 1257 3247 1323 temerario
3292 1254 3627 1322 contraire.

770 1360 837 1428 Si
896 1361 1036 1447 quis
1093 1368 1304 1429 autem
1356 1363 1474 1430 hoc
1520 1368 1895 1451 attemptare
1919 1365 2424 1451 presumpserit,
2480 1365 2985 1448 indignacionem
3030 1361 3488 1448 omnipotenh‘s
3534 1359 3629 1424 dei

768 1475 832 1536 et
885 1468 1208 1535 beatorum
1253 1467 1426 1536 Petri
1483 1476 1548 1538 et
1589 1469 1770 1538 Pauli
1827 1471 2251 1557 apostolorum
2311 1472 2446 1539 eius
2489 1493 2559 1538 se
2602 1467 2851 1539 noverit
2893 1472 3311 1538 incursurum.
3390 1467 3627 1534 Datum

769 1575 936 1663 apud
981 1574 1214 1643 Urbem
1245 1575 1536 1644 Veterem
1582 1599 1626 1644 x
1669 1578 1798 1645 kal.
1832 1579 2206 1666 septembris
2252 1577 2653 1666 pontificatus
2700 1577 2903 1646 nostri
2948 1596 3111 1644 anno
3154 1576 3373 1643 tersio.

981 1715 1104 1767 Cum
1139 1717 1282 1769 dato:
1331 1717 1422 1781 IV,
1446 1717 1568 1770 218.
1604 1748 1665 1758 -
1704 1719 1826 1771 Sine
1861 1719 2006 1772 dato:
2048 1721 2214 1788 „apud
2250 1721 2439 1773 Urbem
2471 1721 2737 1773 Veterem“
2779 1721 2844 1773 R.
2873 1719 2973 1771 158
3010 1727 3063 1770 et
3096 1717 3160 1769 A.
3184 1717 3247 1769 16
3284 1735 3336 1783 p.
3358 1715 3467 1767 103
3502 1715 3627 1766 inter

765 1803 1046 1857 Iunoensia.
1108 1805 1368 1872 Originale
1409 1807 1662 1874 quondam
1693 1807 1938 1862 Iuncense
1985 1827 2095 1862 cum
2139 1810 2279 1865 bulla
2322 1809 2374 1861 in
2421 1809 2520 1862 filis
2566 1810 2768 1863 sericeis
2813 1809 2977 1874 rubris
3024 1817 3079 1860 et
3118 1806 3267 1858 luteis
3308 1821 3547 1872 appensa
3578 1803 3625 1853 in

766 1893 968 1946 archivo
1003 1893 1192 1948 ordinis
1226 1895 1522 1949 'theutonici
1545 1897 1941 1952 vindobonensi.
2081 1900 2128 1951 1.
2161 1897 2426 1966 providere
2460 1899 2551 1952 IV.

775 2212 949 2285 634.
993 2216 1166 2284 Inter
1208 2218 1382 2286 1261
1429 2223 1658 2308 septbr.
1689 2223 1736 2287 4
1780 2233 1836 2287 et
1878 2221 2057 2289 1264
2100 2223 2287 2288 octbr.
2320 2223 2383 2288 2.
2466 2221 2753 2288 Urbanas
2792 2219 2903 2287 IV
2936 2222 3159 2306 repetit
3200 2217 3491 2284 Honon‘i
3518 2215 3631 2282 III

984 2347 1049 2391 n
1082 2325 1213 2392 351
1262 2327 1339 2392 de
1384 2327 1555 2394 1221
1585 2329 1760 2414 febr.
1793 2329 1854 2394 5.

988 2464 1280 2533 Urbanus
1327 2471 1442 2535 etc.
1491 2469 1792 2553 magistro
1838 2474 1903 2536 et
1946 2469 2246 2538 fratribus
2292 2476 2407 2537 etc.
2586 2467 2777 2537 Iustis
2806 2467 3155 2556 petentium
3200 2502 3283 2514 —
3330 2484 3619 2532 vacuare.

764 2569 935 2638 Nulli
981 2591 1129 2658 ergo
1176 2578 1292 2642 etc.
1365 2573 1434 2642 Si
1481 2576 1621 2662 quis
1665 2580 1781 2644 etc.
1850 2575 2085 2644 Datum
2132 2583 2247 2646 etc.

975 2713 1097 2766 Sine
1133 2713 1280 2766 dato:
1315 2714 1380 2766 A.
1405 2714 1470 2766 16
1504 2732 1556 2782 p.
1579 2714 1680 2768 103
1721 2716 1969 2784 „Iunois“.

770 2979 945 3052 635.
985 2983 1162 3050 1265
1205 2987 1369 3049 mii
1393 2985 1439 3051 4
1482 2985 1757 3051 Perusii.
1829 2983 2103 3052 OEemem
2134 2985 2247 3051 IV
2278 2989 2499 3073 repetit
2528 2984 2889 3050 Alexandri
2916 2981 3025 3050 IV
3061 3007 3123 3047 n.
3155 2981 3295 3048 597
3338 2983 3416 3047 de
3446 2981 3621 3048 1258

983 3091 1199 3156 novbr.
1231 3091 1341 3156 22.

987 3229 1276 3298 Clemens
1308 3236 1423 3298 etc.
1473 3231 1718 3300 dilectis
1746 3217 1894 3299 filiis
1923 3235 2277 3320 preceptori
2310 3239 2372 3300 et
2399 3231 2699 3300 fratribus
2733 3231 2803 3299 in
2832 3229 3070 3316 Apulia
3099 3235 3213 3296 etc.
3396 3227 3615 3297 Vestre

762 3337 1004 3405 meritis
1053 3373 1136 3385 --
1181 3337 1410 3423 usuris,
1455 3339 1696 3426 rapinis
1743 3344 1807 3406 et
1850 3339 1993 3407 aliis
2038 3340 2203 3408 male
2248 3340 2592 3428 acquisitis,
2639 3340 2695 3406 si
2738 3338 2832 3404 hii
2861 3375 2943 3383 —
2984 3337 3211 3403 debeat
3254 3336 3459 3404 edicto
3506 3355 3613 3422 pu·

763 3444 923 3511 blice
967 3444 1288 3531 proposito
1333 3445 1401 3511 in
1445 3444 1722 3513 ecelesiis
1767 3453 1832 3513 et
1873 3445 2015 3514 aliis
2057 3447 2211 3515 locis
2258 3445 2753 3535 competentibus
2800 3445 3053 3512 omnino
3087 3478 3167 3490 —-
3200 3463 3327 3510 non
3374 3443 3615 3529 possint

761 3551 830 3617 in
875 3550 1222 3617 subsidium
1267 3552 1712 3619 necessitatum
1742 3551 2094 3621 vestrarum
2140 3575 2337 3640 usque
2382 3555 2463 3621 ad
2508 3573 2817 3620 summam
2863 3571 2934 3618 cc
2976 3551 3305 3618 unciarum
3337 3550 3477 3614 auri
3508 3569 3613 3636 per

761 3658 1149 3744 provinciam
1195 3658 1578 3727 Tranensem
1607 3655 1902 3748 ”recipere
1945 3659 2238 3745 valeatis,
2298 3660 2667 3727 auctoritate
2712 3657 3057 3745 apostolica
3100 3657 3278 3723 vobis
3321 3655 3613 3722 duximus

760 3763 1242 3832 concedendum.
1343 3764 1412 3832 Si
1467 3787 1582 3852 per
1627 3803 1710 3813 —
1755 3767 1969 3853 itaque
2028 3769 2085 3834 si
2128 3803 2212 3813 -—
2261 3787 2331 3836 cc
2384 3767 2587 3834 unciis
2633 3801 2717 3811 -—
2762 3764 3217 3832 laborationem
3262 3799 3347 3809 —
3395 3763 3611 3850 prosit,

760 3891 879 3938 nec
923 3878 1226 3958 quantum
1257 3907 1340 3918 —-
1375 3872 1642 3940 absoluti
1689 3873 1757 3940 in
1801 3874 2196 3959 presentibus
2242 3879 2387 3962 post
2430 3873 2749 3941 biennium
2781 3872 3040 3938 minime
3069 3871 3379 3938 valituris.
3446 3869 3609 3937 Nulli

973 4119 1099 4171 Cum
1135 4119 1279 4172 dato:
1333 4119 1531 4173 Perusii
1576 4121 1612 4171 4
1644 4137 1762 4172 non.
1794 4121 1912 4172 maii
1959 4137 2005 4172 a.
2036 4120 2059 4172 1
2107 4122 2418 4188 „preceptori
2461 4129 2515 4173 et
2554 4120 2615 4172 fr·
2651 4120 2702 4170 in
2737 4119 2953 4186 Apulia“
2995 4118 3147 4171 A.16
3182 4136 3233 4184 p.
3252 4117 3325 4170 52
3365 4117 3608 4184 „Bamliz

759 4207 1000 4270 Quamvis
1034 4209 1102 4260 sit
1139 4208 1358 4274 speciale
1392 4209 1490 4262 hoc
1522 4207 1838 4277 privilegium
1871 4227 2025 4276 super
2058 4209 2321 4262 formulam
2356 4211 2509 4262 etiam
2541 4207 2846 4276 generalitor
2880 4207 3083 4270 editam,
3118 4215 3289 4259 tamen
3322 4207 3409 4258 hic
3443 4207 3609 4259 sistere

757 4297 930 4360 libuit,
966 4313 1119 4364 quum
1151 4297 1470 4352 remotiorem
1503 4305 1700 4366 spectet
1731 4296 1920 4351 ordinis
1956 4298 2288 4365 provinciam,
2326 4299 2428 4350 iam
2464 4317 2495 4350 a
2528 4297 2675 4352 nobis
2710 4295 3017 4359 absolutam,
3052 4313 3205 4362 quum
3238 4296 3608 4363 traua-im

759 4385 1062 4453 Regimonto
1096 4386 1243 4438 nobis
1278 4387 1487 4438 veniret.

766 4634 941 4707 636.
983 4637 1161 4706 1265
1204 4641 1366 4704 maii
1407 4639 1489 4706 11
1536 4638 1798 4703 Peme·
1840 4635 1956 4722 (εἴ.
1997 4640 2158 4704 maii
2195 4637 2363 4720 20).‚
2415 4635 2687 4704 Clemens
2734 4635 2847 4702 IV
2882 4638 3105 4724 repetit
3148 4637 3365 4702 ordini
3412 4635 3605 4702 Theu-

980 4747 1185 4811 tom‘co
1227 4748 1299 4810 in
1341 4745 1724 4812 Alamannia
1768 4745 2295 4829 confirmationem
2344 4743 2642 4832 Greqorii
2684 4743 2793 4810 IX
2831 4767 2896 4808 n.
2928 4745 3078 4810 469.

936 4884 1224 4953 Clemens
1285 4886 1616 4974 episeopus
1672 4905 1890 4954 servus
1950 4905 2269 4953 servorum
2328 4885 2429 4952 dei
2486 4884 2731 4952 dilectis
2790 4885 2935 4951 filiis
2978 4885 3337 4973 preceptori
3380 4891 3449 4952 et
3486 4885 3603 4950 fra-

757 4991 960 5060 tribus
1015 4991 1344 5080 hospitalis
1400 4997 1615 5060 sancte
1659 4991 1857 5061 Marie
1901 4992 2425 5062 Theutonicorum
2485 4993 2553 5059 in
2596 4992 2977 5060 Alemannis.
3032 4991 3299 5060 salutem
3359 4999 3425 5060 et
3466 5013 3603 5080 apo-
