3892 5609
656 292 750 362 76
1437 302 1668 349 ΤΕΒΒΑ
1715 301 1998 349 SANCTA.
2070 302 2401 349 ARMENIA.
2472 300 2739 349 CYPRUS

651 462 747 527 sui
807 482 922 548 pro
977 462 1122 549 ipsa
1177 462 1360 527 domo
1417 466 1869 528 convenerunt.
1899 467 1963 527 et
2022 462 2447 546 promiserunt
2491 462 2657 527 dicto
2706 461 2959 527 domino
3006 460 3229 528 Iacobo
3284 468 3350 528 et
3392 462 3527 528 suis

647 568 1002 651 heredibuS,
1050 574 1140 651 ut,
1189 570 1483 653 quociens
1517 588 1672 655 opus
1705 569 1828 634 erit
1857 570 1969 652 εἰς,
2016 568 2160 654 ipsa
2188 570 2525 655 privilegia
2560 570 2801 637 dabunt
2834 573 2898 633 et
2928 567 3333 653 exhibebunt,
3382 588 3527 654 pre-

650 676 801 742 stita
853 676 1029 761 prius
1077 672 1414 741 securitate
1465 675 1542 741 de
1595 676 1754 761 ipsis
1809 676 2162 761 privilegiis
2210 676 2424 742 domui
2469 674 2893 743 restituendis.
2977 673 3287 742 Convenit
3331 676 3528 743 etiam

646 783 906 867 insuper
947 782 1151 849 dictus
1195 782 1484 849 dominus
1514 782 1775 848 Iacobus
1823 788 1886 848 et
1931 783 2225 868 promisit
2268 804 2337 849 se
2368 783 2469 850 vel
2512 782 2773 850 heredes
2820 801 2966 847 suos
3012 781 3253 847 nullam
3300 782 3379 849 de
3424 803 3527 849 ce-

647 894 782 955 tero
831 891 1321 956 controversiam
1367 911 1478 956 seu
1525 889 1981 974 querimoniam
2029 894 2309 955 moturos
2356 890 2481 976 ipsi
2520 881 2733 955 domui
2764 888 2843 954 de
2871 887 3179 954 fructibus
3222 895 3287 954 et
3316 908 3527 955 acces-

649 995 929 1063 sionibus
974 998 1288 1083 perceptis
1336 998 1414 1063 de
1457 998 1600 1082 ipsa
1645 996 1982 1062 medietate
2020 995 2299 1063 Maronis
2346 1017 2485 1063 cum
2535 996 2933 1081 pertinentiis
2980 997 3111 1061 suis
3159 1001 3223 1062 et
3269 995 3345 1061 de
3392 1016 3531 1061 me-

647 1103 882 1168 dietate
911 1103 1074 1167 vii‘0·
1106 1104 1348 1169 milium
1381 1103 1794 1170 bisantiorum
1825 1102 2126 1169 hac-tenus
2173 1109 2613 1189 perceptorum
2660 1104 2738 1169 ab
2770 1104 2911 1189 ipsa
2941 1103 3125 1169 domo
3157 1102 3225 1167 in
3254 1102 3529 1168 cathena

649 1215 714 1275 et
766 1209 965 1275 funda
1007 1209 1220 1275 Accon
1279 1231 1476 1295 usque
1528 1210 1608 1275 ad
1655 1192 1853 1291 diem,
1912 1205 2069 1294 quo²
2113 1210 2285 1275 facta
2334 1210 2457 1275 fuit
2500 1210 2615 1276 hec
2659 1210 3052 1295 compositio,
3133 1208 3220 1275 Et
3262 1209 3529 1295 insuper

648 1317 942 1383 convenit
997 1322 1060 1381 et
1113 1318 1406 1402 promisit
1452 1318 1655 1383 dictus
1703 1316 1993 1381 dominus
2037 1316 2331 1400 Iacobus,
2395 1317 2565 1402 quod
2615 1318 3150 1403 permutationem
3194 1318 3328 1381 sive
3374 1335 3529 1381 con-

647 1422 960 1488 cambium
1017 1422 1252 1489 factum
1310 1424 1386 1490 ab
1443 1444 1518 1490 eo
1573 1424 1651 1489 de
1707 1423 2043 1489 medietate
2090 1422 2298 1488 Castri
2342 1422 2529 1506 Regis
2576 1443 2717 1489 cum
2762 1424 3161 1508 pertinentiis
3214 1424 3347 1489 suis
3406 1443 3526 1508 pro

647 1549 762 1595 sex
805 1529 1059 1596 milibus
1105 1536 1170 1595 et
1214 1531 1688 1614 quadringentis
1736 1530 2027 1596 bisantiis
2080 1550 2194 1616 per
2240 1551 2308 1596 se
2366 1536 2431 1596 et
2485 1530 2749 1596 heredes
2806 1550 2953 1595 suos
3010 1531 3183 1596 omni
3238 1536 3529 1615 tempore

645 1641 858 1703 ratum
889 1642 952 1703 et
981 1634 1232 1701 firmum
1263 1635 1522 1703 habebit
1563 1638 1743 1703 iuxta
1785 1642 2071 1703 tenorem
2117 1636 2593 1723 privilegiorum
2642 1635 2867 1703 exinde
2912 1638 3360 1719 confectorum,
3406 1655 3529 1702 nec

649 1743 860 1827 aliqua
893 1744 1237 1809 occasione
1294 1763 1409 1829 per
1467 1764 1533 1809 se
1577 1744 1679 1810 vel
1735 1743 1930 1810 alium
1988 1765 2099 1809 seu
2155 1744 2417 1811 heredes
2474 1764 2619 1809 suos
2676 1744 3110 1809 contravenire
3162 1742 3525 1828 temptabit.

650 1849 860 1916 Simili
903 1850 1087 1915 modo
1133 1850 1428 1935 promisit
1469 1856 1674 1917 ratam
1723 1856 1786 1917 et
1813 1849 2065 1917 firmam
2092 1850 2325 1917 habere
2363 1850 2735 1917 locationem
2784 1850 2916 1916 sive
2962 1850 3399 1916 concambium
3445 1849 3528 1917 do

645 1957 986 2023 medietate
1027 1956 1305 2025 Maronis
1351 1976 1493 2022 cum
1539 1957 1938 2043 pertinentiis
1986 1958 2117 2023 suis
2162 1978 2279 2044 pro
2328 1957 2567 2024 duobus
2612 1956 2867 2022 milibus
2912 1963 2977 2023 et
3020 1957 3381 2041 quingentis
3426 1956 3528 2023 bi·-

647 2064 903 2147 santiis,
963 2068 1154 2150 prout
1207 2064 1272 2127 in
1329 2064 1658 2149 privilegio
1719 2065 1946 2130 exinde
2004 2064 2169 2130 facto
2222 2064 2389 2130 inter
2434 2084 2539 2131 eos
2586 2064 2835 2150 plenius
2880 2064 3253 2129 continetur.
3334 2062 3425 2128 Et
3469 2064 3529 2129 si

649 2171 856 2256 aliquo
903 2176 1190 2257 tempore
1235 2170 1313 2235 de
1357 2170 1536 2237 bonis
1583 2172 1733 2237 olim
1765 2172 2012 2238 comitis
2044 2170 2327 2254 Iozolini,
2376 2192 2497 2257 que
2525 2171 2709 2237 hodie
2740 2174 3033 2237 tenentur
3066 2190 3104 2235 a
3134 2168 3525 2253 Sarraoenis,

648 2272 1056 2361 contingerit³
1103 2278 1292 2344 dante
1333 2278 1586 2344 domino
1635 2278 1899 2364 adipisci
1945 2298 2059 2343 seu
2104 2277 2314 2362 aliquo
2360 2277 2547 2343 modo
2590 2277 2956 2363 recuperari
3000 2283 3065 2343 et
3098 2276 3395 2343 devenire
3442 2256 3527 2341 ad

646 2404 872 2451 manus
919 2405 1066 2450 suas
1098 2384 1200 2451 vel
1244 2384 1546 2451 heredum
1591 2406 1872 2468 suorum,
1920 2383 2217 2472 promisit
2261 2389 2325 2449 et
2368 2385 2661 2450 convenit
2705 2384 2875 2449 idem
2921 2384 3213 2449 dominus
3258 2383 3525 2449 Iacobus

646 2511 763 2577 pro
809 2512 878 2557 se
923 2497 992 2557 et
1031 2493 1160 2557 suis
1207 2490 1562 2575 heredibu8‚
1610 2492 1776 2577 quod
1822 2512 1898 2557 ea
1938 2512 2067 2558 non
2097 2492 2371 2558 vendent
2412 2512 2529 2559 nec
2572 2492 2824 2577 pignori
2854 2490 3095 2558 dabunt
3137 2508 3257 2557 nec
3300 2488 3525 2575 appal-

535 2642 545 2651 -
644 2596 872 2663 tabunt
913 2618 1031 2664 nec
1075 2598 1528 2685 permutabunt
1577 2600 1648 2665 in
1699 2599 1976 2684 aliquam
2034 2618 2401 2684 personam,
2461 2599 2515 2663 si
2572 2598 2858 2685 predicta
2902 2598 3069 2665 bona
3110 2598 3253 2684 ipsa
3296 2596 3523 2661 domus

644 2703 877 2771 habere
911 2705 1182 2772 voluerit
1227 2724 1386 2791 equo
1430 2706 1644 2791 precio
1685 2706 1766 2770 ad
1797 2705 2131 2771 arbitrium
2162 2706 2588 2771 communium
2636 2707 2983 2771 amicorum
3027 2706 3193 2771 inter
3238 2722 3345 2769 eos
3392 2708 3525 2769 sta-

645 2817 800 2878 tuto,
879 2810 1182 2877 Promisit
1237 2813 1460 2894 etiam,
1524 2811 1691 2895 quod
1745 2832 1864 2877 nec
1908 2810 2087 2877 dabit
2128 2812 2229 2877 vel
2281 2812 2821 2878 recommandabit
2866 2812 3054 2877 alicui
3106 2831 3377 2898 persone
3422 2809 3527 2877 vel

643 2916 781 2983 loco
828 2919 895 2983 in
939 2918 1356 3003 preiudicium
1405 2924 1468 2984 et
1496 2938 1836 3001 gravamen
1867 2918 2069 3003 ipsius
2102 2918 2325 2983 domus
2357 2918 2899 2985 Theotonicorum.
2968 2917 3263 2984 Predicta
3303 2918 3521 3002 itaque

646 3024 859 3091 omnia
914 3029 978 3090 et
1035 3026 1284 3107 singula
1338 3029 1604 3109 utraque
1664 3045 1813 3110 pars
1869 3045 1985 3110 pro
2046 3046 2113 3090 se
2180 3030 2244 3091 et
2304 3026 2637 3092 heredibus
2696 3046 2809 3091 seu
2868 3025 3330 3093 successoribus
3388 3025 3521 3089 suis

643 3131 812 3197 bona
853 3129 976 3197 fide
1023 3132 1344 3197 attendere
1391 3136 1455 3197 et
1499 3132 1833 3198 observare
1877 3132 2190 3217 promisit,
2236 3151 2353 3199 nec
2384 3136 2605 3197 contra
2646 3132 2855 3217 aliquo
2900 3133 3089 3198 modo
3120 3130 3221 3198 vel
3264 3131 3519 3214 ingenio

645 3258 758 3303 seu
804 3237 1016 3322 aliqua
1048 3238 1373 3304 occasione
1403 3240 1638 3321 venire,
1686 3240 2126 3305 renunciantes
2160 3238 2332 3303 omni
2368 3239 2489 3303 iuri
2538 3243 2602 3305 et
2636 3237 2954 3323 beneficio,
3002 3239 3170 3323 quod
3206 3239 3296 3303 eis
3326 3258 3520 3323 super

644 3345 762 3411 hoo
807 3350 1162 3430 competere
1206 3350 1424 3431 posset
1468 3346 1583 3412 sub
1628 3366 1794 3431 pena
1840 3341 2147 3411 duorum*
2192 3345 2435 3410 milium
2488 3346 2885 3412 marcharum
2930 3346 3177 3429 argenti
3228 3344 3311 3411 ad
3354 3346 3521 3411 invi-

646 3471 782 3517 cem
815 3452 980 3517 inter
1009 3472 1078 3517 se
1107 3452 1422 3537 promissa
1466 3458 1532 3518 et
1559 3458 1867 3518 conventa
1895 3451 2197 3517 solvenda
2225 3452 2415 3538 parti,
2464 3472 2583 3537 que
2628 3457 2885 3538 pactum
2932 3456 2997 3517 et
3039 3451 3521 3518 conventionem

645 3559 1011 3641 servaverit,
1059 3563 1122 3624 et
1151 3557 1558 3624 nihilominus
1591 3579 1665 3623 ea
1695 3559 1902 3624 soluta
1945 3558 2233 3644 predicta
2278 3558 2489 3625 omnia
2536 3564 2599 3625 et
2642 3558 2889 3641 singula
2934 3565 3308 3645 perpetuam
3354 3559 3520 3645 opti-

643 3670 838 3735 neant
863 3663 1246 3731 firmitatem.
1317 3664 1422 3731 Ad
1453 3665 1628 3731 cuius
1657 3666 1752 3731 rei
1783 3667 2153 3732 memoriam
2189 3667 2311 3732 duo
2342 3665 2696 3747 consimilia
2724 3665 3059 3751 privilegia
3087 3666 3165 3731 de
3196 3666 3521 3733 voluntate

644 3773 930 3859 parcium
961 3773 1187 3839 exinde
1219 3777 1368 3838 sunt
1391 3773 1672 3839 confecta
1703 3770 1928 3853 sigillis
1954 3772 2265 3858 plumbeis
2288 3771 2728 3858 pendentibu8‚
2754 3771 3014 3857 capituli
3038 3772 3333 3839 videlicet
3354 3772 3521 3839 dicte
3565 3853 3573 3859 ,

646 3880 866 3945 domus
913 3884 978 3946 et
1008 3880 1160 3945 dicti
1192 3880 1430 3945 domini
1461 3878 1690 3961 Iacobi,
1738 3880 2032 3961 sigillata.
2104 3879 2306 3945 Huius
2354 3884 2563 3945 autem
2601 3880 2694 3944 rei
2726 3884 2919 3945 testes
2950 3884 3097 3944 sunt
3126 3878 3325 3944 frater
3354 3876 3523 3944 Con—

645 3987 836 4052 radus
869 3986 944 4051 de
975 3986 1200 4068 Nasso,
1246 3991 1581 4071 preceptor
1612 4006 1908 4067 magnus3
1958 3984 2321 4083 Guarnerus
2352 3986 2431 4051 de
2460 3984 2800 4067 Mereberc,
2845 3984 3296 4065 marescalcus3
3344 3984 3522 4053 Gun-

643 4098 850 4175 terus‚
909 4093 1378 4159 commendator
1421 4092 1686 4178 Apulie3
1745 4092 2055 4158 Iohannes
2101 4092 2179 4157 de
2224 4090 2546 4174 Niflanda‚
2600 4091 2977 4158 castellanus
3022 4090 3256 4157 Montis
3300 4092 3517 4173 fortis;

646 4198 970 4265 Conradus
1010 4199 1491 4283 hospitalarius3
1539 4198 1936 4281 Ludowicus.,
1984 4199 2391 4284 drapperius3
2438 4198 2747 4264 Henricus
2780 4199 2856 4265 de
2887 4197 3107 4281 Diling
3150 4204 3215 4263 et
3246 4194 3521 4283 Symon'

647 4306 724 4372 de
769 4304 989 4387 Huasi‚
1035 4304 1262 4371 fratres
1310 4306 1388 4371 de
1435 4306 1606 4371 dicta
1649 4306 1834 4370 domo
1879 4305 2211 4391 hospitalis
2244 4305 2802 4385 Theutonicorum3
2850 4306 3139 4370 dominus
3168 4302 3519 4371 Balduinus

646 4413 724 4478 de
780 4411 1046 4491 Pinkin3
1105 4411 1393 4477 dominus
1453 4412 1810 4497 Stephanus
1867 4411 1944 4477 de
2006 4410 2309 4493 Sauvani3
2372 4412 2661 4477 dominus
2716 4411 2953 4478 Raulus
3008 4410 3399 4493 Alemannus
3456 4418 3521 4478 et

644 4518 977 4605 Philippus
1007 4518 1373 4585 Balduinus.
1442 4519 1673 4585 Actum
1725 4518 1892 4605 apud
1923 4520 2135 4585 Accon
2180 4520 2247 4584 in
2293 4518 2529 4603 palatio
2576 4518 2729 4583 dicti
2774 4519 3063 4602 magistri
3108 4538 3271 4585 anno
3318 4518 3521 4584 domi-

643 4627 784 4693 nice
827 4625 1278 4692 incarnationis
1328 4636 1419 4692 m⁰
1453 4636 1547 4693 00⁰
1577 4625 1765 4691 xliiii⁰
1810 4626 2153 4692 indictione
2200 4625 2475 4691 secunda
2518 4644 2716 4691 nonas
2762 4625 2919 4691 iulii.

857 4766 948 4827 m,
991 4766 1148 4817 lssssv.
1214 4766 1315 4817 Ubi
1360 4766 1532 4817 titulus
1575 4766 1762 4831 legitur
1803 4766 2162 4833 „Rescriptum
2200 4764 2449 4831 privilegii
2488 4766 2551 4816 de
2588 4766 2755 4816 casale
2790 4764 3015 4816 Maronis
3028 4767 3075 4815 “.
3258 4766 3305 4816 1.
3343 4765 3426 4816 cui
3456 4764 3519 4815 B.

645 4854 697 4907 2.
735 4854 784 4922 ᾗ,
819 4856 852 4907 i.
879 4872 925 4907 e.
963 4872 1058 4923 que
1091 4854 1152 4909 B.
1331 4854 1382 4906 3.
1419 4854 1480 4906 B.
1657 4856 1710 4904 4.
1747 4854 1959 4906 duarum
1993 4855 2055 4906 Β.
