3892 5609
654 341 753 413 94
1437 353 1667 402 'ruam
1715 352 2000 402 saxo-m.
2069 353 2401 401 amm.
2471 351 2739 401 cvrnus

648 531 818 578 nunc
860 511 1097 578 habent
1139 515 1204 578 et
1245 511 1566 580 habebunt
1608 517 1913 599 perpetuo
1957 512 2027 579 in
2071 517 2206 579 tota
2251 511 2482 578 diocesi
2527 510 2883 578 Acconensi
2935 509 3071 576 sive
3117 508 3528 594 acquirantur

650 639 765 705 per
796 617 1030 684 donum
1059 616 1161 683 vel
1198 639 1315 704 per
1356 618 1741 704 emptionem
1769 618 1872 685 vel
1915 639 2033 704 per
2061 639 2321 685 censum
2365 622 2742 705 perpetuum
2787 637 2900 683 seu
2943 635 3067 703 per
3089 615 3528 683 concambium

649 731 763 791 aut
802 745 919 810 per
949 723 1277 811 appaltum
1311 731 1711 811 perpetuum,
1762 731 1825 791 et
1857 725 2217 812 specialiter
2248 726 2326 792 de
2361 723 2692 808 casalibus,
2741 743 2862 808 que
2891 730 3195 794 vocantur
3223 719 3528 803 Labassa‚

649 829 923 915 Massob,
969 831 1168 918 Nove,
1216 831 1517 918 Sapheth‚
1564 830 1875 918 Caffriasy
1917 837 1983 899 et
2007 831 2300 899 Busenen
2346 836 2410 898 et
2454 832 2533 897 de
2578 830 2868 898 omnibus
2916 829 3058 896 aliis
3105 828 3420 895 casalibus
3467 832 3534 894 et

653 960 869 1007 eorum
914 938 1323 1025 pertinenciis
1366 939 1719 1024 ubicunque
1746 939 1985 1006 fuerint
2014 939 2083 1005 in
2117 939 2484 1025 episcopatu
2513 937 2886 1020 Acconensi‚
2933 935 3128 1003 salvis
3171 934 3360 1002 rebus
3407 955 3532 1021 que

654 1047 945 1133 superius
992 1046 1355 1112 eximuntur
1400 1051 1465 1111 et
1510 1046 1927 1132 excipiuntur.
2010 1044 2275 1132 Insuper
2321 1045 2471 1112 dicti
2517 1045 2820 1129 magister
2865 1050 2929 1110 et
2983 1043 3212 1110 fratres
3269 1047 3336 1108 et
3387 1060 3534 1108 suc-

654 1173 933 1221 cessores
982 1173 1198 1219 corum
1242 1156 1537 1218 tenentur
1582 1151 1825 1218 solvere
1878 1153 2204 1219 annuatim
2251 1151 2465 1236 nobis,
2527 1153 2822 1238 episcopo
2869 1156 2934 1217 et
2978 1149 3288 1237 capitale,
3334 1167 3532 1214 unam

653 1260 977 1327 marcham
1026 1258 1271 1342 argenti
1313 1258 1385 1324 in
1414 1259 1516 1325 die
1546 1257 2002 1345 purificationis
2031 1258 2214 1325 beate
2245 1259 2510 1342 virginis
2554 1259 2623 1324 in
2667 1258 2964 1324 thesauro
3009 1277 3122 1324 suo
3154 1255 3532 1338 Acconensi⁹
3636 1319 3645 1326 .

656 1371 722 1432 et
746 1365 1117 1432 renuntiant
1159 1384 1277 1451 pro
1308 1385 1377 1431 se
1410 1371 1473 1431 et
1501 1365 1964 1432 successoribus
2011 1366 2142 1431 suis
2189 1364 2479 1431 omnibus
2525 1364 2877 1432 rationibus
2923 1368 2989 1431 et
3031 1362 3532 1449 exceptionibus,

655 1471 1007 1558 privilegiis
1039 1471 1311 1537 obtentis
1348 1477 1414 1537 et
1442 1472 1819 1556 obtinendis,
1850 1453 2208 1558 impetratis
2240 1478 2304 1538 et
2331 1471 2768 1558 impetrandis,
2815 1471 3128 1537 concessis
3159 1487 3536 1555 quocunque

658 1578 845 1644 modo
893 1584 957 1644 et
984 1577 1395 1645 concedendis
1430 1583 1493 1644 et
1510 1578 1755 1645 iuribus
1802 1585 1866 1645 et
1896 1579 2038 1646 aliis
2069 1578 2360 1645 omnibus
2390 1579 2598 1662 rebus,
2645 1598 2760 1665 per
2789 1597 2946 1662 quas
2993 1575 3274 1664 predicte
3319 1595 3424 1642 res
3469 1579 3538 1641 et

660 1704 811 1770 sepe
854 1684 1027 1750 dicta
1070 1705 1197 1770 pax
1243 1689 1542 1770 poterunt
1582 1685 1881 1771 impediri
1924 1685 2026 1751 vel
2085 1685 2330 1752 turbari
2383 1686 2450 1751 in
2506 1691 2640 1751 toto
2687 1685 2787 1751 vel
2830 1686 2900 1750 in
2945 1691 3127 1770 parte
3171 1683 3290 1749 hoc
3335 1681 3534 1764 salvo,

660 1791 829 1876 quod
866 1791 991 1878 ipsi
1026 1797 1091 1857 et
1120 1809 1511 1858 successores
1558 1811 1775 1858 eorum
1820 1793 1953 1858 suis
1999 1791 2348 1878 privilegiis
2396 1797 2614 1858 contra
2660 1810 2876 1857 omnes
2923 1790 3080 1856 alios
3127 1791 3374 1876 possint
3417 1789 3535 1872 uti,

658 1903 875 1964 tamen
921 1895 1143 1964 contra
1184 1918 1301 1964 nos
1359 1903 1423 1964 et
1466 1898 1793 1964 ecclesiam
1844 1902 2160 1982 nostram,
2221 1903 2526 1983 quantum
2581 1898 2664 1964 ad
2720 1899 2954 1964 dictam
3011 1895 3536 1982 compositionem

662 2009 727 2071 et
769 2023 1011 2090 pacem,
1058 2003 1409 2090 privilegiis
1452 2024 1581 2071 non
1626 2009 1903 2072 utentur.
1979 2005 2134 2071 Item
2179 2005 2307 2091 ipsi
2335 2005 2636 2088 magister
2667 2012 2732 2071 et
2757 2005 2987 2070 fratres
3021 2022 3138 2089 pro
3169 2023 3238 2068 se
3284 2005 3350 2068 et
3395 2020 3537 2066 suc-

660 2111 1011 2178 cessoribus
1060 2111 1189 2177 suis
1236 2117 1301 2177 et
1332 2111 1515 2177 domo
1548 2131 1663 2178 sua
1708 2117 1773 2178 et
1814 2131 1930 2178 nos
1977 2113 2308 2198 episcopus
2355 2116 2419 2178 et
2448 2111 2794 2198 capitulum
2837 2129 2956 2197 pro
3000 2109 3182 2175 nobis
3228 2113 3296 2175 et
3337 2106 3538 2174 eccle-

662 2219 760 2284 sia
800 2221 1020 2284 nostra
1076 2223 1141 2283 et
1191 2217 1654 2284 successoribus
1712 2218 1947 2284 nostris
2005 2216 2295 2284 omnibus
2353 2217 2604 2302 litibus,
2665 2216 2936 2303 querelis
2983 2221 3048 2282 et
3091 2215 3538 2282 controversiis

660 2325 851 2390 motis
898 2331 963 2391 et
992 2323 1225 2390 habitis
1257 2325 1425 2390 inter
1452 2344 1569 2390 nos
1600 2333 1901 2410 quantum
1936 2325 2018 2391 ad
2051 2345 2145 2409 ea,
2193 2345 2312 2409 que
2357 2329 2664 2411 perpetuo
2709 2323 3052 2410 possident,
3098 2321 3538 2388 renuntiamus

663 2451 979 2517 expresse.
1049 2428 1303 2496 Dictam
1336 2437 1545 2497 autem
1580 2432 2100 2518 compositionem
2147 2437 2213 2497 et
2255 2431 2469 2497 omnia
2514 2437 2578 2496 et
2605 2430 2856 2513 singula
2899 2451 3094 2516 supra
3137 2429 3378 2513 scripta
3421 2447 3540 2493 nos

666 2537 997 2622 episcopus
1028 2542 1093 2602 et
1120 2536 1468 2622 capitulum
1496 2537 1893 2604 Acconenses
1939 2559 2057 2624 pro
2087 2538 2268 2604 nobis
2315 2545 2379 2604 et
2409 2537 2672 2604 ecclesia
2700 2543 2920 2603 nostra
2963 2541 3028 2602 et
3071 2534 3541 2601 successoribus

666 2644 901 2709 nostris
960 2643 1389 2729 promittimus
1445 2644 1772 2730 prephatis
1826 2645 2132 2728 magistro
2191 2650 2256 2711 et
2305 2644 2639 2710 conventui
2693 2665 2811 2730 pro
2857 2663 2926 2710 se
2972 2647 3037 2709 et
3081 2641 3268 2708 domo
3313 2661 3432 2707 sua
3475 2645 3542 2706 et

668 2769 885 2815 eorum
930 2749 1394 2816 successoribus
1450 2769 1565 2836 per
1608 2751 2084 2837 stipulationem
2139 2751 2550 2838 sollempnem
2607 2755 2912 2838 perpetuo
2958 2749 3126 2816 bona
3167 2747 3291 2814 fide
3333 2748 3542 2813 invio-

664 2855 943 2922 labiliter
986 2877 1239 2926 servare
1300 2861 1364 2923 et
1417 2878 1544 2925 non
1602 2859 2039 2925 contravenire
2093 2877 2208 2943 per
2251 2878 2368 2924 nos
2410 2857 2512 2924 vel
2565 2877 2680 2944 per
2723 2857 2918 2924 alium
2963 2875 3074 2922 seu
3121 2855 3278 2921 alios
3326 2853 3542 2938 aliquo

664 2963 919 3045 ingenio
932 3013 951 3047 ,
1008 2963 1474 3032 machinatione
1517 2963 1619 3031 vel
1674 2971 1809 3032 arte
1866 2965 1983 3031 sub
2038 2984 2207 3050 pena
2259 2965 2454 3030 trium
2511 2964 2758 3030 milium
2814 2963 3214 3030 marcharum
3267 2961 3538 3044 argenti.

668 3068 869 3147 Quam
913 3089 1143 3154 penam
1188 3089 1304 3135 nos
1350 3072 1684 3158 episcopus
1730 3077 1795 3138 et
1838 3070 2186 3156 capitulum
2231 3091 2346 3157 pro
2381 3070 2564 3136 nobis
2611 3077 2676 3136 et
2719 3071 2985 3137 ecclesia
3026 3075 3246 3136 nostra
3289 3073 3357 3134 et
3399 3087 3543 3135 suc-

666 3175 1019 3243 cessoribus
1074 3176 1340 3259 nostris,
1397 3177 1452 3242 si
1508 3183 1730 3244 contra
1783 3178 2070 3264 predicta
2113 3176 2214 3243 vel
2271 3177 2510 3262 aliquid
2563 3178 2992 3264 predictorum
3043 3175 3396 3242 faceremus
3439 3173 3545 3240 vel

667 3283 1027 3348 veniremus
1070 3303 1187 3368 per
1227 3303 1345 3348 nos
1378 3283 1481 3350 vel
1525 3305 1641 3371 per
1686 3284 1881 3350 alium
1928 3304 2042 3350 seu
2089 3283 2246 3350 alios
2291 3283 2502 3369 aliquo
2547 3284 2736 3350 modo
2782 3283 3209 3370 promittimus
3257 3286 3322 3349 et
3365 3287 3543 3348 tene-

666 3409 811 3456 mur
854 3389 1041 3456 dictis
1085 3389 1389 3472 magistro
1436 3395 1501 3456 et
1542 3390 1877 3457 conventui
1920 3410 2262 3474 eorumque
2307 3390 2774 3458 successoribus
2819 3389 3300 3456 observantibus
3345 3407 3546 3475 supra

669 3495 909 3582 scripta
964 3495 1355 3582 persolvere,
1412 3496 1761 3581 obligantes
1817 3516 1934 3583 pro
1983 3497 2154 3562 dicta
2209 3517 2376 3582 pena
2430 3498 2642 3563 omnia
2697 3495 2865 3563 bona
2907 3503 3128 3564 nostra
3171 3501 3236 3563 et
3279 3495 3544 3562 ecclesie

666 3607 899 3668 nostre.
984 3601 1123 3681 Qua
1174 3621 1343 3688 pena
1399 3602 1607 3670 soluta
1646 3601 1750 3670 ‘vel
1794 3623 1922 3670 non
1969 3603 2139 3669 dicta
2181 3603 2552 3689 compositio
2609 3609 2673 3670 et
2723 3604 2971 3687 singula
3013 3607 3312 3670 contenta
3353 3602 3423 3668 in
3468 3623 3544 3668 ea

668 3708 1075 3775 nihilominus
1120 3707 1305 3775 firma
1346 3716 1761 3796 permaneant
1806 3715 1870 3777 et
1912 3710 1984 3776 in
2027 3730 2140 3776 suo
2186 3710 2411 3777 robore
2457 3714 2877 3796 perseverent.
2943 3708 3030 3776 Et
3063 3730 3178 3776 nos
3210 3709 3546 3796 episcopus

668 3835 819 3902 sepe
862 3815 1070 3881 dictus
1122 3837 1240 3903 pro
1298 3815 1481 3883 nobis
1539 3823 1605 3884 et
1648 3816 1923 3904 capitulo
1969 3821 2188 3882 nostro
2234 3817 2448 3884 omnia
2504 3821 2569 3883 et
2613 3815 2862 3900 singula
2903 3817 3193 3904 superins
3241 3821 3548 3881 annotata

668 3922 1076 4008 promisimus
1120 3921 1389 3989 firmiter
1434 3923 1767 3990 observare
1824 3928 1888 3989 et
1944 3923 2374 4010 promittimus
2427 3942 2617 4010 super
2662 3923 2785 3990 hiis
2832 3923 3121 3990 omnibus
3167 3928 3234 3988 et
3277 3921 3545 4006 singulis

666 4047 785 4114 pro
844 4028 1027 4095 nobis
1089 4035 1152 4096 et
1214 4029 1680 4096 successoribus
1734 4029 1972 4096 nostris
2031 4051 2072 4097 a
2125 4029 2308 4097 nobis
2365 4030 2678 4116 corporali
2743 4029 3010 4116 prestito
3061 4029 3420 4096 iuramento
3477 4029 3546 4094 in

671 4135 883 4200 anima
910 4141 1129 4203 nostra
1161 4141 1225 4202 et
1254 4137 1519 4223 capituli
1548 4135 1867 4203 antedicti.
1938 4135 2140 4214 Quam
2172 4137 2688 4224 compositionem
2733 4136 2976 4223 placuit
3019 4135 3200 4202 nobis
3247 4137 3546 4222 episcopo

670 4245 735 4306 et
776 4240 1052 4326 capitulo
1098 4247 1165 4310 et
1194 4242 1379 4310 dictis
1408 4243 1713 4327 magistro
1745 4248 1809 4310 et
1846 4243 2183 4310 conventui
2228 4244 2422 4310 etiam
2467 4263 2583 4330 per
2627 4261 2946 4308 summum
2990 4240 3354 4329 pontificem
3398 4261 3548 4308 con-

668 4345 929 4414 firmari.
998 4347 1072 4414 In
1118 4349 1295 4416 cuius
1343 4357 1407 4416 et
1452 4369 1717 4434 quorum
1766 4350 2044 4415 omnium
2093 4349 2524 4416 testimonium
2570 4353 2634 4415 et
2661 4348 2988 4416 munimen
3017 4355 3376 4435 presentem
3407 4369 3548 4415 car-

668 4459 801 4520 tam
841 4454 1153 4540 plumbeis
1195 4454 1383 4521 bullis
1413 4456 1649 4523 nostris
1685 4457 1950 4523 fecimus
1981 4456 2374 4522 communiri.
2445 4455 2679 4522 Actum
2710 4455 2836 4521 fuit
2863 4456 3077 4523 Accon
3109 4475 3273 4522 anno
3305 4454 3550 4521 domini

668 4559 1003 4627 millesimo
1029 4561 1453 4628 ducentesimo
1480 4562 2001 4648 quinquagesimo
2025 4564 2296 4649 septimo
2317 4582 2534 4629 mense
2559 4561 2902 4648 septembri
2927 4562 3320 4648 presentibus
3345 4562 3548 4646 magi-

669 4673 801 4734 stro
824 4666 1181 4752 Guillelmo,
1207 4667 1473 4749 decan03
1508 4668 1779 4736 dominis
1790 4669 2034 4754 Adam,
2061 4667 2532 4752 archidiacon03
2558 4667 2903 4752 Bernardo,
2929 4657 3214 4750 cantore3
3248 4668 3546 4754 Iohanne5

668 4774 1091 4857 thesaurari03
1125 4772 1427 4859 Get-ardo,
1461 4775 1777 4842 canonicis
1790 4770 1844 4859 ⁸3
1884 4776 2191 4843 fratribus
2212 4774 2522 4859 Evrardo‚
2552 4795 2784 4860 magno
2813 4781 3213 4862 preceptore;
3237 4775 3544 4861 Arnoldo‚

668 4879 1090 4964 thesaurario;
1115 4879 1665 4966 Ulrico‚Winand0
1686 4881 2117 4968 etFredericO‚
2132 4883 2432 4950 fratribus
2454 4883 2677 4949 domus
2691 4882 3220 4950 Theutonicorum
3242 4882 3544 4969 predicte.

882 5003 973 5067 111,
1014 5003 1175 5056 165v.
1366 5004 1412 5056 1.
1450 5005 1821 5071 possessionem
1854 5006 1915 5058 Β.
2095 5005 2145 5057 2.
2181 5005 2605 5073 quintamdecimam
2641 5005 2700 5058 B.
2881 5005 2932 5058 3.
2967 5006 3258 5058 canonibus.
