3892 5609
708 296 741 363 1
759 295 799 364 3
809 296 855 364 Ο
1979 306 2297 355 ROMAmA

698 469 763 530 et
808 465 1069 547 semitis,
1118 469 1181 530 et
1216 463 1504 530 omnibus
1552 463 1692 530 aliis
1736 463 2137 532 libertatibus
2185 471 2250 532 et
2292 464 2796 531 immunitatibus
2843 465 2995 531 suis.
3067 463 3234 537 Sane
3277 463 3562 530 laborum

697 576 1082 654 vestrorum,
1141 591 1297 656 quos
1342 572 1617 658 propriis
1665 571 1957 638 manibus
2005 578 2116 638 aut
2158 573 2513 657 sumptibus
2560 571 2796 656 colitis,
2845 577 2978 638 tam
3023 571 3100 636 de
3143 572 3336 636 terris
3381 569 3564 634 cultis

698 696 885 761 quam
931 675 1185 742 incultis
1231 676 1365 743 sive
1394 677 1473 742 de
1504 678 1659 743 ortis
1692 683 1755 744 et
1786 678 2076 762 virgultis
2123 685 2186 744 et
2229 679 2682 765 piscationibus
2712 677 2940 743 vestris
2969 675 3070 743 vel
3107 677 3184 742 de
3215 677 3564 742 nutrimen-

693 783 777 849 tis
824 783 1193 850 animalium
1222 789 1577 849 vestrorum
1622 783 1831 854 nullus
1879 805 1918 851 a
1946 785 2124 850 vobis
2171 785 2446 851 decimas
2495 785 2747 868 exigere
2777 783 2878 850 vel
2924 789 3300 868 extorquere
3345 801 3564 868 presu-

694 895 847 956 mat.
902 889 1122 956 Liceat
1142 909 1390 974 quoque
1412 892 1589 958 vobis
1614 890 1872 958 clericos
1896 891 1998 958 vel
2026 890 2219 958 laicos
2251 891 2482 958 liberos
2507 897 2572 958 et
2593 890 2911 958 absolutos
2943 894 3008 956 et
3035 890 3335 956 mulieres
3365 890 3566 955 eciam

694 1016 729 1062 e
774 997 982 1063 seculo
1027 997 1339 1079 fugientes
1387 998 1465 1063 ad
1512 999 1982 1064 conversionem
2027 999 2310 1084 recipere
2365 1003 2430 1064 et
2475 1018 2581 1065 eos
2629 998 2864 1084 absque
2907 997 3406 1063 contradictione
3453 995 3566 1061 ali-

692 1123 817 1188 qua
860 1104 1161 1185 retinere3
1223 1101 1380 1170 illud
1425 1104 1773 1171 districtius
1822 1104 2210 1190 inhibentes,
2269 1125 2349 1171 ne
2405 1111 2610 1171 terras
2667 1110 2778 1171 aut
2823 1102 3146 1189 quodlibet
3189 1101 3564 1169 beneficium

693 1209 951 1276 ecclesie
983 1213 1190 1277 'vestre
1236 1210 1534 1277 collatum
1578 1211 1767 1277 liceat
1810 1211 2000 1278 alicui
2042 1211 2460 1297 personaliter
2505 1212 2656 1277 dare
2701 1210 2836 1278 sive
2880 1210 3005 1277 alio
3049 1209 3236 1276 modo
3283 1208 3563 1275 alienare

692 1315 927 1400 absque
974 1337 1281 1384 consensu
1326 1317 1607 1384 omnium
1651 1317 1920 1384 fratrum
1951 1317 2052 1384 vel
2096 1319 2353 1384 maioris
2401 1321 2511 1383 aut
2554 1317 2823 1384 sanioris
2867 1317 3068 1403 partis
3113 1317 3420 1403 ipsorum.
3493 1315 3563 1381 Si

692 1442 813 1506 que
842 1443 991 1489 vero
1039 1423 1414 1491 donaciones
1461 1429 1571 1490 aut
1618 1423 2028 1491 alienationes
2075 1424 2257 1491 aliter
2287 1443 2477 1509 quam
2519 1423 2756 1490 dictum
2803 1428 2900 1490 est
2941 1424 3104 1489 facte
3148 1423 3408 1507 fuerint,
3455 1442 3562 1488 eas

686 1529 903 1594 irritas
951 1550 1087 1596 esse
1132 1549 1477 1597 censemus.
1548 1529 1797 1597 Crisma
1841 1551 2023 1615 vero,
2083 1530 2291 1596 oleum
2335 1535 2654 1614 sanctum,
2714 1531 3217 1596 consecrationes
3263 1529 3560 1595 altarium

690 1655 803 1701 seu
846 1636 1271 1720 basilicarum,
1318 1638 1745 1703 ordinationes
1792 1637 2185 1721 clericorum,
2233 1639 2342 1722 qui
2387 1636 2466 1702 ad
2500 1656 2712 1703 sacros
2745 1637 2996 1703 ordines
3026 1635 3264 1702 fuerint
3305 1655 3562 1722 promo-

688 1743 897 1826 vendi,
946 1765 983 1810 a
1026 1744 1357 1809 diocesano
1406 1743 1764 1828 suscipiatis
1812 1744 2128 1830 episcopo,
2189 1743 2496 1828 siquidem
2545 1742 2889 1810 catholicus
2933 1743 3125 1809 fuerit
3169 1747 3235 1808 et
3279 1761 3562 1808 commu-

686 1850 941 1915 nionem
986 1854 1379 1916 sacrosancte
1422 1849 1704 1915 Romane
1748 1850 1915 1916 sedis
1962 1850 2254 1917 habuerit
2299 1857 2362 1916 et
2406 1871 2483 1918 ea
2525 1851 2704 1917 vobis
2747 1850 3018 1916 voluerit
3061 1849 3198 1915 sine
3241 1851 3562 1936 pravitate

688 1955 901 2040 aliqua
944 1955 1270 2037 exhibere3
1318 1955 1597 2040 alioquin
1643 1955 1830 2023 liceat
1863 1956 2042 2023 vobis
2089 1977 2520 2041 quemcunque
2565 1955 2916 2023 malueritis
2961 1954 3339 2022 catholicum
3383 1957 3561 2023 adire

689 2063 1036 2130 antistitem
1082 2063 1353 2146 gratiam
1400 2068 1464 2129 et
1508 2063 2014 2130 communionem
2045 2063 2387 2150 apostolice
2417 2063 2583 2129 sedis
2615 2063 2970 2147 habentem,
3020 2062 3127 2148 qui
3169 2069 3393 2129 nostra
3433 2064 3562 2130 fre-

685 2175 787 2235 tus
834 2171 1205 2236 auctoritate
1250 2169 1427 2236 vobis
1476 2169 1641 2254 quod
1687 2169 2043 2254 postulatur
2085 2169 2429 2256 impendat.
2499 2169 2697 2236 Porro
2743 2170 2800 2235 si
2846 2169 3125 2257 episcopi
3153 2169 3256 2236 vel
3301 2170 3414 2236 alii
3459 2189 3558 2237 66-

684 2276 1018 2345 clesiarum
1048 2282 1323 2343 rectores
1368 2277 1439 2342 in
1481 2275 1794 2362 hospitale
1824 2282 2105 2344 vestrum
2137 2276 2238 2344 vel
2281 2277 2352 2344 in
2393 2296 2696 2364 personas
2741 2276 2831 2343 ibi
2875 2277 3248 2343 constitutas
3293 2295 3560 2362 suspen-

686 2385 881 2450 sionis
896 2433 915 2468 ,
972 2383 1642 2450 excommunicacionis
1690 2383 1792 2450 vel
1834 2384 2155 2450 interdicti
2201 2385 2546 2451 sententias
2589 2383 3133 2470 promulgaverint
3175 2383 3311 2449 sive
3355 2383 3556 2450 eciam

684 2490 753 2555 in
796 2490 1216 2557 mercenarios
1250 2494 1491 2557 vestros
1536 2509 1653 2576 pro
1683 2510 1778 2573 eo,
1826 2491 1993 2574 quod
2023 2490 2298 2558 decimas
2343 2512 2468 2559 non
2514 2491 2780 2574 solvitis,
2825 2490 2958 2556 sive
2989 2489 3202 2574 aliqua
3231 2490 3559 2559 occasione

688 2617 924 2680 eorum,
974 2617 1093 2680 que
1140 2615 1180 2662 a
1212 2596 1395 2663 nobis
1438 2597 1517 2662 de
1560 2596 1950 2680 benignitate
1997 2602 2061 2664 et
2103 2598 2539 2665 misericordia
2565 2598 2742 2665 vobis
2788 2597 3034 2664 indulta
3077 2601 3246 2680 sunt,
3292 2617 3408 2664 seu
3451 2596 3560 2663 be-

685 2703 1035 2770 nefactores
1065 2709 1308 2770 vestros
1353 2723 1469 2790 pro
1516 2723 1611 2788 eo,
1660 2705 1828 2789 quod
1874 2704 2087 2789 aliqua
2115 2705 2294 2772 vobis
2341 2704 2646 2775 beneficia
2675 2704 2775 2772 vel
2821 2703 3121 2789 obsequia
3167 2723 3247 2770 ex
3289 2705 3560 2770 caritate

684 2811 1081 2897 prestiterint
1122 2810 1224 2876 vel
1270 2810 1349 2876 ad
1393 2810 1809 2877 laborandum
1854 2810 2212 2879 adiuverint
2253 2813 2322 2879 in
2365 2811 2492 2878 illis
2539 2810 2758 2878 diebus
2773 2860 2793 2895 ,
2839 2811 2908 2878 in
2953 2810 3179 2895 quibus
3221 2830 3336 2878 vos
3381 2809 3557 2878 labo-

684 2918 841 2984 ratis
888 2922 953 2984 et
996 2916 1106 2984 alii
1134 2918 1463 3001 feriantur,
1511 2917 1776 2985 eandem
1806 2919 2179 2985 sententiam
2228 2918 2624 3004 pertulerint,
2669 2918 2878 3005 ipsam
2909 2921 3210 3002 tanquam
3253 2917 3557 2984 iniustam

683 3023 1000 3111 prolatam
1043 3025 1435 3091 decernimus
1482 3045 1610 3091 non
1654 3029 1887 3092 tenere.
1967 3024 2295 3110 Preterea,
2352 3045 2496 3091 cum
2543 3043 2874 3092 commune
2925 3024 3336 3092 interdictum
3387 3028 3558 3091 terre

684 3132 895 3214 fuerit,
940 3130 1130 3198 liceat
1158 3130 1337 3197 vobis
1380 3132 1450 3197 in
1480 3137 1691 3200 vestro
1736 3131 2037 3218 hospitali
2081 3133 2524 3198 nichilominus
2571 3131 2841 3198 exclusis
2887 3131 3452 3197 excommunicatis
3495 3135 3560 3197 et

682 3238 1037 3304 interdictis
1082 3237 1297 3304 divina
1342 3237 1549 3305 officia
1600 3239 1919 3306 celebrare
1978 3243 2044 3306 et
2098 3259 2204 3305 eos
2261 3240 2538 3306 maxime
2597 3237 2942 3304 confratres
3000 3237 3204 3304 eidem
3255 3237 3560 3324 hospitali

685 3363 895 3412 annua
938 3343 1241 3410 beneficia
1284 3345 1683 3428 exhibentes,
1742 3347 1851 3429 qui
1905 3347 1975 3413 in
2031 3346 2160 3412 iam
2207 3345 2375 3412 dicto
2421 3345 2723 3432 hospitali
2781 3343 3084 3428 elegerint
3140 3343 3557 3430 sepulturam,

681 3453 807 3518 nisi
862 3471 979 3538 pro
1039 3452 1171 3517 suis
1230 3452 1589 3519 excessibus
1646 3452 1883 3518 fuerint
1939 3452 2464 3519 excommunicati
2521 3456 2586 3517 et
2629 3451 3006 3518 nominatim
3049 3450 3152 3516 vel
3196 3451 3559 3537 specialiter

682 3557 1022 3642 interdicti,
1068 3557 1265 3624 libere
1310 3565 1373 3625 et
1414 3559 1553 3625 61116
1583 3558 2080 3624 contradictione
2113 3558 2328 3643 aliqua
2369 3558 2712 3625 tumuletis,
2785 3557 2935 3624 Paci
2980 3577 3227 3642 quoque
3273 3564 3340 3624 et
3381 3563 3557 3624 trau-

684 3664 984 3751 quillitati
1026 3670 1235 3732 vestre
1277 3669 1545 3752 paterna
1588 3665 1655 3730 in
1699 3669 2024 3751 posterum
2069 3665 2490 3732 sollicitudine
2532 3664 2864 3752 providere
2894 3663 3194 3748 volentes,
3241 3663 3558 3748 legatione

682 3792 811 3856 qua
852 3772 1174 3856 fungimur
1203 3770 1578 3856 inhibemuS,
1627 3778 1700 3837 ut
1731 3771 1899 3838 infra
1927 3772 2250 3839 clausuras
2284 3771 2560 3840 locorum
2607 3792 2718 3838 seu
2765 3771 3170 3854 grangiarum
3199 3776 3558 3837 vestrarum

682 3877 893 3945 nullus
938 3878 1227 3964 rapinam
1272 3875 1415 3944 seu‘
1444 3879 1685 3945 furtum
1712 3879 1941 3963 facere,
1989 3879 2200 3962 ignem
2233 3898 2572 3965 apponere,
2619 3864 2990 3962 sanguinem
3019 3877 3304 3962 fundere,
3351 3877 3556 3943 homi-

682 4005 829 4051 nem
874 3990 1112 4052 temere
1156 4003 1383 4070 capere
1429 4005 1541 4050 seu
1568 3983 1922 4052 interficere
1953 4004 2065 4052 seu
2095 3984 2469 4052 violenciam
2501 3984 2730 4052 audeat
2759 4003 3068 4050 exercere.
3140 3981 3558 4050 Decernimus

684 4111 864 4175 ergo,
924 4097 997 4157 ut
1049 4091 1209 4158 nulli
1266 4091 1521 4157 omnino
1566 4091 1893 4158 hominum
1937 4091 2128 4158 liceat
2179 4091 2499 4178 prefatum
2541 4090 2854 4178 hospitale
2891 4095 3136 4157 'temere
3179 4090 3558 4177 perturbare

684 4203 793 4264 aut
848 4198 981 4264 eius
1038 4199 1466 4284 possessiones
1523 4199 1769 4264 auferre
1826 4202 1937 4265 aut
1994 4197 2236 4265 ablatas
2291 4195 2598 4280 retinere,
2663 4197 2948 4264 minuere
3003 4217 3116 4264 seu
3171 4197 3558 4281 quibuslibet

682 4302 1121 4370 vexationibus
1163 4305 1453 4389 fatigare,
1500 4305 1611 4371 sed
1658 4304 1869 4371 omnia
1911 4305 2160 4388 integra
2203 4309 2652 4372 conserventur
2697 4323 2934 4388 eorum,
2981 4323 3096 4390 pro
3129 4323 3398 4388 quorum
3439 4325 3556 4388 gu-

681 4411 1049 4478 bernatione
1080 4431 1153 4478 ac
1184 4412 1639 4480 sustentatione
1668 4431 1967 4482 concessa
2000 4416 2168 4496 sunt,
2215 4412 2432 4479 usibus
2465 4410 2843 4478 omnimodis
2889 4410 3238 4496 profutura.
3312 4410 3383 4477 Si
3429 4431 3555 4496 qua

680 4519 877 4602 igitur
920 4518 989 4584 in
1032 4519 1315 4584 futurum
1360 4518 1782 4585 ecclesiastica
1837 4518 2220 4586 secularisve
2277 4539 2549 4605 persona
2603 4519 2767 4584 hanc
2821 4520 3034 4583 nostre
3078 4517 3553 4584 constitucionis

679 4627 977 4712 paginam
1025 4625 1229 4692 sciens
1275 4631 1497 4691 contra
1540 4645 1681 4692 eam
1726 4631 1964 4692 temere
2007 4625 2223 4692 venire
2267 4613 2692 4712 temptaverit,
2744 4623 3016 4690 secundo
3062 4624 3338 4692 terciove
3383 4643 3553 4690 com-

680 4734 921 4799 monita
964 4733 1091 4799 nisi
1121 4737 1371 4798 reatum
1402 4753 1587 4798 suum
1617 4751 1895 4816 congrua
1924 4731 2354 4799 satisfactione
2385 4731 2750 4816 correxerit,
2795 4731 3130 4817 potestatis
3157 4729 3555 4816 honorisque

682 4841 781 4905 sui
827 4840 1132 4923 dignitate
1179 4845 1393 4906 careat
1434 4859 1733 4924 reamque
1779 4859 1847 4906 se
1891 4839 2105 4906 divino
2150 4837 2383 4906 iudicio
2431 4839 2704 4906 existere
2761 4837 2839 4903 de
2896 4841 3264 4924 perpetrata
3320 4837 3550 4922 iniqui·

679 4949 813 5012 tate
845 4952 1181 5029 cognoscat
1220 4951 1283 5012 et
1313 4966 1353 5012 a
1382 4946 1809 5014 sacratissimo
1856 4965 2120 5033 corpore
2165 4951 2230 5012 et
2257 4945 2564 5029 sanguine
2595 4946 2697 5012 dei
2743 4949 2810 5011 et
2852 4943 3092 5010 domini
3135 4943 3338 5010 nostri
3367 4943 3552 5012 [besu
