3892 5609
1300 1415 2337 1528 PRAEFATIO.

583 1913 686 2043 In
747 1966 1096 2042 tabulario
1149 1966 1354 2062 regio
1389 1966 1846 2042 Berolinensi
1901 1964 2443 2043 cum-codicem
2494 1986 2709 2039 manu
2746 1962 3091 2063 scriptum
3128 1988 3239 2039 as-

397 2127 670 2201 servari
736 2128 1099 2223 cognitum
1165 2134 1384 2220 esset,
1453 2127 1842 2227 permultas
1913 2149 2179 2226 easque
2244 2121 2720 2203 aestimabiles
2778 2132 2851 2201 et
2912 2148 3242 2220 magnam

394 2292 674 2387 partem
725 2286 1029 2362 ineditas
1084 2287 1356 2363 ordinis
1396 2286 1826 2363 Theutonici
1879 2286 2153 2362 tabulas
2193 2286 2664 2385 complexum,
2722 2310 2806 2362 ac
2850 2308 3067 2385 saepe
3102 2286 3242 2361 viri

398 2446 592 2523 docti
641 2452 940 2546 propter
993 2447 1384 2543 singularia
1436 2452 1898 2524 monumenta
1953 2446 2260 2522 eundem
2314 2453 2436 2522 aut
2483 2446 2627 2546 ipsi
2681 2445 2961 2523 adirent
2995 2453 3117 2521 aut
3151 2446 3239 2523 ab

397 2606 818 2683 officialibus
887 2606 1069 2682 adiri
1119 2607 1420 2699 vellent,
1495 2608 1667 2707 quin
1737 2608 1951 2683 etiam
2006 2606 2233 2682 exteri
2284 2606 2498 2683 modo
2556 2606 2863 2682 eundem
2916 2606 3243 2684 codicem

396 2790 702 2867 peregre
754 2766 1177 2849 mittendum
1229 2767 1444 2843 modo
1503 2768 1866 2867 descripta
1917 2769 2135 2843 totius
2176 2766 2561 2843 voluminis
2618 2767 2946 2867 exempla
2997 2770 3239 2866 requi-

395 2935 670 3021 rerent‚
742 2928 1236 3003 consentiente
1304 2929 1564 3005 comite
1629 2928 1720 3003 de
1772 2926 2148 3003 Bismarck
2202 2933 2537 3003 statutum
2594 2934 2733 3019 est,
2800 2933 2879 3001 ut
2928 2927 3112 3003 liber
3164 2928 3239 3003 in

396 3088 764 3188 publicum
815 3088 1262 3188 proderetur.

607 3248 951 3326 Ernestus
1003 3251 1244 3349 itaque
1284 3249 1636 3342 Strehlke,
1691 3248 2023 3325 tabularii
2074 3210 2261 3344 regii
2310 3248 2757 3341 secretarius,
2814 3272 3025 3347 quem
3064 3274 3237 3325 con-

397 3415 535 3484 stat
601 3415 673 3485 et
739 3409 828 3485 de
896 3408 1418 3505 cognoscendis
1484 3410 1965 3486 monumentis
2016 3409 2261 3486 Italiae
2330 3410 2691 3486 inferioris
2756 3409 2995 3486 medio
3058 3434 3237 3487 aevo

395 3571 598 3646 factis
621 3566 664 3649 ι)
725 3577 797 3645 et
862 3570 952 3645 de
1024 3570 1321 3683 edendis
1389 3594 1629 3646 rerum
1680 3570 2171 3648 Prussicarum
2241 3570 2709 3670 scriptoribus
2766 3570 3031 3669 optime
3086 3594 3236 3645 me-

395 3731 647 3822 ruisse,
702 3731 910 3805 huius
966 3753 1252 3829 quoque
1307 3732 1549 3830 operis
1604 3730 2040 3830 procurandi
2086 3731 2454 3851 negotium
2490 3729 2961 3805 libentissimo
3000 3731 3235 3807 animo

397 3890 632 3966 subiit.
761 3892 899 3982 Qui
994 3915 1155 3967 cum
1239 3915 1386 3967 non
1478 3892 1893 3966 universum
1980 3882 2308 3998 ordimsj‘
2291 3880 2787 3979 Theutomci
2812 3870 3239 4019 stipularum

397 4074 659 4151 corpus
729 4050 855 4126 sed
918 4051 1300 4127 nonnullos
1355 4056 1626 4127 tantum
1682 4057 1754 4127 et
1806 4074 1932 4128 eos
1988 3992 2323 4127 diversos
2330 4046 2795 4151 met-arum
2810 4074 3107 4127 acervos
3159 4052 3237 4127 in

396 4209 647 4286 codice
701 4210 940 4286 inesse
994 4212 1502 4309 perspexisset,
1555 4212 1772 4286 totius
1824 4212 2188 4296 materiae-⁶
2192 4198 2615 4317 secundum
2651 4222 3018 4333 {annorum
3073 4236 3235 4289 cur-

397 4392 553 4447 sum
610 4370 1080 4467 digestionem
1136 4372 1372 4446 minus
1425 4370 1759 4448 idoneam
1798 4393 1957 4447 esse
1992 4378 2209 4465 ratuS,
2263 4394 2525 4447 novem
2560 4341 2637 4447 in
2651 4332 2917 4472 partes
2955 4396 3238 4448 omnem

607 4654 646 4715 ι)
695 4650 750 4705 in
787 4666 852 4706 eo
887 4649 1041 4721 libro,
1078 4652 1172 4721 qui
1204 4650 1539 4707 inscribitur:
1579 4652 1942 4721 „Denkmiiler
1978 4653 2074 4707 der
2096 4654 2278 4709 Kunst
2311 4652 2409 4709 des
2431 4653 2769 4709 Mittelulters
2804 4654 2861 4709 in
2884 4654 3239 4711 Unteritalien

395 4782 504 4823 von
539 4766 794 4822 Heinrich
827 4767 1080 4823 Wilhclm
1117 4766 1330 4823 Schulz.
1395 4768 1546 4825 Nach
1592 4768 1715 4823 dem
1753 4768 1908 4824 Tode
1951 4768 2049 4826 des
2081 4768 2396 4826 Verfassers
2430 4768 2877 4840 herausgegeben
2910 4785 3019 4826 von
3054 4770 3237 4828 Ferdi·

393 4880 540 4937 nand
573 4898 682 4939 von
719 4882 907 4951 Quast.
963 4878 1209 4939 Dresden
1247 4883 1438 4941 1860“.
