3892 5609
702 316 742 387 3
756 314 848 387 32
1322 320 1334 334 ¹
1673 322 2101 375 Pon‘rnuouu
2144 324 2593 375 Romanorum

701 485 875 556 399.
919 487 1106 574 1226,
1139 487 1289 552 iulii
1316 486 1360 551 2
1403 486 1728 551 Laterani.
1797 485 2124 551 Honorius
2159 486 2282 551 III
2314 488 2539 575 repetit
2580 509 2644 550 n.
2670 485 2805 552 313
2851 488 2929 551 de
2957 486 3131 553 1221
3180 489 3451 551 imitar.
3476 486 3587 552 16.

915 627 1232 696 Honorius
1278 610 1395 693 etc.
1621 625 1778 692 Cum
1827 626 2072 693 dilectis
2115 608 2263 693 etc.⁸
2302 626 2541 693 Datum
2569 624 2871 693 Laterani
2902 628 2967 693 vi
2996 647 3142 697 non.
3176 627 3324 693 iulii
3368 627 3591 713 ponti-

693 734 915 801 ficatus
960 735 1160 800 nostri
1209 752 1372 799 anno
1419 752 1482 797 x.

3104 858 3142 869 =

696 981 873 1053 400.
917 981 1122 1065 (Inter
1150 984 1330 1051 1216
1369 982 1518 1048 iulii
1545 982 1633 1047 24
1663 994 1721 1046 et
1751 982 1933 1047 1227
1978 985 2200 1047 martii
2224 980 2365 1062 18).
2417 982 2743 1049 Honorius
2773 982 2898 1047 ΙΙΙ
2933 984 3153 1049 ordini
3187 980 3587 1047 Thaumasion

915 1092 1224 1170 concedit,
1284 1092 1456 1176 quod
1491 1089 1739 1196 fratres
1797 1090 1927 1152 eius
1986 1091 2061 1153 ob
2118 1092 2367 1153 minora
2426 1090 2653 1167 delicta
2704 1102 2849 1155 ante
2892 1102 3246 1175 susceptum
3288 1090 3587 1154 Ιιαὸιϊιιηι

913 1200 1242 1263 commissa
1285 1200 1460 1262 intra
1502 1199 1714 1281 ipsum
1759 1196 2044 1259 ordinem
2089 1196 2538 1262 absolutionem
2574 1199 2828 1282 possint
2873 1198 3166 1282 adipisci.

915 1338 1230 1404 Honorius
1277 1338 1610 1423 episcopus
1655 1355 1874 1402 servus
1921 1355 2247 1403 servorum
2293 1337 2397 1403 dei
2428 1336 2673 1403 dilectis
2702 1335 2851 1403 filiis
2899 1386 2916 1401 .
2942 1386 2959 1403 .
3006 1338 3315 1421 magistro
3348 1340 3421 1402 et
3446 1335 3583 1402 fra-

691 1445 894 1511 tribus
941 1445 1268 1531 hospitalis
1316 1449 1530 1509 sancte
1573 1441 1772 1510 Marie
1803 1441 2326 1510 Theotonicorum
2358 1443 2841 1510 lerosolimitani
2886 1442 3157 1509 salutem
3202 1449 3270 1510 et
3314 1448 3581 1529 aposto-

690 1552 880 1618 licam
925 1551 1440 1618 benedictionem.
1701 1549 1760 1614 A
1809 1548 1957 1614 sede
2002 1549 2347 1635 apostolica
2393 1570 2507 1617 nec
2552 1550 2792 1637 petitur
2838 1550 3123 1636 improbe
3169 1570 3290 1616 nec
3332 1550 3579 1615 iniuste

692 1660 1074 1741 conceditur,
1122 1678 1236 1743 per
1266 1657 1433 1742 quod
1479 1656 1570 1723 sic
1615 1656 1801 1721 unius
1847 1660 2062 1721 votum
2110 1656 2483 1741 admittitur,
2532 1657 2701 1743 quod
2728 1658 2853 1724 iuri
2886 1656 3143 1722 alterius
3174 1656 3416 1723 iniuria
3442 1677 3577 1722 non

690 1766 979 1831 infertur.
1056 1764 1158 1831 Ex
1205 1769 1384 1849 parte
1429 1763 1738 1848 siquidem
1785 1767 1997 1827 vestra
2039 1761 2162 1827 fuit
2205 1764 2597 1850 propositum
2646 1784 2859 1830 coram
2902 1762 3117 1846 nobis,
3174 1762 3379 1848 quod,
3426 1782 3575 1829 cum

691 1871 1064 1958 plerumque
1117 1870 1444 1953 contingat
1497 1870 1726 1935 fratres
1771 1872 2015 1934 vestros
2070 1867 2183 1933 illa
2236 1868 2521 1936 confiteri
2579 1870 2838 1954 delicta,
2896 1888 3018 1954 que
3072 1873 3221 1936 ante
3279 1869 3574 1935 habitum

691 1977 1014 2061 religionis
1061 1982 1382 2063 assumpte
1428 1996 1496 2041 se
1542 1975 1826 2042 recolunt
1867 1974 2279 2059 commisisse,
2326 1997 2437 2042 vos
2484 1977 2575 2043 eis
2618 1977 3041 2063 penitenciam
3084 1976 3418 2059 iniungere
3452 1976 3573 2041 du-

691 2085 925 2152 bitatis.
1007 2083 1304 2149 Volentes
1361 2084 1555 2166 igitur
1599 2087 1805 2148 vestre
1863 2100 1937 2147 ac
1992 2081 2261 2147 fratrum
2308 2086 2659 2150 vestrorum
2712 2083 2904 2150 saluti
2946 2088 3217 2170 paterna
3260 2082 3573 2149 sollieitu-

689 2192 835 2257 dine
880 2190 1234 2277 providere,
1287 2189 1657 2255 auctoritate
1693 2188 1868 2255 vobis
1915 2190 2311 2275 presencium
2358 2190 2777 2275 indulgemus,
2826 2190 3121 2276 quatinus
3168 2190 3407 2255 eisdem
3436 2189 3569 2255 fra·

689 2297 892 2364 tribus
939 2316 1130 2383 super
1160 2296 1404 2363 delictis
1449 2295 1809 2362 huiusmodi
1851 2295 2075 2361 domus
2122 2296 2341 2363 ordine
2369 2317 2494 2363 non
2524 2298 2743 2365 relicto
2775 2297 3118 2385 secundum
3146 2297 3337 2363 deum
3364 2296 3569 2363 libere

688 2403 1080 2491 penitenciae
1135 2404 1510 2486 iniungatis,
1567 2402 1692 2467 nisi
1739 2420 2033 2468 excessus
2080 2422 2295 2469 eorum
2344 2409 2510 2471 esset
2552 2402 2827 2471 difficilis
2872 2408 2937 2470 et
2982 2404 3291 2487 enormis,
3342 2408 3569 2490 utpote

691 2511 746 2576 si
796 2516 962 2577 esset
1008 2510 1086 2575 ad
1132 2509 1599 2576 mutilacionem
1647 2508 1913 2575 membri
1943 2508 2045 2575 vel
2092 2510 2414 2594 sanguinis
2462 2511 2829 2577 effusionem
2877 2529 3239 2597 processum
3286 2516 3399 2577 aut
3430 2511 3569 2576 vio-

687 2617 863 2686 lenta
908 2637 1129 2683 manus
1169 2618 1240 2683 in
1285 2618 1650 2703 episcopum
1695 2614 1796 2682 vel
1843 2615 2135 2683 abbatem
2182 2617 2431 2702 iniecta,
2480 2638 2618 2684 cum
2669 2637 2963 2685 excessus
3008 2614 3167 2683 tales
3214 2621 3279 2684 et
3322 2616 3565 2684 similes

691 2724 826 2790 sine
872 2724 1166 2791 scandalo
1212 2728 1528 2808 nequeant
1572 2723 1883 2809 preteriri.
1954 2722 2126 2789 Nulli
2172 2744 2320 2809 ergo
2368 2726 2621 2791 omnino
2667 2725 2991 2791 hominum
3036 2724 3227 2791 liceat
3256 2722 3421 2791 hanc
3450 2744 3565 2810 pa·

688 2832 901 2915 ginam
949 2834 1162 2897 nostre
1207 2830 1626 2897 concessionis
1672 2829 2013 2913 infringere
2058 2830 2159 2897 vel
2204 2831 2264 2898 ei
2310 2850 2467 2897 ausu
2511 2832 2847 2898 temerario
2892 2832 3223 2899 contraire.
3302 2829 3373 2897 Si
3418 2832 3563 2917 quis

689 2942 900 3003 autem
930 2937 1050 3003 hoc
1081 2944 1459 3024 attemptare
1489 2938 1967 3024 presumpserit,
2001 2938 2496 3021 indignationem
2528 2937 2976 3025 omnipotentis
3007 2937 3110 3005 dei
3139 2942 3205 3004 et
3232 2938 3561 3006 beatorum

689 3042 864 3111 Petri
911 3048 974 3110 et
1016 3042 1196 3110 Pauli
1243 3044 1666 3131 apostolorum
1717 3044 1853 3110 eius
1899 3064 1969 3111 se
2013 3046 2262 3111 noverit
2304 3046 2723 3113 incursurum.
2792 3044 3028 3112 Datum
3076 3051 3191 3112 etc.

900 3184 1022 3235 Sine
1059 3185 1200 3235 dato:
1239 3184 1281 3246 1,
1307 3184 1459 3245 68v.;
1496 3184 1563 3246 11,
1589 3184 1716 3235 98v.
1755 3202 1804 3234 n.
1832 3185 1894 3235 31
1913 3203 1928 3245 ς
1967 3184 2031 3235 Α.
2058 3184 2127 3235 20
2162 3202 2213 3236 n.
2238 3186 2304 3237 31
2345 3186 2525 3237 Latine
2560 3195 2613 3237 et
2650 3186 2966 3237 Germanice.

2260 3329 2437 3337 ——-—

690 3432 869 3503 401.
911 3433 1120 3515 (Inter
1166 3436 1341 3502 1216
1395 3437 1546 3501 iulii
1585 3436 1674 3501 24
1730 3447 1786 3500 et
1827 3434 2012 3500 1227
2058 3438 2279 3501 martii
2313 3436 2457 3516 18.)
2540 3435 2869 3502 Honorius
2915 3434 3041 3500 III
3088 3447 3256 3501 vetat
3312 3438 3557 3502 ordinis

921 3541 1290 3607 Theutoniei
1331 3544 1607 3608 homines
1652 3542 1959 3629 compelli,
2008 3554 2077 3606 ut
2120 3555 2339 3608 contra
2384 3542 2756 3608 christianos
2798 3543 3202 3629 praelientur.

911 3682 1226 3749 Honorius
1275 3684 1605 3770 episcopus
1651 3703 1868 3749 servus
1915 3702 2238 3749 servorum
2280 3683 2382 3749 dei
2412 3683 2873 3751 venerabilibus
2912 3682 3216 3749 fratribus
3248 3683 3556 3769 archiepi-

617 3874 624 3882 ·
687 3790 894 3875 scopis
940 3795 1004 3855 et
1049 3790 1360 3876 episcopis
1409 3795 1471 3856 et
1517 3789 1758 3857 dilectis
1806 3788 1951 3855 filiis
1996 3789 2329 3856 abbatibus
2374 3798 2489 3858 etc.
2734 3790 2893 3857 Cum
2938 3790 3017 3855 de
3062 3790 3215 3856 viris
3260 3788 3555 3857 ecclesia—

687 3898 884 3981 sticis,
931 3897 1155 3981 quibus
1200 3895 1542 3983 plurimum
1591 3898 1888 3982 expedire
1933 3896 2298 3981 dinoscitur,
2345 3903 2417 3963 ut
2461 3900 2525 3963 in
2574 3898 2814 3965 cunctis
2862 3897 3103 3963 actibus
3134 3897 3267 3963 suis
3299 3898 3553 3963 modum

687 4003 1094 4087 ordinemque
1139 4010 1528 4087 conservent,
1573 4003 1753 4069 nobis
1802 4003 2014 4088 aliqua
2056 4005 2433 4088 referuntur,
2491 4024 2613 4089 que
2654 4005 2799 4071 illos
2843 4003 3369 4091 reprehensibiles
3414 4004 3555 4071 red·

687 4110 861 4193 dant,
909 4115 1172 4196 paterno
1219 4110 1500 4177 dolemus
1547 4110 1772 4177 affectu
1819 4116 1882 4176 et
1923 4110 2003 4177 de
2046 4112 2329 4197 ipsorum
2377 4112 2821 4179 emendacione
2864 4132 3081 4178 curam
3112 4110 3403 4177 volumus
3448 4132 3553 4195 ge-

686 4236 826 4283 rere
879 4216 1237 4302 specialem.
1322 4215 1830 4300 Significantibus
1889 4237 2042 4283 sane
2098 4217 2343 4285 dilectis
2399 4217 2547 4284 filiis
2604 4220 2905 4287 fratribus
2952 4220 3175 4287 domus
3218 4221 3551 4308 hospitalis

687 4328 902 4389 sancte
946 4322 1144 4388 Marie
1190 4322 1712 4390 Theotonicorum
1765 4323 2247 4390 lerosolimitani
2304 4326 2687 4412 accepimus,
2744 4327 2911 4411 quod
2966 4348 3082 4414 pro
3138 4331 3554 4396 communita-

684 4428 875 4512 tibus,
923 4447 1044 4512 que
1086 4430 1152 4495 in
1198 4430 1484 4516 partibus
1531 4430 1922 4516 quorundam
1952 4436 2235 4498 vestrum
2276 4431 2455 4516 fiunt,
2504 4453 2733 4517 magna
2776 4434 3065 4501 domibus
3111 4436 3392 4521 ipsorum
3416 4436 3551 4525 'per

687 4554 795 4601 vos
841 4536 1196 4602 inferuntur
1240 4536 1656 4618 incommoda,
1703 4557 1846 4603 cum
1891 4536 2175 4605 homines
2219 4538 2467 4604 illorum
2515 4546 2737 4607 contra
2762 4542 3185 4609 iuramentum
3214 4546 3549 4629 prestitum

684 4662 876 4728 super
921 4641 1294 4709 christianos
1339 4643 1716 4730 preliaturos
1761 4645 1854 4711 ire
1899 4644 2306 4731 compellitis,
2354 4646 2519 4711 unde
2566 4652 2630 4713 et
2672 4648 2797 4733 ipsi
2838 4648 3188 4733 periurium
3223 4651 3551 4718 incurrunt

685 4752 748 4815 et
791 4748 980 4813 iidem
1029 4748 1256 4815 fratres
1305 4768 1398 4834 ea,
1447 4770 1566 4835 que
1615 4770 1727 4836 pro
1773 4752 2134 4818 defensione
2180 4752 2659 4819 christianitatis
2690 4754 2757 4819 in
2789 4756 3233 4823 transmarinis
3263 4760 3549 4844 partibus

577 4916 582 4924 .
683 4855 1039 4941 expendere
1085 4862 1568 4941 consueverant,
1625 4877 1740 4943 pro
1785 4858 2227 4945 redempcione
2270 4860 2585 4945 ipsorum,
2644 4880 2785 4927 cum
2832 4862 3166 4948 capiuntur
3208 4864 3279 4931 in
3325 4866 3545 4951 prelio,

682 4962 930 5028 tradere
987 4962 1463 5050 compelluntur.
1547 4963 1723 5043 Quod
1770 4984 1958 5049 quam
2014 4964 2343 5051 indignum
2388 4972 2453 5033 et
2504 4968 2879 5037 sacerdotali
2924 4968 3128 5038 officio
3172 4972 3259 5038 sit
3302 4978 3549 5041 contra-
