3892 5609
708 370 752 441 2
765 370 858 441 92
1205 432 1214 449 ,
1685 382 2111 431 Ponrrmcnu
2156 382 2601 431 somniorum

701 540 944 609 iustitie
999 546 1451 628 conquerentes
1509 543 1981 609 universitatem
2028 547 2305 609 vestram
2358 542 2562 609 literis
2620 542 2939 631 petierunt
2995 542 3365 629 apostolicis
3420 544 3586 609 exci-

701 646 847 732 tari,
879 654 952 715 ut
977 648 1069 714 ita
1099 648 1391 715 videlicet
1421 651 1512 717 eis
1541 650 1608 716 in
1639 648 2158 717 tribulacionibus
2202 650 2333 715 suis
2364 655 2585 716 contra
2624 648 3059 715 malefactores
3098 670 3253 715 suos
3290 655 3589 736 prompta

701 753 986 822 debeatis
1033 756 1553 840 magnanimitate
1597 776 1996 841 consurgere,
2045 756 2211 841 quod
2255 755 2335 823 ab
2368 756 2696 839 angustiiS‚
2744 775 2901 841 quas
2932 756 3268 839 sustinent,
3316 762 3385 823 et
3404 776 3589 850 ‘pres-

701 863 867 929 suris
923 868 1132 929 vestro
1189 864 1436 949 possint
1479 864 1754 949 presidio
1812 864 2155 950 respirare;
2216 864 2485 947 ideoque
2540 863 2939 929 universitati
2995 868 3205 931 vestre
3262 884 3382 949 per
3436 884 3585 949 apo-

701 969 925 1037 stolica
968 970 1206 1056 scripta
1251 970 1623 1037 mandamus
1657 974 1844 1056 atque
1874 969 2282 1057 precipimus,
2331 970 2627 1055 quatinus
2662 968 2829 1053 illos,
2878 970 2985 1054 qui
3022 969 3459 1055 possessiones
3489 970 3585 1037 vel

699 1097 801 1142 res
843 1097 956 1143 seu
997 1077 1216 1169 domos
1245 1078 1671 1166 predictorum
1701 1078 1973 1144 fratrum
2003 1076 2103 1143 vel
2134 1077 2459 1143 hominum
2492 1094 2747 1143 suorum
2788 1076 3207 1143 irreverenter
3236 1078 3587 1143 invaserint

697 1180 800 1248 vel
846 1203 922 1250 ea
975 1184 1208 1251 iniuste
1252 1184 1667 1268 detinuerint,
1729 1204 1850 1269 que
1894 1184 2195 1270 predictis
2239 1183 2541 1250 fratribus
2588 1204 2667 1249 ex
2710 1188 3089 1249 testamento
3144 1184 3585 1250 decedentium

698 1288 1162 1375 relinquuntur,
1221 1311 1332 1357 seu
1391 1292 1458 1357 in
1506 1291 1679 1377 ipsos
1723 1291 1953 1357 fratres
1998 1296 2218 1357 contra
2253 1281 2607 1377 'apostolice
2666 1290 2833 1357 sedis
2889 1289 3139 1356 indulta
3192 1291 3585 1357 sentenciam

699 1398 1373 1464 excommunicacionis
1433 1404 1542 1463 aut
1597 1398 1918 1465 interdicti
1975 1398 2481 1484 presumpserint
2536 1395 2937 1483 promulgare
2996 1395 3095 1465 vel
3154 1396 3435 1465 decimas
3490 1397 3586 1463 la-

697 1500 921 1569 borum
989 1504 1068 1569 de
1143 1491 1644 1592 possessionibu's
1711 1504 1944 1571 habitis
2014 1508 2161 1570 ante
2226 1504 2559 1571 concilium
2630 1502 2921 1587 generale
2988 1524 3102 1571 seu
3172 1503 3587 1571 nutrimentis

696 1608 979 1694 ipsorum
1029 1612 1258 1697 spretis
1304 1609 1656 1697 privilegiis
1703 1611 2047 1697 apostolice
2092 1610 2259 1677 sedis
2307 1618 2701 1697 extorquere,
2750 1610 3103 1677 monicione
3148 1612 3485 1697 premissa,
3532 1612 3590 1676 si

695 1713 843 1781 laici
886 1715 1140 1801 fuerint,
1187 1717 1436 1805 publice
1481 1717 1757 1785 candelis
1805 1720 2083 1786 accensis
2130 1717 2795 1787 excommunicationis
2826 1718 3147 1783 sentencia
3188 1718 3589 1804 percellatis;

697 1820 753 1886 si
801 1840 948 1887 vero
1006 1822 1214 1889 clerici
1267 1824 1367 1890 vel
1425 1825 1709 1891 canonici
1767 1826 2088 1909 regulares
2146 1847 2258 1893 seu
2316 1824 2607 1892 monachi
2660 1825 2924 1908 fuerint,
2984 1844 3091 1890 eos
3150 1824 3591 1911 appellacione

695 1933 940 1994 remota
987 1929 1066 1995 ab
1097 1929 1300 1996 officio
1333 1937 1397 1997 et
1431 1930 1728 1998 beneficio
1759 1933 2181 2019 suspendatis,
2232 1936 2519 2000 neutram
2550 1930 2897 1997 relaxaturi
2928 1932 3337 2017 sentenciam,
3380 1934 3589 1999 donec

696 2034 999 2120 predictis
1055 2036 1356 2104 fratribus
1415 2036 1697 2123 plenarie
1747 2040 2170 2123 satisfaciant,
2238 2048 2300 2107 et
2342 2046 2471 2105 tam
2532 2039 2679 2119 laici
2735 2058 2925 2123 quam
2981 2038 3195 2105 clerici
3240 2039 3586 2122 seculares,

699 2142 808 2225 qui
854 2163 970 2229 pro
1018 2143 1295 2211 violenta
1339 2164 1640 2210 manuum
1685 2146 2030 2213 inieccione
2076 2146 2495 2213 anathematis
2525 2145 2773 2213 vinculo
2817 2144 3053 2211 fuerint
3081 2145 3391 2227 innodati,
3432 2165 3587 2213 cum

697 2247 1017 2316 diocesani
1063 2250 1342 2337 episcopi
1385 2251 1616 2319 litteris
1651 2252 1730 2318 ad
1761 2252 1976 2319 sedem
2007 2252 2419 2339 apostolicam
2449 2252 2771 2319 venientes
2804 2251 2883 2318 ab
2914 2252 3131 2318 eodem
3162 2252 3415 2319 vinculo
3444 2273 3589 2319 me·

693 2361 954 2422 reantur
1001 2354 1295 2424 absolvi¹.
1377 2358 1577 2425 Villas
1626 2364 1857 2444 autem,
1905 2362 1973 2433 in
2020 2360 2247 2445 quibus
2291 2359 2459 2426 bona
2512 2358 2937 2446 predictorum
2991 2360 3262 2427 fratrum
3309 2359 3411 2425 vel
3462 2358 3587 2425 ho-

693 2462 934 2531 minum
983 2484 1242 2531 suorum
1287 2464 1544 2533 detenta
1585 2465 1858 2550 fuerint,
1918 2466 2219 2552 quamdiu
2260 2465 2351 2533 ibi
2398 2472 2574 2551 sunt,
2620 2465 2939 2532 interdicti
2982 2467 3294 2533 sententie
3338 2486 3586 2553 suppo-

691 2570 881 2637 natis.
949 2571 1188 2670 Datum
1233 2570 1534 2638 Laterani
1583 2573 1714 2638 xvii
1758 2572 1887 2640 kal.
1937 2572 2240 2640 februarii
2284 2572 2687 2659 pontificatus
2732 2572 2937 2639 nostri
2982 2592 3145 2639 anno
3193 2573 3432 2659 quinto.

906 2710 1028 2769 sine
1064 2699 1208 2762 deth:
1251 2712 1293 2773 1,
1321 2710 1415 2774 ’ω
1452 2712 1518 2776 11,
1563 2713 1661 2764 105
1699 2731 1749 2764 n.
1775 2712 1873 2774 532
1908 2714 2165 2766 A.20.51
2206 2714 2386 2765 natine
2422 2722 2475 2765 et
2500 2713 2801 2765 Germanico
2836 2728 2949 2763 oum
2972 2722 3121 2765 nota:
3156 2713 3209 2764 in
3234 2713 3465 2764 τηίωω
3486 2712 3579 2763 in-

691 2798 878 2850 feriori.
933 2799 1024 2851 Dis
1060 2799 1378 2866 privilegium
1414 2802 1457 2853 is
1494 2818 1637 2853 zeum
1672 2802 1932 2853 n'edirsten
1970 2802 2200 2855 Utrecht.
2260 2803 2324 2855 B.
2356 2802 2456 2854 126
2492 2802 2625 2855 inter
2660 2802 3065 2867 Mai-burgensis,
3102 2802 3166 2855 cf.
3197 2802 3315 2853 196.
3344 2830 3405 2841 -
3446 2802 3579 2855 oum

694 2886 838 2938 dato:
875 2887 1114 2939 Laterani
1143 2889 1242 2941 xvii
1263 2889 1367 2941 kal.
1391 2890 1519 2941 febr.
1543 2909 1594 2956 p.
1620 2906 1666 2941 a.
1687 2891 1738 2943 5.
1793 2890 1884 2952 IV,
1915 2892 2016 2943 178
2028 2910 2103 2953 v.;
2142 2892 2249 2944 Ioh.
2274 2892 2373 2953 273
2410 2891 2473 2943 A.
2500 2890 2565 2943 16
2600 2908 2651 2957 p.
2679 2891 2748 2942 62
2778 2892 2860 2955 „in
2884 2890 3181 2958 Marpurg“.
3242 2892 3383 2957 „Hoc
3417 2890 3577 2941 etim

691 2974 943 3026 invenitur
977 2976 1030 3027 in
1059 2976 1414 3030 Machelinia“.
1473 2979 1606 3031 Edd.
1633 2980 1902 3032 Caorsinus
1938 2980 2000 3031 B.
2026 2980 2087 3042 73
2125 2980 2321 3032 Senner
2356 2979 2421 3032 D.
2452 2982 2543 3031 5v.
2583 3009 2647 3018 —
2688 2980 2813 3031 Cum
2849 2978 2995 3031 dato:
3032 2978 3220 3031 Tibure
3254 2980 3292 3031 ii
3314 2978 3417 3031 kal.
3446 2979 3579 3030 iunii

693 3080 741 3115 a.
765 3063 816 3115 9.
874 3064 1150 3129 „Traiecffl
1191 3066 1256 3118 A.
1287 3067 1353 3118 16
1388 3083 1440 3134 p.
1470 3067 1586 3119 106.
1769 3068 1816 3119 1.
1853 3068 1919 3119 Π.
1956 3068 2181 3121 libertati
2216 3068 2419 3124 caeteri.
2598 3068 2649 3120 2.
2690 3068 2905 3121 Caetera
2940 3068 3126 3122 desunt
3159 3067 3226 3120 IL

600 3458 615 3470 ,
697 3380 874 3454 323.
915 3388 1089 3454 1221
1137 3390 1428 3453 ianuarii
1469 3388 1558 3454 17
1607 3388 1916 3455 Laterani
1958 3390 2073 3474 (ef.
2106 3392 2287 3458 1223
2330 3395 2464 3457 ian.
2498 3392 2587 3457 12
2631 3405 2689 3456 et
2730 3392 2841 3473 31,
2882 3392 3057 3479 febr.
3090 3393 3136 3458 3
3182 3406 3241 3458 ec
3281 3394 3327 3459 4
3372 3392 3569 3458 Late-

912 3493 1122 3575 rani).
1193 3495 1522 3561 Honorius
1554 3496 1680 3561 III
1715 3496 1885 3561 iubet
1933 3498 2359 3582 parochianos
2406 3500 2551 3585 coyi
2604 3498 3019 3564 ecclesiastica
3064 3499 3439 3586 disciplina,
3498 3512 3573 3563 ut

915 3602 1131 3665 ordini
1177 3600 1557 3668 Theutonieo
1601 3605 1912 3669 iustitiam
1947 3616 2288 3689 praestent.
2776 3606 2785 3613 ’

917 3738 1232 3809 Honorius
1289 3742 1621 3829 episcopus
1667 3764 1886 3810 servus
1933 3763 2259 3811 servorum
2308 3744 2410 3813 dei
2454 3744 2943 3833 archiepiscopis
2996 3753 3062 3813 et
3107 3748 3419 3835 episcopis
3477 3744 3571 3814 et¹

693 3846 940 3915 dilectis
993 3848 1140 3915 filiis
1197 3848 1559 3933 abbatibuS,
1619 3851 1969 3936 prioribus,
2019 3852 2505 3938 archidiaconis,
2553 3852 2806 3920 decanis
2832 3924 2837 3929 ,
2862 3859 2927 3920 et
2970 3852 3113 3921 aliis
3160 3854 3567 3921 ecclesiarum

691 3954 976 4039 prelatis,
1023 3955 1104 4021 ad
1133 3976 1288 4041 quos
1335 3956 1543 4022 littere
1572 3955 1692 4023 iste
1737 3959 2161 4043 pervenerint,
2206 3958 2477 4027 salutem
2508 3965 2573 4027 et
2603 3960 3014 4048 apostolicam
3044 3961 3561 4029 benedictionem.

815 4058 976 4127 Cum
1023 4080 1062 4127 a
1103 4062 1542 4146 religiosorum
1573 4063 1854 4129 virorum
1899 4066 2215 4151 pressuris
2262 4072 2327 4132 et
2370 4066 2677 4134 molestiis
2720 4066 2837 4151 illi,
2885 4087 3151 4152 quorum
3193 4069 3389 4156 pedes
3422 4074 3567 4135 sunt

689 4166 934 4235 veloces
979 4168 1060 4235 ad
1105 4169 1362 4251 malum,
1409 4170 1744 4237 severitate
1789 4166 2061 4239 debeant
2104 4172 2529 4239 ecclesiastica
2572 4173 2846 4241 cohiberi
2892 4181 2957 4241 et
2984 4174 3352 4243 inferiorum
3384 4176 3565 4263 culpe

690 4274 916 4341 merito
963 4275 1046 4341 ad
1090 4275 1366 4361 prelatos
1415 4276 1660 4344 desides
1707 4277 2081 4362 referantur,
2129 4280 2279 4365 quia
2321 4280 2610 4347 facientis
2666 4282 2918 4368 culpam
2964 4283 3176 4365 habet,
3223 4283 3353 4369 qui,
3400 4282 3563 4369 quod

689 4386 902 4467 potest
947 4381 1282 4467 corrigere,
1329 4383 1594 4467 negligit
1639 4384 2005 4467 emendare3
2067 4387 2389 4471 miramur,
2438 4388 2601 4454 sicut
2652 4408 2987 4475 possumus
3033 4390 3111 4456 de
3155 4389 3403 4456 ratione
3444 4390 3561 4455 mi-

688 4488 840 4572 rari,
887 4488 1073 4573 quod,
1121 4488 1285 4556 sicut
1328 4488 1573 4557 dilectis
1617 4489 1764 4557 filiis
1811 4491 2113 4558 fratribus
2156 4492 2489 4579 hospitalis
2536 4500 2751 4561 sancte
2788 4494 2989 4563 Marie
3033 4494 3559 4563 Theutonicorum

687 4590 1172 4661 lerosolimitani
1217 4596 1714 4679 significantibus
1762 4600 2141 4685 accepimus,
2187 4600 2635 4687 parrochianos
2680 4607 2944 4687 vestros,
2997 4603 3075 4669 de
3120 4603 3349 4688 quibus
3394 4602 3562 4689 apud

688 4720 800 4767 vos
847 4700 1167 4787 querelam
1214 4702 1556 4789 deponunt,
1604 4724 1732 4771 non
1777 4704 2157 4792 compellitis
2190 4707 2271 4773 ad
2316 4707 2632 4775 iusticiam
2666 4708 3115 4791 exhibendam3
3164 4711 3220 4777 si
3250 4730 3401 4777 vero
3446 4709 3561 4775 ali-

689 4827 846 4892 quos
891 4810 1522 4877 excommunicationi
1567 4811 1888 4879 interdum
1931 4812 2035 4879 vel
2078 4814 2412 4881 interdicto
2444 4816 2821 4901 supponitis,
2866 4817 3254 4883 sentenciam
3286 4824 3559 4884 vestram

685 4914 1010 4981 remittitis
1053 4915 1356 4984 fratribus
1399 4918 1768 4985 inconsultis
1814 4925 1878 4986 et
1923 4920 2357 4988 satisfactione
2402 4941 2679 5004 congrua
2724 4924 3147 5008 pretermissa.
3228 4923 3389 5001 Quia
3442 4923 3558 5007 igi-

685 5025 792 5087 tur
819 5023 1130 5091 sustinere
1159 5022 1450 5092 nolumus
1474 5026 1904 5113 incorreptum
1919 5024 1963 5111 ²,
1998 5028 2161 5112 quod
2186 5028 2251 5093 in
2276 5026 2601 5095 nostrum⁸
2630 5035 2694 5095 et
2720 5029 3142 5139 subiectorum
3167 5026 3559 5097 nostrorum‘
