3892 5609
1150 304 1381 353 ranna
1425 303 1709 352 saxon.
1780 303 2112 352 amma.
2179 301 2445 352 onnus
3082 293 3120 364 1
3135 293 3172 364 1
3187 291 3230 364 9

364 461 675 532 effectum.
758 463 1063 531 Exhibita
1118 464 1431 549 siquidem
1484 463 1665 529 nobis
1710 467 1923 528 vestra
1977 462 2200 548 petitio
2246 462 2640 546 continebat,
2699 462 2868 547 quod
2909 433 3118 529 vestre
3173 467 3238 530 et

360 569 593 636 militie
636 567 886 656 Templi
943 589 1017 636 ac
1068 569 1401 657 hospitalis
1460 574 1673 636 sancte
1730 568 1929 635 Marie
1977 569 2505 638 Theutonicorum
2562 566 3238 636 Ierosolimitanorum²

362 675 695 742 domorum
725 676 1036 762 magistri,
1084 683 1485 763 preceptores
1518 682 1581 742 et
1610 681 1953 742 conventus
2001 697 2214 743 earum
2248 677 2718 743 considerantes
2763 681 3021 758 attente,
3070 674 3237 760 quod

360 787 663 870 pretextu
706 782 1015 850 bonorum
1060 789 1124 850 et
1166 784 1400 850 inrium
1444 785 1515 849 in
1558 781 2078 866 lerosolimitanO,
2134 782 2330 870 Cypri
2376 787 2441 850 et
2484 783 2788 850 Armenie
2829 783 3044 867 regnis
3091 800 3236 848 nee-
3341 835 3352 844 .

361 910 494 958 non
534 891 897 977 principatu
926 888 1321 958 Antiocheno
1366 896 1431 957 et
1460 890 1763 956 comitatu
1792 889 2184 976 Tripolitano
2220 891 2302 957 ad
2330 890 2548 957 domos
2592 890 2767 976 ipsas
2814 889 3237 976 spectantium

360 997 726 1082 frequenter
767 997 933 1063 inter
976 1002 1191 1083 partes
1238 997 1661 1064 suscitabatur
1704 998 1972 1064 materia
2018 998 2448 1081 questionum,
2495 1003 2560 1064 et
2603 997 2770 1082 quod
2816 1001 3076 1082 propter
3119 994 3238 1061 hoc

362 1104 895 1172 dehonestabatur
937 1105 1262 1188 religionis
1306 1104 1659 1188 integritas,
1712 1105 1994 1172 caritatis
2037 1105 2208 1171 inter
2252 1124 2358 1172 eos
2403 1103 2724 1170 vinculum
2769 1102 3129 1170 solvebatur
3173 1105 3240 1168 et

361 1231 490 1278 non
536 1211 853 1277 modicum
900 1207 1263 1298 deperibat²
1308 1212 1559 1295 negotio
1607 1210 1799 1276 Terre
1846 1209 2107 1296 Sancte,
2167 1229 2242 1277 ac
2297 1210 2560 1296 provide
2613 1210 2713 1276 his
2759 1229 3086 1288 occurrere
3129 1228 3237 1275 cu·-

361 1318 632 1405 pientes,
679 1317 966 1402 diligenti
1011 1317 1463 1386 deliberatione
1506 1316 1841 1404 prehabita
1884 1318 1962 1384 de
2006 1317 2347 1405 proborum
2377 1318 2660 1385 virorum
2707 1317 2968 1384 consilio
3013 1315 3238 1382 unani-

358 1425 553 1490 miter
598 1429 663 1490 et
706 1425 1098 1492 concorditer
1142 1425 1545 1508 ordinarunt,
1596 1428 1699 1507 ut,
1748 1426 2261 1509 quotiescumque
2307 1445 2499 1512 super
2540 1425 2906 1491 huiusmodi
2947 1423 3128 1490 bonis
3175 1428 3242 1489 et

359 1531 607 1598 iuribus
652 1531 1062 1598 suscitaretur
1106 1531 1272 1598 inter
1319 1551 1425 1599 eos
1471 1531 1554 1599 ad
1595 1531 1867 1598 invicem
1908 1531 2274 1598 huiusmodi
2305 1531 2578 1598 materia
2607 1531 3028 1618 questionum,
3074 1549 3238 1596 unus

360 1635 443 1704 de
486 1642 701 1728 vestra
756 1641 821 1704 et
874 1637 1155 1722 qualibet
1199 1639 1529 1708 domorum
1580 1638 1866 1724 ipsarum
1910 1638 2146 1721 singuli
2189 1659 2232 1704 a
2272 1644 2646 1724 preceptore
2689 1623 2805 1704 suo
2849 1638 3080 1704 fratres
3126 1635 3240 1703 eli-

361 1749 662 1827 gerentur
706 1744 937 1832 ydonei
978 1765 1096 1832 pro
1142 1745 1574 1831 questionibus
1618 1744 1776 1831 ipsis
1821 1744 2238 1812 amicabiliter
2269 1744 2670 1826 dirimendis;
2715 1745 2810 1810 ita
2855 1743 3022 1828 quod
3066 1742 3240 1828 quic-

364 1871 555 1936 quam
598 1851 959 1918 huiusmodi
1002 1852 1232 1918 fratres
1280 1852 1461 1919 electi
1507 1872 1548 1918 a
1587 1855 1799 1918 vestro
1846 1856 1913 1917 et
1954 1851 2432 1938 preceptoribus
2489 1851 2649 1937 ipsis
2708 1851 2788 1916 ad
2832 1851 2952 1917 hoc
2997 1851 3238 1935 specia-

360 1957 509 2023 liter
550 1953 893 2024 nominati⁸
929 1958 1032 2025 vel
1075 1957 1317 2025 duobus
1360 1958 1647 2045 ipsorum
1690 1977 1882 2043 super
1927 1958 2358 2042 questionibus
2401 1958 2559 2044 ipsis
2605 1957 3023 2039 ordinaretur,
3068 1955 3233 2022 diffi-

364 2065 609 2130 niretur
636 2067 703 2130 et
722 2065 1151 2148 ,amicabiliter
1179 2065 1647 2150 terminaretur,
1690 2063 2140 2132 inviolabiliter
2170 2085 2210 2131 a
2239 2064 2527 2151 partibus
2573 2069 2932 2131 servaretur
2978 2068 3042 2131 et
3083 2062 3232 2130 inde

362 2171 771 2238 observandis
814 2171 939 2240 hiis
982 2192 1025 2239 a
1050 2172 1231 2239 vobis
1276 2191 1351 2238 ac
1394 2172 1579 2238 dictis
1624 2171 1970 2256 magistris,
2014 2172 2488 2258 preceptoribus
2535 2173 2599 2238 et
2642 2171 3072 2254 conventibus,
3120 2189 3232 2256 ap·

362 2278 575 2364 posita
616 2282 791 2346 certa
832 2297 1001 2365 pena
1043 2284 1110 2346 et
1150 2280 1419 2365 prestito
1466 2277 1879 2364 corporaliter
1920 2279 2295 2363 iuramento,
2340 2281 2532 2365 prout
2571 2278 2640 2342 in
2669 2276 2870 2343 literis
2904 2276 3052 2343 inde
3083 2295 3230 2343 con-

360 2384 545 2452 fectis
597 2384 847 2471 plenius
904 2384 1133 2452 dicitur
1188 2385 1517 2453 contineri.
1595 2383 1653 2450 N
1656 2405 1725 2451 os
1780 2385 1996 2470 itaque
2039 2385 2270 2452 vestris
2327 2383 2890 2471 supplicationibus
2945 2383 3234 2452 inclinati

362 2491 823 2558 ordinationem
868 2491 1247 2576 huiusmodi,
1296 2492 1463 2558 sicut
1502 2491 1645 2576 rite,
1690 2491 1827 2558 sine
1872 2491 2190 2578 pravitate
2235 2509 2312 2558 ac
2355 2539 2726 2557 .........
2744 2485 2768 2519 ⁴
2811 2489 2982 2556 facta
3025 2495 3124 2557 est
3166 2495 3232 2558 et

362 2618 401 2664 a
444 2599 733 2685 partibus
778 2604 1002 2684 sponte
1048 2603 1303 2685 recepta
1354 2603 1419 2665 et
1459 2598 1529 2665 in
1574 2597 1837 2664 alicuius
1880 2597 2301 2684 preiudicium
2341 2615 2472 2664 non
2514 2595 2858 2680 redundat,
2915 2602 3122 2663 ratam
3167 2603 3233 2664 et

358 2702 611 2770 firmam
655 2705 957 2772 habentes
1000 2705 1207 2791 ipsam
1254 2705 1629 2772 auctoritate
1672 2704 2020 2792 apostolica
2055 2702 2498 2771 confirmamus
2543 2708 2608 2771 et
2651 2703 2966 2790 presentis
3008 2703 3232 2789 scripti

360 2810 714 2897 patrocinio
774 2812 1250 2878 communimus.
1343 2811 1517 2878 Nulli
1571 2832 1720 2895 ergo
1776 2811 2032 2877 omnino
2093 2811 2420 2877 hominum
2472 2810 2664 2877 liceat
2713 2811 2876 2877 hanc
2931 2812 3230 2897 paginam

358 2922 576 2985 nostre
620 2916 1115 2985 confirmationis
1158 2918 1502 3000 infringere
1529 2917 1631 2984 vel
1662 2919 1721 2984 ei
1751 2937 1909 2985 ausu
1938 2919 2274 2986 temerario
2319 2917 2654 2984 contraire.
2726 2915 2796 2984 Si
2831 2919 2970 3002 quis
3017 2924 3230 2984 autem

358 3022 477 3092 hoc
533 3029 913 3111 attemptare
968 3025 1494 3112 praesumpserit,
1554 3023 2052 3108 indignationem
2111 3024 2560 3110 omnipotentis
2619 3024 2722 3090 dei
2779 3028 2844 3091 et
2899 3024 3228 3092 beatorum

358 3130 533 3198 Petri
567 3137 632 3198 et
657 3131 841 3198 Pauli
886 3132 1313 3218 apostolorum
1358 3131 1493 3198 eius
1539 3151 1607 3198 se
1650 3131 1901 3198 noverit
1940 3130 2362 3200 incursurum.
2433 3129 2671 3198 Datum
2699 3129 2995 3216 Lugduni
3039 3133 3226 3200 tertio

358 3237 500 3306 idus
543 3239 760 3304 martii
802 3236 1204 3326 pontificatus
1248 3238 1453 3306 nostri
1494 3257 1661 3305 anno
1704 3237 1913 3305 tertio.

572 3379 651 3429 Ex
685 3377 917 3446 originali
952 3377 1141 3430 archivi
1173 3376 1455 3429 Melitensis
1491 3377 1679 3429 ordinis
1714 3377 1860 3444 hosp.
1884 3395 1926 3428 s.
1951 3375 2192 3428 Iohannis
2215 3375 2479 3442 Baptistae
2513 3376 2675 3430 edidit
2709 3377 3038 3431 Sebastianus
3061 3377 3227 3442 Pauli,

360 3467 545 3520 Codice
568 3466 887 3533 diplomatico
912 3465 997 3518 del
1020 3481 1163 3518 sacro
1186 3465 1399 3518 militare
1424 3467 1601 3518 ordine
1624 3465 2044 3518 Gerosolimitano
2079 3464 2200 3531 oggi
2221 3465 2276 3516 di
2296 3465 2475 3518 Malta.
2529 3466 2696 3520 Lueca
2723 3467 2876 3521 1733.
2913 3467 3000 3520 fol.
3035 3467 3078 3529 Ι,
3103 3467 3226 3530 279,

356 3555 495 3608 bolla
514 3555 657 3618 XIV,
694 3556 831 3607 unde
852 3554 1201 3608 mutuavimus.
1228 3583 1291 3593 —
1320 3554 1677 3621 Subiungimus
1710 3555 1795 3606 hie
1815 3553 2049 3606 notitiam
2084 3553 2150 3604 de
2183 3553 2356 3604 ultimo
2393 3553 2562 3606 forsan
2599 3555 2788 3607 ordinis
2813 3555 3110 3608 Theutonici
3144 3557 3224 3608 ‹li-

356 3644 579 3711 plomate
612 3644 665 3696 in
698 3645 854 3696 Terra
890 3643 1079 3696 Sancta
1114 3643 1249 3695 edito
1278 3641 1414 3694 1289
1452 3643 1589 3710 (aug.
1620 3643 1705 3708 14)
1743 3643 1916 3694 Aeeon
1951 3642 2005 3694 in
2039 3642 2187 3694 domo
2224 3651 2397 3695 nostra
2430 3642 2483 3694 in
2519 3643 2696 3710 vigilia·
2725 3645 3085 3710 assumpcionia
3120 3644 3225 3696 vir-
3271 3673 3276 3687 ·

358 3733 489 3798 ginis
524 3731 779 3798 preelecte
820 3733 1005 3798 „frater
1028 3731 1277 3784 Wirichus
1316 3731 1381 3782 de
1416 3731 1721 3793 Homberch,
1756 3731 1958 3782 humilis
1993 3740 2260 3799 preceptor
2295 3729 2558 3797 hospitalis
2596 3739 2770 3782 sancte
2805 3731 2968 3785 Mario
2998 3735 3222 3786 Theuto-

355 3821 579 3873 nieorum
606 3821 670 3872 de
692 3820 983 3884 Ierusalem,
1018 3821 1151 3873 vices
1188 3836 1372 3886 gerens
1407 3819 1635 3885 magistri
1670 3819 1921 3885 generalis
1957 3820 2012 3871 in
2044 3827 2182 3872 terra
2217 3827 2409 3881 sancta,
2445 3827 2706 3886 totumque
2741 3821 3013 3886 capitulum
3048 3823 3224 3875 domus

356 3907 621 3976 hospitalis
657 3907 911 3960 eiusdem“
940 3909 1271 3960 Lubicensem
1294 3908 1547 3960 civitatem
1580 3915 1767 3969 monet,
1803 3915 1861 3959 nt
1895 3925 1988 3976 pro
2011 3908 2324 3960 redemtione
2345 3907 2571 3958 Heinrici
2595 3907 2660 3958 de
2681 3907 3055 3976 Mekelenburg
3090 3911 3228 3976 apud

356 3997 519 4063 ipsam
556 3996 787 4063 deposita
818 4014 921 4049 mm
955 4013 1233 4050 marcarum
1268 3997 1469 4063 argenti
1500 3997 1806 4048 Anastasius
1852 3997 1963 4048 eius
2008 3997 2152 4050 uxori
2193 4005 2250 4048 et
2293 3997 2410 4048 filiis
2455 3995 2662 4060 reddat,
2715 4013 2856 4062 „curn
2892 3997 3050 4064 procli
3085 3998 3228 4052 dolor

357 4103 457 4138 non
494 4085 563 4138 sit
596 4103 741 4154 spes,
787 4085 925 4152 qnod
968 4085 1078 4138 istis
1119 4085 1427 4152 temporibus
1462 4085 1645 4138 nobilis
1683 4085 1913 4138 dominus
1947 4085 2198 4138 Hem-icus
2233 4085 2300 4136 de
2333 4083 2732 4136 Mekelenburch
2768 4103 2801 4136 a
2835 4085 3227 4141 sarracenorum

356 4174 565 4226 vinealis
600 4175 889 4236 redimatur,
927 4175 1089 4226 donee
1124 4175 1251 4225 deus
1286 4173 1418 4224 viam
1454 4173 1603 4224 aliam
1637 4181 1691 4226 et
1722 4174 1926 4226 modum
1961 4172 2327 4240 redempcionis
2364 4173 2600 4240 dignetur
2635 4191 2728 4241 per
2763 4189 2906 4226 suam
2940 4175 3222 4228 misericor-

356 4261 494 4314 diam
530 4262 778 4328 aperire“.
830 4263 909 4313 Ex
945 4261 1193 4328 originali,
1230 4262 1311 4314 cui
1346 4261 1601 4328 appendet
1639 4261 1823 4328 duplex
1854 4262 2074 4328 sigillum
2111 4261 2195 4328 (cf.
2221 4279 2375 4329 supra
2411 4279 2460 4312 n.
2486 4261 2606 4328 123)
2643 4261 2838 4314 habena
2875 4263 3225 4331 inscriptiones

358 4351 407 4416 a)
446 4357 477 4411 †
516 4352 573 4402 s’.
598 4349 861 4416 hospitalis
898 4360 1070 4401 sancte
1104 4349 1295 4412 Marie,
1339 4351 1395 4417 b)
1434 4351 1609 4402 domus
1648 4349 2032 4403 Teutonicos-um
2068 4350 2249 4413 Irl'm.,
2295 4350 2346 4402 in
2383 4351 2621 4402 thesauro
2658 4351 2928 4403 Lubicensi
2969 4362 3225 4406 asservato

355 4449 413 4490 ut
446 4446 644 4491 taceam
679 4437 780 4489 alia
813 4437 895 4490 ed.
930 4437 984 4489 in
1020 4437 1433 4490 Urkundenbuch
1470 4439 1560 4490 der
1598 4438 1749 4490 Stadt
1781 4437 2010 4491 Lfibeek.
2063 4439 2276 4490 Lubeek
2304 4439 2456 4492 1843.
2502 4439 2556 4492 4.
2599 4440 2642 4502 1,
2666 4440 2774 4492 489
2807 4459 2858 4492 n.
2882 4439 3223 4494 Dxxxvm.

356 4527 891 4593 Mocklenburgisches
922 4525 1354 4578 Urkundenbuch.
1408 4527 1663 4578 Schwerin
1691 4527 1843 4580 1865.
1890 4528 1941 4580 4.
1987 4527 2080 4588 111,
2105 4510 2212 4578 3'54
2244 4545 2296 4579 n.
2319 4527 2477 4580 2030.
2648 4529 2693 4582 l.
2732 4529 2804 4581 sie
2835 4529 2898 4581 P.
3039 4529 3091 4580 2.
3127 4529 3220 4581 de-

356 4617 569 4684 petebat
591 4615 652 4666 P.
798 4614 849 4666 3.
884 4613 1157 4681 legendum
1178 4616 1398 4667 videtur:
1437 4615 1671 4683 quicquid
1708 4617 1771 4668 ab
1807 4616 2094 4668 huiusmodi
2127 4616 2364 4668 fratribus
2400 4615 2574 4668 electis
2605 4635 2639 4670 a
2661 4625 2828 4669 vestro
2865 4625 2919 4670 et
2953 4625 3220 4685 precepto-

356 4705 493 4758 ribus
532 4703 645 4756 aliis
680 4703 747 4756 ad
783 4703 880 4756 hoc
916 4703 1201 4771 specialiter
1236 4705 1520 4758 nominatis.
1696 4705 1747 4756 4.
1784 4704 2123 4773 supplendum
2157 4705 2376 4758 videtur:
2419 4705 2801 4758 rationabiliter.
