3892 5609
1307 352 1698 401 PRIVILEGIA
1743 352 2134 401 sumnum
3000 339 3146 411 347

300 494 652 600 apostolica
705 518 852 579 sunt
905 510 1178 595 indulta,
1236 516 1454 578 contra
1507 518 1790 580 tenorem
1846 511 2315 600 privilegiorum
2374 516 2726 579 vestrorum
2778 510 3155 598 apostolicas

297 621 544 688 litteras
589 616 944 707 impetrari¹
991 620 1342 703 contigerit,
1391 640 1511 705 que
1540 621 1618 687 de
1653 620 1870 688 ordine
1901 624 2107 687 vestro
2138 640 2267 687 non
2294 619 2558 687 fecerint
2585 620 2995 703 mencionem,
3040 639 3154 706 per

305 748 414 797 eas
467 748 593 822 non
649 727 990 794 teneamini
1039 726 1435 814 respondere.
1527 726 1700 794 Nulli
1745 748 1893 811 ergo
1939 714 2195 794 omnino
2241 724 2561 794 hominum
2606 726 2813 794 liceat
2836 727 2999 793 hanc
3040 742 3154 814 pa*-

303 838 520 921 ginam
565 841 777 901 nostre
823 834 1240 901 concessionis
1284 834 1625 919 infringere
1670 836 1771 902 vel
1815 836 1874 901 ei
1921 856 2078 901 ausu
2122 834 2455 901 temerario
2502 834 2829 901 contraire.
2902 834 2971 911 Si
3016 834 3155 919 quis

303 948 513 1011 autem
571 942 690 1009 hoc
747 946 1123 1027 attemptare
1178 942 1660 1029 presumpserit,
1716 942 2221 1026 indignacionem
2266 942 2711 1029 omnipotentis
2757 941 2858 1009 dei
2902 948 2965 1009 et
3007 941 3155 1007 bea-

305 1057 515 1119 torum
559 1049 730 1117 Petri
776 1053 840 1115 et
883 1048 1064 1115 Pauli
1110 1047 1534 1135 apostolorum
1581 1050 1716 1116 eius
1747 1070 1815 1117 se
1845 1050 2094 1116 noverit
2120 1050 2534 1116 incursurum.
2602 1049 2839 1115 Datum
2869 1048 3156 1146 Anagnis

301 1178 390 1224 xv
433 1157 735 1224 kalendas
782 1156 1154 1243 septembris
1201 1154 1598 1244 pontificatus
1644 1158 1847 1225 nostri
1893 1176 2057 1225 anno
2101 1157 2325 1245 prime.

515 1297 636 1349 Sine
661 1297 804 1349 dato:
841 1299 905 1348 A.
930 1296 1000 1347 20
1035 1314 1084 1347 ιι.
1109 1297 1178 1347 83
1215 1297 1393 1348 Latine
1417 1304 1470 1348 et
1493 1297 1792 1349 Germanice
1815 1314 1928 1349 cum
1951 1306 2097 1349 nota:
2134 1298 2194 1347 In
2219 1296 2424 1359 Leodio,
2442 1297 2495 1347 in
2518 1296 2701 1363 Praga.
2752 1296 2942 1347 citatur
2965 1296 3028 1347 R.
3054 1295 3152 1347 155

301 1388 434 1440 inter
456 1387 736 1441 Iuneensia.
764 1416 826 1425 --
867 1386 990 1437 Cum
1025 1386 1172 1437 dato:
1219 1386 1452 1452 Anagnis
1491 1388 1556 1437 15
1589 1387 1690 1439 kal.
1717 1389 1907 1454 septbr.
1944 1404 1995 1453 p.
2018 1404 2070 1437 n.
2096 1404 2144 1437 a.
2173 1386 2218 1436 1.
2264 1384 2507 1451 originale
2543 1402 2653 1437 cum
2688 1384 2825 1437 bulla
2864 1385 2917 1436 in
2952 1385 3153 1438 archivo

302 1476 689 1543 Bcgimontano.
721 1504 778 1513 —·
820 1475 944 1525 Gum
968 1475 1114 1527 dato:
1151 1474 1364 1527 viterbii
1397 1474 1433 1524 4
1457 1476 1558 1527 kal.
1585 1476 1754 1527 decbr.
1777 1494 1828 1542 p.
1854 1494 1902 1527 n.
1929 1493 1977 1527 a.
2002 1475 2053 1527 9.
2099 1474 2190 1537 IV,
2216 1472 2321 1525 202
2334 1492 2380 1525 r.
2414 1492 2467 1526 n.
2497 1474 2577 1525 14.
2624 1473 2869 1541 originale
2904 1473 3154 1541 quondam

303 1566 527 1616 Vetero-
541 1565 785 1615 Iuncense
821 1580 932 1613 cum
967 1562 1104 1614 bulla
1139 1563 1191 1614 in
1226 1563 1324 1615 filis
1360 1564 1560 1616 sericeis
1596 1564 1758 1615 rubris
1795 1572 1847 1615 et
1881 1564 2031 1614 luteis
2068 1580 2295 1630 appensa
2327 1563 2381 1614 in
2418 1563 2617 1615 archivo
2648 1563 2835 1615 ordinis
2859 1562 3155 1615 'theutonici

301 1654 700 1705 Vindobonensi.
841 1653 886 1703 1.
923 1652 1190 1718 impetrare
1224 1652 1315 1704 IV.

302 1856 486 1929 437.
528 1860 706 1926 1227
753 1883 896 1947 any.
927 1858 1013 1924 21
1061 1858 1416 1945 Anaqm'ae.
1498 1856 1840 1945 Greyoriue
1883 1858 1990 1924 IX
2031 1860 2308 1925 concedit
2352 1861 2567 1925 ordini
2614 1856 3025 1941 Ποαιοπὶοο,
3085 1870 3157 1924 ut

525 1969 595 2032 in
641 1969 845 2031 causis
889 1969 1019 2031 suis
1045 1967 1292 2051 fratres
1338 1978 1513 2032 testes
1553 1968 1899 2053 producere
1931 1969 2159 2053 possit.

530 2106 868 2191 Gregorius
926 2108 1255 2195 episcopus
1311 2128 1526 2174 servus
1586 2128 1908 2175 servorum
1953 2107 2057 2173 dei
2100 2106 2345 2173 dilectis
2388 2105 2533 2173 filiis
2578 2107 2876 2191 magistro
2924 2111 2986 2173 et
3028 2106 3156 2173 fra-

304 2215 510 2284 tribus
552 2214 881 2301 hospitalis
928 2220 1141 2281 sancte
1185 2213 1384 2281 Maris
1430 2214 1952 2281 Theutonicorum
2000 2214 2482 2281 lerosolimitani
2516 2212 2780 2280 salutem
2812 2217 2875 2281 et
2906 2219 3157 2301 aposto-

303 2323 494 2389 licam
548 2321 1064 2389 benedictionem.
1287 2321 1474 2387 Iustis
1531 2321 1876 2408 petentium
1935 2322 2261 2388 desideriis
2308 2322 2564 2405 dignum
2611 2325 2708 2387 est
2749 2341 2864 2386 nos
2909 2320 3155 2387 facilem

303 2430 568 2517 prebere
613 2450 986 2497 consensum
1033 2434 1096 2496 et
1137 2434 1303 2512 vota,
1353 2449 1471 2514 que
1519 2448 1557 2493 a
1588 2429 1860 2495 racionis
1891 2430 2146 2497 tramite
2175 2450 2302 2495 non
2333 2428 2712 2513 discordant,
2758 2426 2981 2495 effectu
3010 2448 3157 2515 pro-

305 2542 605 2621 sequente
652 2536 984 2625 complere.
1051 2536 1428 2623 Eapropter,
1477 2535 1686 2603 dilecti
1730 2536 1798 2603 in
1844 2536 2096 2603 domino
2124 2535 2261 2621 filii,
2309 2536 2535 2603 vestris
2564 2536 2749 2602 iustis
2780 2535 3157 2622 postulacio-

305 2644 490 2711 nibus
535 2650 714 2729 grato
761 2649 1200 2711 concurrentes
1246 2662 1539 2726 assensu,
1587 2644 1957 2710 auctoritate
2000 2644 2177 2710 vobis
2227 2643 2569 2731 apostolica
2614 2644 2906 2710 duximus
2950 2642 3158 2709 indul-

305 2751 599 2837 gendum,
646 2758 718 2817 ut
761 2754 827 2817 in
873 2752 1078 2817 causis
1127 2750 1350 2816 vestris
1393 2750 1620 2815 fratres
1664 2756 1904 2817 vestros
1950 2752 2205 2839 possitis
2254 2750 2332 2817 ad
2378 2750 2800 2817 testimonium
2831 2750 3155 2817 ferendum

307 2860 650 2945 producere
705 2878 822 2925 nec
874 2878 990 2946 pro
1039 2878 1142 2942 eo,
1200 2857 1362 2942 quod
1409 2856 1634 2922 fratres
1683 2859 1876 2923 vestri
1921 2864 2097 2943 sunt,
2156 2860 2211 2923 si
2256 2856 2381 2923 alia
2424 2877 2611 2931 causa
2654 2854 3050 2925 racionabilis
3098 2863 3162 2923 et

305 2965 644 3032 manifesta
687 2986 811 3032 non
859 2966 1097 3049 obstat,
1146 2985 1184 3030 a
1225 2963 1482 3030 ferendo
1528 2964 1886 3031 testimonio
1932 2965 2349 3051 repellantur,
2395 2965 2762 3048 dummodO,
2808 2965 2973 3031 sicut
3015 2984 3159 3031 cen-

309 3093 458 3141 sura
488 3092 794 3140 canonum
825 3078 889 3139 et
915 3073 1122 3157 legum
1147 3072 1338 3138 sentit
1362 3071 1718 3157 auctoritaS,
1746 3072 1939 3140 velint
1960 3071 2389 3139 testimonium
2418 3072 2763 3157 perhibere.
2809 3070 2982 3138 Nulli
3011 3091 3158 3156 ergo

309 3181 562 3247 omnino
591 3179 912 3247 hominum
942 3180 1127 3247 liceat
1153 3180 1315 3246 hanc
1345 3175 1670 3265 paginam¹
1691 3185 1904 3246 nostre
1929 3179 2397 3246 constitucionis
2428 3179 2769 3262 infringere
2790 3178 2895 3245 vel
2922 3179 2977 3245 ei
3003 3199 3159 3245 ausu

307 3288 643 3354 temerario
689 3288 1019 3355 contraire.
1112 3286 1180 3354 Si
1225 3288 1364 3371 quis
1412 3290 1621 3353 autem
1665 3286 1783 3354 hoc
1829 3290 2205 3373 attemptare
2248 3286 2721 3373 presumpserit,
2772 3286 3159 3370 indignacio-

309 3416 456 3461 nem
503 3396 949 3481 omnipotentis
997 3394 1099 3461 dei
1144 3398 1207 3460 et
1251 3395 1574 3460 beatorum
1620 3392 1792 3461 Petri
1839 3398 1903 3460 et
1930 3391 2112 3460 Pauli
2158 3393 2581 3480 apostolorum
2627 3394 2759 3459 eius
2805 3414 2871 3460 se
2914 3393 3164 3459 noverit

307 3504 727 3571 incursurum.
795 3502 1030 3568 Datum
1062 3502 1350 3585 Anagnis
1392 3500 1486 3567 xii
1523 3500 1651 3569 kal.
1677 3501 2051 3587 septembris
2080 3500 2477 3588 pontificatus
2508 3501 2707 3567 nostri
2738 3520 2901 3567 anno
2930 3502 3155 3587 primo.

526 3644 648 3697 Cum
673 3643 816 3695 dato:
852 3642 1087 3709 Anagnis
1128 3643 1192 3694 12
1216 3642 1318 3695 kal.
1338 3651 1466 3709 sept.
1492 3660 1543 3711 p.
1563 3661 1612 3695 n.
1634 3661 1682 3697 a.
1706 3643 1752 3696 l.
1796 3642 1860 3695 R.
1877 3642 1946 3694 95
1970 3643 2101 3695 inter
2124 3642 2387 3710 privilegia
2407 3641 2629 3709 reposita
2650 3640 2703 3693 iu
2726 3640 2893 3693 baliva
2916 3640 3159 3694 Alsatiae.

315 3736 364 3787 1.
399 3732 644 3801 supplevi.

311 3912 492 3985 438.
534 3914 713 3981 1227
758 3936 901 4000 aug.
935 3911 1020 3978 31
1071 3910 1422 3999 Anaqniae.
1517 3910 1859 3999 Greqoriue
1901 3912 2008 3978 IX
2058 3914 2281 3999 repetit
2320 3910 2601 3978 Honorii
2632 3910 2756 3978 III
2798 3936 2862 3976 n.
2896 3912 3029 3978 323
3084 3912 3161 3977 de

535 4021 706 4087 1221
755 4022 886 4085 ian.
921 4019 1030 4084 17.

536 4152 871 4237 Gregorius
931 4156 1045 4217 etc.
1281 4151 1438 4218 Cum
1495 4172 1534 4218 a
1587 4112 2023 4235 religiosorum
2082 4157 2197 4219 etc.
2288 4151 2525 4218 Datum
2583 4152 2872 4237 Anagnis
2927 4152 2975 4218 ii
3028 4150 3157 4219 kal.

313 4261 686 4349 septembris
731 4258 1129 4348 pontificatus
1172 4260 1374 4326 nostri
1421 4279 1582 4325 anno
1626 4261 1850 4347 primo.
2942 4274 2947 4280 ·

527 4394 649 4445 Cum
685 4394 830 4445 dato:
866 4393 1100 4459 Anagnis
1135 4392 1170 4443 2
1194 4392 1298 4444 kal.
1323 4394 1514 4459 septbr.
1549 4410 1600 4459 p.
1625 4409 1677 4443 n.
1701 4410 1748 4445 a.
1779 4392 1823 4443 1.
1871 4392 1935 4445 R.
1961 4391 2030 4443 95
2066 4409 2117 4443 n.
2142 4390 2177 4441 2
2213 4392 2391 4443 citatur
2424 4391 2556 4443 inter
2588 4390 2829 4445 Alsatica.

316 4650 495 4723 439.
539 4652 714 4719 1227
772 4676 916 4740 auy.
948 4652 1032 4719 31
1082 4652 1436 4738 Anaqniae.
1519 4648 1860 4737 Greqorius
1901 4650 2011 4717 IX
2059 4654 2225 4719 iubet
2279 4653 2519 4717 ordinis
2583 4650 2951 4718 thonici
3002 4673 3159 4739 apo-

534 4772 728 4827 statae
775 4772 832 4825 et
875 4782 1085 4825 eorum
1113 4760 1405 4845 fautores
1451 4782 1711 4825 censura
1758 4759 2167 4826 ecclesiastica
2213 4762 2495 4826 coerceri.

540 4901 876 4986 Gregorius
937 4902 1266 4989 episcopus
1323 4921 1538 4967 servus
1593 4921 1916 4968 servorum
1968 4900 2070 4967 dei
2114 4900 2571 4968 venerabilibus
2616 4900 2913 4967 fratribus
2958 4899 3163 4969 archi-

315 5010 628 5099 episcopis
677 5015 740 5075 et
785 5009 1094 5097 episcopis
1141 5014 1204 5076 et
1246 5006 1490 5077 dilectis
1532 5006 1680 5076 filiis
1727 5008 2088 5095 abbatibus,
2134 5008 2483 5095 prioribus,
2530 5008 2812 5094 decaniS,
2860 5008 3163 5075 archidia-
