3892 5609
1317 403 1707 453 vamnen
1753 404 2141 453 ansanum
2534 406 2543 417 ·
2999 387 3153 463 309

306 549 484 631 347.
527 561 700 628 1221
738 562 1071 647 februarii
1111 564 1154 627 5
1207 562 1530 631 Laterani.
1626 554 1949 633 Honorius
1997 565 2122 635 III
2170 568 2448 633 concedit
2501 567 2717 631 ordini
2778 562 3157 631 Theutonioo

523 668 882 734 vacantium
925 670 1320 735 ecclesiarum
1355 694 1479 758 per
1521 676 1752 761 viqinti
1778 676 1923 739 >dies
1968 675 2385 739 retentionem.

529 810 844 877 Honorius
891 811 1220 897 episcopus
1277 832 1494 879 servus
1549 834 1869 881 servorum
1918 814 2021 880 dei
2066 814 2309 881 dilectis
2365 812 2513 879 filiis
2558 813 2859 896 magistro
2915 817 2978 878 et
3030 813 3159 879 fra-

299 916 506 983 tribus
563 916 892 1001 hospitalis
951 922 1162 984 sancte
1220 917 1419 986 Maris
1463 920 1983 988 Theotonicorum
2041 920 2520 988 Ierosolimitani
2576 920 2842 985 salutem
2887 926 2951 985 et
3008 938 3159 1005 apo-

301 1023 592 1090 stolicam
637 1023 1179 1107 benedictionem..
1373 1026 1810 1112 Attendentes‚
1857 1048 2046 1115 quam
2094 1028 2315 1094 devote
2362 1032 2427 1093 et
2468 1025 2865 1093 laudabiliter
2904 1027 3157 1111 pietatis

302 1131 601 1217 operibus
659 1136 723 1196 et
777 1130 1124 1197 defensioni
1179 1122 1506 1199 christiani
1562 1124 1834 1202 nominis
1893 1136 1961 1201 in
2018 1134 2456 1202 transmarinis
2500 1134 2785 1221 partibus
2827 1133 3159 1217 insistatis,

297 1237 487 1305 iustis
545 1237 952 1323 petitionibus
998 1239 1224 1305 vestris
1282 1239 1551 1307 libenter
1596 1244 1930 1309 annuimus
1986 1242 2285 1326 vobisque
2332 1248 2549 1309 contra
2593 1240 2905 1307 indebitas
2960 1239 3155 1307 mole-

300 1345 481 1428 stias,
527 1348 828 1429 quantum
859 1364 998 1411 cum
1032 1346 1147 1411 deo
1178 1367 1530 1434 possumus,
1573 1349 1995 1435 providemus.
2058 1348 2260 1433 Unde,
2292 1350 2441 1434 quia
2471 1348 2551 1415 ad
2584 1348 2973 1414 audienciam
3004 1367 3156 1433 apo-

301 1450 570 1517 stolatus
621 1452 824 1517 nostri
885 1453 1198 1538 pervenit,
1256 1455 1421 1539 quod
1483 1455 1922 1522 decedentibus
1972 1456 2373 1524 ecclesiarum
2416 1460 2764 1522 vestrarum
2813 1454 3157 1520 rectoribus

303 1558 585 1644 episcopi
643 1562 708 1623 et
763 1557 1058 1626 officiales
1115 1580 1329 1628 eorum
1388 1563 1672 1649 ipsarum
1716 1582 2165 1648 nonnunquam
2226 1562 2691 1629 ordinacionem
2748 1560 3043 1627 differunt
3095 1567 3159 1627 et

299 1665 543 1732 fructus
587 1665 656 1729 in
701 1684 850 1730 usus
895 1668 1186 1752 proprios
1232 1689 1347 1754 pro
1393 1690 1508 1736 sua
1553 1669 1874 1737 voluntate
1919 1674 2321 1751 convertunt3
2377 1669 2748 1735 auctoritate
2793 1668 2968 1735 vobis
3014 1687 3157 1754 pre-

301 1772 582 1838 sencium
626 1770 1052 1857 indulgemus,
1112 1780 1214 1859 ut,
1262 1796 1400 1843 cum
1451 1776 1708 1844 ecclesie
1763 1781 1967 1844 vestre
2010 1778 2391 1859 vacaverint,
2438 1776 2626 1843 liceat
2670 1775 2845 1842 vobis
2894 1794 2999 1841 eas
3044 1795 3156 1862 per

302 1878 527 1961 viginti
583 1878 715 1945 dies
772 1880 841 1945 in
885 1880 1174 1947 manibus
1221 1883 1444 1949 vestris
1505 1884 1640 1950 sine
1697 1885 2187 1951 contradictione
2242 1882 2453 1970 aliqua
2496 1885 2797 1966 retinere,
2855 1882 2947 1947 ita
2991 1882 3158 1966 quod

300 1986 472 2051 infra
528 1985 796 2053 eundem
849 1988 1189 2057 terminum
1251 2010 1289 2055 a
1331 1989 1509 2056 vobis
1563 1994 1769 2057 rector
1823 1992 2102 2077 ydoneus
2160 1990 2488 2056 diocesano
2548 1990 2839 2076 episcopo
2898 2010 3157 2077 presen-

299 2098 489 2159 tetur.
565 2091 737 2159 Nulli
783 2114 930 2178 ergo
974 2096 1229 2162 omnino
1273 2097 1510 2163 homini
1554 2096 1741 2164 liceat
1783 2098 1947 2164 hanc
1990 2098 2286 2185 paginam
2331 2103 2543 2163 nostre
2603 2097 3019 2164 concessionis
3058 2098 3157 2163 in-

299 2200 577 2283 fringere
621 2200 722 2267 vel
769 2202 825 2267 ei
874 2221 1029 2269 ausu
1075 2204 1408 2270 temerario
1455 2204 1783 2271 contraire.
1858 2203 1929 2270 Si
1974 2205 2113 2291 quis
2160 2210 2373 2272 autem
2414 2204 2534 2270 hoc
2580 2209 2957 2291 attemptare
3013 2224 3157 2291 pre-

301 2307 664 2394 sumpserit,
693 2309 1186 2393 indignationem
1218 2312 1664 2397 omnipotentis
1696 2310 1794 2378 dei
1820 2317 1886 2379 et
1904 2309 2231 2377 beatorum
2249 2311 2422 2378 Petri
2446 2317 2509 2378 et
2528 2310 2707 2378 Pauli
2730 2312 3155 2398 apostolorum

303 2414 440 2482 eius
498 2434 566 2481 se
620 2417 868 2484 noverit
920 2416 1336 2485 incursurum.
1425 2417 1658 2485 Datum
1703 2417 2003 2485 Laterani
2046 2438 2193 2485 non.
2254 2417 2555 2485 februarii
2597 2416 2997 2505 pontificatus
3042 2440 3154 2485 no-

301 2522 420 2589 stri
463 2541 627 2589 anno
672 2543 732 2589 v.

515 2654 636 2705 Sine
673 2655 818 2707 dato:
855 2654 921 2717 H,
950 2654 1051 2707 100
1063 2673 1111 2707 v.
1145 2674 1196 2707 ιι.
1223 2656 1321 2717 363
1357 2657 1422 2709 A.
1447 2655 1518 2708 20
1551 2676 1601 2708 ιι.
1628 2658 1698 2709 34
1733 2657 1911 2709 Latine
1947 2666 2000 2709 et
2024 2658 2321 2709 Germanice
2358 2675 2468 2709 cum
2503 2666 2647 2711 nota:
2685 2660 2736 2709 in
2765 2658 3153 2725 Mergintheym.

299 2742 366 2794 D.
392 2743 478 2796 35.
521 2773 582 2782 —-
633 2742 756 2795 Cum
793 2744 934 2797 dato:
983 2744 1076 2807 IV,
1106 2744 1204 2796 187
1215 2762 1262 2798 v.
1299 2746 1466 2808 n.18;
1501 2746 1567 2799 R.
1585 2745 1654 2798 66
1695 2762 1725 2798 e
1761 2746 1908 2799 domo
1931 2746 2395 2814 Mergenthemensi
2429 2765 2479 2801 n.
2504 2748 2555 2801 4.
2608 2747 2717 2801 1011.
2742 2746 2829 2801 31.
2876 2746 3155 2801 Ediderunt

305 2832 572 2885 Caorsinus
608 2832 694 2885 fol.
721 2834 775 2887 C.
827 2832 1023 2886 Senner
1057 2832 1142 2886 fol.
1167 2834 1228 2885 E.
1253 2851 1299 2888 v.

309 3089 485 3163 348.
525 3092 701 3160 1221
730 3094 1062 3179 februarii
1102 3096 1146 3161 5
1200 3094 1523 3161 Laterani.
1605 3094 1931 3161 Honorius
1978 3095 2065 3161 II
2057 3095 2104 3161 I
2148 3109 2314 3163 vetat
2368 3098 2649 3163 ordinem
2709 3048 3155 3164 Theutoniloum

524 3202 852 3288 impediri,
922 3205 1252 3289 quominus
1315 3202 1737 3287 confratribus
1804 3206 1935 3269 suis
2002 3206 2073 3269 in
2143 3207 2514 3271 coemeteriis
2582 3208 2713 3271 suis
2768 3206 3154 3293 sepulturam

515 3310 834 3395 praebeat.
3156 3308 3167 3315 ’

525 3448 840 3517 Honorius
895 3452 1222 3539 episcopus
1277 3471 1493 3518 servus
1549 3472 1870 3519 servorum
1927 3452 2031 3519 dei
2084 3452 2542 3520 venerabilibus
2596 3454 2897 3521 fratribus
2950 3453 3154 3521 archi-

305 3556 617 3643 episcopis
663 3564 726 3624 et
769 3558 1077 3645 episcopis
1125 3563 1188 3625 et
1233 3558 1474 3625 dilectis
1520 3558 1666 3625 filiis
1713 3559 2061 3645 abbatibus,
2105 3560 2437 3646 prioribus,
2478 3562 2837 3648 prepositiS,
2878 3561 3151 3647 decanis,

305 3663 779 3749 archidiaconia,
825 3665 1364 3751 archipresbiteris
1395 3670 1459 3733 et
1503 3665 1641 3732 aliis
1687 3666 2087 3733 ecclesiarum
2134 3666 2415 3753 prelatis,
2462 3666 2540 3734 ad
2585 3688 2741 3753 quos
2784 3668 2994 3735 littere
3032 3670 3153 3736 iste

303 3772 734 3859 pervenerint,
791 3770 1052 3838 salutem
1111 3776 1175 3839 et
1229 3772 1634 3860 apostolicam
1692 3774 2205 3841 benedictionem.
2472 3774 2631 3841 Cum
2686 3774 2929 3841 dilectis
2984 3772 3151 3859 filiis,

305 3880 606 3946 fratribus
651 3878 980 3965 hospitalis
1027 3886 1241 3948 sancte
1285 3878 1484 3949 Marie
1529 3881 2047 3948 Theotonicorum
2094 3880 2595 3967 Ierosolimitani,
2642 3882 3005 3949 duxerimus
3054 3882 3151 3948 in-

303 3986 704 4071 dulgendum,
761 3991 833 4054 nt
875 3986 1019 4071 hiis,
1079 3988 1186 4073 qui
1243 4008 1458 4055 eorum
1513 3988 1912 4056 confratriam
1972 3988 2459 4075 assumpserint,
2522 3990 2577 4055 si
2620 3990 2781 4057 forte
2828 3990 3021 4073 leone,
3078 3992 3143 4057 in

305 4115 429 4179 quo
454 4180 462 4186 ν
485 4094 820 4179 decedunt,
879 4094 1248 4162 interdictus
1304 4090 1541 4181 fuerit¹,
1607 4096 1730 4162 nisi
1784 4096 2034 4163 vinculo
2102 4096 2763 4163 excommunicationis
2818 4104 3147 4166 teneantur

305 4200 548 4269 astricti
593 4206 700 4267 aut
743 4202 1116 4269 nominatim
1161 4203 1289 4269 sint
1331 4201 1668 4288 interdicti,
1715 4203 2036 4290 sepultura
2066 4202 2483 4271 ecclesiastica
2525 4224 2653 4270 non
2696 4204 2921 4273 debeat
2962 4206 3147 4273 dene-

301 4310 472 4394 gari3
551 4308 740 4375 nimis
817 4310 1092 4393 graviter
1157 4309 1541 4377 excederetis
1557 4360 1575 4395 ,
1645 4311 1729 4396 si,
1798 4312 1965 4397 quod
2038 4310 2336 4377 fratribus
2405 4310 2639 4378 eisdem
2708 4314 3147 4403 concessimu8‚

303 4416 750 4503 presumeretis
794 4416 1156 4501 infringere,
1205 4418 1312 4501 qui
1357 4415 1512 4483 alios
1544 4417 1625 4484 ad
1655 4418 2045 4485 observanda
2088 4416 2345 4484 ecclesie
2374 4418 2654 4487 Romane
2692 4425 2929 4487 statuta
2957 4420 3148 4487 verbo

304 4530 370 4592 et
415 4522 702 4611 exemplo
748 4524 985 4591 debetis
1029 4524 1402 4612 propensius
1447 4524 1804 4593 informare.
1873 4524 2137 4608 Infringi
2180 4544 2449 4609 namque
2494 4527 2804 4593 sustinere
2847 4527 3149 4611 nolentes,

305 4629 472 4717 quod
517 4631 816 4699 fratribus
863 4630 1238 4698 indulsimus
1285 4632 1634 4717 antedictiS,
1680 4632 2079 4699 universitati
2122 4636 2329 4700 vestre
2374 4652 2490 4718 per
2536 4628 2880 4719 apostolica
2914 4635 3153 4721 scripta

301 4738 676 4806 mandamus
725 4744 909 4825 atque
955 4739 1368 4825 precipimus,
1427 4745 1731 4825 quatenus
1774 4739 1947 4813 nullo
1994 4744 2279 4826 tempore
2325 4741 2656 4825 quisquam
2712 4746 2988 4807 vestrum
3032 4740 3151 4807 im-

301 4846 522 4943 pedire
578 4851 926 4935 presumat,
995 4847 1326 4932 quominus
1395 4865 1660 4934 corpora
1725 4847 2041 4933 ipsorum,
2108 4848 2215 4933 qui
2276 4847 2678 4935 confratriam
2730 4848 3153 4935 predictorum

299 4955 570 5021 fratrum
627 4953 1082 5042 assumpserint
1123 4953 1224 5021 vel
1267 4960 1590 5021 assument
1631 4954 1700 5021 in
1745 4961 2065 5041 posterum
2082 5006 2101 5040 ‚
2156 4955 2281 5022 nisi
2334 4956 2855 5023 excommunicati
2900 4956 2999 5023 vel
3041 4978 3153 5023 no-

303 5061 594 5129 minatim
637 5061 872 5130 fuerint
911 5060 1232 5129 interdicti
1277 5068 1388 5130 aut
1431 5057 1662 5131 eciam²
1707 5062 1956 5150 publice
2000 5064 2295 5151 usurarii,
2340 5063 2407 5131 in
2454 5084 2665 5132 eorum
2700 5063 2951 5131 valeant
2978 5064 3155 5131 cimi-
