3892 5609
1563 360 1844 411 Lwonu
2698 286 2709 324 1
2980 346 3129 421 233

273 518 486 587 eidem
527 517 900 588 Curoniensi
948 520 1239 607 episcopo
1287 518 1678 589 decernimus
1725 526 1788 588 et
1831 520 2117 589 volumus
2164 520 2493 605 assignari,
2540 538 2684 587 cum
2725 520 2895 587 idem
2938 520 3135 589 Guro-

271 627 519 693 niensis
563 628 857 714 pretium,
906 648 1019 715 pro
1067 648 1187 713 quo
1235 627 1450 700 eedem
1496 628 1716 695 domus
1765 635 1828 696 et
1863 648 2013 695 area
2052 628 2376 715 redempte
2418 628 2693 713 fuerunt,
2738 634 2999 715 paratus
3027 628 3137 697 Ri-

274 735 462 818 gensi
507 734 800 822 episcopo
845 724 1037 804 fuerit
1079 736 1390 803 exhibere.
1460 736 1564 821 Et,
1611 756 1690 803 ne
1727 738 1906 805 sedes
1939 736 2421 823 metropolitica,
2468 756 2589 821 que
2634 734 2714 801 ab
2762 736 2979 805 eodem
3026 736 3137 803 do-

273 842 456 909 mino
502 862 671 930 papa
715 842 792 909 de
835 862 996 909 novo
1041 844 1109 910 in
1151 844 1280 911 illis
1329 844 1614 931 partibus
1659 849 1759 912 est
1799 849 2033 929 creata,
2080 844 2289 913 debito
2327 847 2539 911 careat
2579 842 3009 928 fundamentO,
3058 864 3137 911 ex
3192 901 3200 910 .

277 968 396 1015 sue
438 950 620 1016 titulo
667 950 994 1034 dignitatis
1037 952 1426 1019 decrevimus
1471 951 1887 1019 ordinandum
1901 1001 1920 1037 ,
1974 958 2047 1021 ut
2090 952 2592 1039 archiepiscopus
2606 1000 2627 1035 ,
2686 951 2792 1037 qui
2838 950 2917 1017 ad
2962 950 3139 1018 illam

279 1057 682 1144 metropolim
729 1062 826 1124 est
869 1064 1250 1145 assumptus,
1295 1060 1362 1125 in
1407 1060 1661 1127 civitate
1689 1057 1945 1143 Rigensi
1991 1060 2295 1146 predicta,
2342 1078 2461 1143 que
2500 1058 2769 1127 nobilior
2798 1073 2876 1125 ex
2922 1057 3139 1125 multis

281 1164 494 1231 causis
540 1169 603 1231 et
642 1164 912 1232 habilior
965 1166 1106 1233 aliis
1163 1166 1440 1235 ecclesiis
1493 1167 1746 1234 illarum
1800 1168 2077 1254 partium
2137 1188 2273 1234 esse
2331 1167 2577 1233 videtur
2590 1216 2610 1251 ,
2668 1166 2878 1233 sedem
2940 1165 3141 1233 archi-

284 1270 710 1358 episcopalem
753 1274 1113 1358 constituat,
1160 1275 1498 1341 secundum
1521 1275 1711 1360 ·quod
1741 1275 1800 1341 ei
1831 1294 1944 1361 per
1972 1273 2217 1343 litteras
2260 1274 2636 1361 apostolicas
2668 1280 2765 1341 est
2806 1272 3136 1340 indultum.

289 1377 360 1445 Si
414 1384 626 1446 autem
683 1380 852 1447 idem
895 1380 1182 1464 Rigensis
1241 1381 1571 1468 episcopus
1629 1381 1848 1449 cedere
1905 1381 2295 1467 episcopatui
2339 1380 2595 1465 Rigensi
2651 1380 2752 1448 vel
2807 1381 2888 1449 ad
2948 1380 3141 1447 alium

287 1488 720 1574 episcopatum
764 1508 832 1554 se
877 1488 1219 1555 transferre
1262 1487 1562 1573 voluerit,
1627 1489 1694 1556 id
1740 1490 1800 1556 ei
1857 1490 2227 1556 auctoritate
2283 1488 2668 1575 presentium
2723 1486 3142 1573 indulgemus,

288 1600 353 1661 et
398 1595 491 1660 sic
542 1599 922 1661 memoratus
979 1596 1482 1682 archiepiscopus
1538 1598 1926 1664 nominatam
1970 1595 2302 1681 Rigensem
2360 1594 2689 1663 ecclesiam
2742 1615 2857 1682 pro
2912 1598 3144 1661 metro-

286 1701 422 1788 poli
463 1701 660 1768 libere
705 1702 914 1769 valeat
956 1702 1249 1789 adipisci3
1303 1701 1580 1788 alioquin
1626 1704 1828 1771 dictus
1873 1704 2183 1788 Rigensis,
2229 1703 2437 1788 quoad
2478 1703 2729 1787 vixerit,
2774 1700 3033 1789 pacifice
3074 1702 3145 1767 in

287 1813 462 1875 statu
509 1809 786 1895 presenti
829 1815 960 1876 tam
1005 1810 1071 1876 in
1119 1810 1370 1876 civitate
1415 1828 1600 1895 quam
1648 1811 1882 1879 diocesi
1925 1810 2183 1895 Rigensi
2202 1816 2623 1897 permaneat,
2678 1810 2895 1877 eodem
2942 1807 3147 1875 archi-

288 1916 590 2001 episcopo
643 1921 774 1983 tam
831 1916 898 1982 in
954 1918 1208 1985 civitate
1251 1917 1537 2003 Rigensi,
1598 1938 1785 2003 quam
1842 1938 1957 2004 per
2011 1922 2208 1985 totam
2270 1938 2449 1985 suam
2514 1917 2903 2004 provinciam
2956 1916 3147 1983 iuris-

289 2020 630 2111 dictionem
674 2024 1200 2111 metropoliticam
1245 2034 1593 2093 exercente.
1673 2026 1759 2092 Ut
1803 2030 2012 2093 autem
2055 2025 2415 2093 huiusmodi
2459 2024 2803 2108 ordinatio,
2854 2024 3027 2091 facta
3066 2022 3147 2091 de

290 2150 598 2197 consensu
645 2132 922 2199 eiusdem
969 2132 1424 2219 archiepiscopi
1467 2139 1532 2200 et
1573 2133 1787 2200 fratris
1833 2133 2199 2202 Theoderici
2239 2133 2395 2199 dicti
2439 2131 2517 2199 de
2548 2130 2967 2217 Grueningen,
3012 2150 3148 2197 ma-

289 2237 478 2322 gistri
533 2237 808 2305 eiusdem
856 2239 1076 2307 domus
1127 2246 1342 2307 sancte
1386 2240 1586 2307 Marie
1631 2240 2157 2308 Theutonicorum
2210 2242 2279 2307 in
2322 2238 2583 2307 Pruscia
2626 2246 2692 2305 et
2732 2238 3027 2319 Livonia,
3085 2242 3151 2304 et

291 2346 549 2413 discreti
591 2347 714 2412 viri
755 2346 1102 2414 Alexandri
1147 2348 1427 2432 sacriste,
1476 2355 1540 2415 et
1579 2347 1923 2433 Lamberti,
1970 2348 2257 2415 canonici
2298 2346 2619 2431 Rigensis,
2672 2351 3149 2432 procuratorum

291 2454 575 2542 episcopi
631 2458 695 2521 et
748 2455 1009 2541 capituli
1051 2453 1340 2539 Rigensis
1398 2454 1822 2543 predictorum
1835 2506 1854 2541 ,
1912 2460 1977 2523 et
2019 2454 2295 2539 Ezelini,
2358 2454 2643 2522 canonici
2698 2454 2901 2521 sancti
2948 2453 3147 2521 Theo-

291 2560 466 2629 baldi
510 2560 840 2646 Metensis,
897 2563 1322 2649 procuratoris
1369 2562 1648 2631 eiusdem
1689 2564 1906 2631 fratris
1952 2563 2241 2648 Henrici,
2298 2562 2612 2649 quondam
2660 2560 3151 2645 Semigalliensis

293 2671 607 2758 episcopi,
651 2688 818 2735 nunc
861 2678 1010 2737 vero
1057 2670 1336 2757 episcopi
1379 2669 1802 2755 Curoniensis,
1853 2675 1995 2738 rata
2037 2677 2406 2756 permaneat
2451 2675 2515 2737 et
2554 2667 2999 2737 inviolabiliter
3044 2666 3153 2734 ob-

293 2784 599 2861 servetur,
645 2776 996 2860 sigillorum
1041 2784 1394 2845 nostrorum
1449 2778 1828 2863 munimine,
1883 2798 2012 2845 una
2054 2798 2195 2844 cum
2242 2777 2466 2861 sigillis
2522 2777 2791 2864 predicti
2844 2775 3153 2862 archiepi-

293 2887 474 2974 scopi
525 2906 600 2953 ac
656 2886 988 2951 memorati
1041 2885 1358 2971 magistri,
1416 2886 1624 2972 ipsam
1679 2886 1973 2952 duximus
2028 2886 2467 2954 roborandam.
2546 2884 2783 2953 Datum
2838 2882 3153 2969 Lugduni,

293 3016 336 3061 v
381 3014 582 3061 nonas
626 2993 858 3078 martii,
905 2992 1306 3079 pontificatus
1351 2994 1588 3060 domini
1634 2993 1981 3060 Innocentii
2024 3014 2189 3081 pape
2234 2993 2319 3060 IV
2365 3012 2528 3059 anno
2574 2997 2812 3058 octavo.

511 3136 578 3197 Π,
619 3134 717 3186 135
729 3152 774 3187 v·
811 3134 1051 3186 mendose
1095 3134 1147 3185 in
1193 3134 1566 3186 confirmatione
1602 3134 1882 3187 Innocenfii
1917 3135 1991 3187 IV
2028 3135 2093 3186 de
2135 3135 2265 3186 1251
2316 3135 2392 3201 (ν.
2428 3134 2607 3199 infra).
2672 3132 2767 3185 Ed.
2804 3132 2927 3185 locis
2972 3132 3044 3184 ibi
3078 3132 3151 3183 ci-

295 3224 420 3279 tatis
468 3232 522 3276 et
555 3241 638 3290 ap.
661 3222 980 3275 Nettelbladt
1013 3222 1299 3275 Fasciculus
1345 3240 1512 3275 rerum
1549 3223 1956 3275 Gurlandicarum
1990 3223 2041 3285 1,
2082 3224 2183 3275 150
2220 3222 2287 3275 ad
2326 3223 2461 3275 1245
2474 3260 2489 3284 ,
2540 3239 2688 3289 quem
2732 3222 2891 3274 secuti
2938 3221 3155 3273 editores

295 3315 596 3381 scriptorum
629 3328 795 3364 rernm
829 3312 1176 3365 Livonicarum
1209 3313 1252 3375 1,
1289 3314 1394 3365 403
1430 3312 1518 3364 LV
1555 3329 1608 3379 p.
1633 3330 1679 3364 a.
1705 3312 1756 3363 3.
1819 3312 2019 3365 Gruber
2056 3311 2289 3379 Origines
2324 3311 2593 3365 Livonicae
2628 3310 2735 3364 274
2768 3312 2859 3363 LV
2896 3310 2965 3365 ad
3002 3310 3156 3364 1245.

299 3405 350 3457 1.
385 3404 505 3470 quia
539 3419 639 3469 que
673 3418 785 3453 cum
822 3402 1040 3468 dampno
1076 3420 1194 3469 para
1229 3402 1290 3455 B.
1332 3402 1478 3467 „quia
1513 3403 1654 3453 eum“
1697 3400 1936 3452 abundat.

303 3727 484 3800 247.
525 3728 699 3795 1251
746 3739 928 3793 mart.
968 3728 1012 3792 9
1055 3728 1148 3792 vii
1196 3728 1340 3791 idus
1385 3738 1568 3791 man.
1614 3750 1681 3813 p.
1714 3749 1777 3789 n.
1811 3750 1869 3791 a.
1900 3726 1947 3791 8
1990 3725 2311 3812 Luqduni.
2395 3724 2795 3791 Innocentius
2848 3748 3025 3812 papa
3057 3725 3104 3790 I
3108 3724 3169 3790 V

527 3836 662 3917 (Ea
709 3834 857 3922 que)
913 3834 1238 3916 confirmat
1292 3834 1481 3899 orium
1537 3834 1960 3899 cardinalium
2006 3832 2411 3917 dfffinitivam
2452 3835 2817 3899 sententiam
2860 3834 2938 3897 de
2982 3831 3156 3898 1251

519 3944 694 4029 febr.
727 3944 815 4009 24
861 3939 976 4027 (qs.
1023 3963 1223 4027 supra
1264 3964 1328 4004 n.
1360 3938 1546 4021 245).

515 4084 582 4147 11,
625 4082 722 4135 137
760 4084 811 4133 in
847 4082 948 4133 fine
984 4080 1210 4132 additur:
1251 4078 1696 4131 CCCCLXXXVL
1757 4080 1834 4130 Ex
1871 4088 2173 4133 transsumto
2211 4079 2276 4131 de
2312 4078 2450 4149 ‘1415
2488 4078 2597 4130 dec.
2627 4077 2694 4129 14
2727 4078 2779 4131 in
2816 4078 3015 4131 archivo
3051 4078 3158 4130 Re-

297 4176 595 4245 gimontano
633 4173 714 4225 ed.
739 4171 864 4223 Livl.
889 4168 1048 4223 U.-B.
1072 4169 1114 4232 I,
1152 4169 1219 4220 27
1223 4169 1256 4220 9
1293 4187 1343 4221 n.
1369 4168 1488 4221 220.

305 4460 488 4532 248.
529 4461 700 4527 1251
749 4470 932 4525 mart.
966 4458 1052 4525 14
1099 4457 1417 4543 Luqduni.
1496 4456 1894 4523 Innocentius
1933 4479 2119 4543 papa
2153 4454 2194 4521 Ι
2199 4456 2261 4522 V
2296 4456 2620 4539 confirmat
2658 4454 3167 4539 reformationem

533 4568 827 4655 Riyensie
877 4565 1346 4651 Semiyalleneis
1393 4562 1792 4629 Ouo-oniensis
1840 4564 2253 4629 ecclesiarum.

531 4708 930 4777 Innocentius
961 4707 1292 4793 episcopus
1323 4726 1540 4772 servus
1573 4725 1894 4771 servorum
1926 4704 2027 4771 dei
2050 4703 2511 4773 venerabilibus
2541 4702 2841 4769 fratribus
2874 4752 2889 4767 .
2914 4752 2929 4767 .
2964 4701 3167 4769 archi-

303 4820 604 4907 episcopo
634 4816 916 4903 Lyvonie
962 4821 1025 4881 et
1052 4814 1308 4881 Pruscie
1355 4833 1428 4881 ac
1470 4864 1484 4878 .
1513 4862 1528 4879 .
1577 4812 1834 4897 Rigensi
1881 4816 1945 4879 et
1974 4862 1991 4877 .
2020 4862 2035 4877 .
2084 4810 2457 4878 Curoniensi
2490 4811 2800 4897 episcopis
2832 4815 2896 4875 et
2923 4807 3169 4876 dilectis

301 4926 456 4995 filiis
503 4923 777 5011 capitulo
807 4922 1064 5007 Rigensi
1111 4942 1184 4987 ac
1225 4920 1409 4987 fratri
1449 4920 1738 4987 Thetrico
1782 4920 2087 5005 magistro
2133 4925 2197 4985 et
2236 4918 2539 4986 fratribus
2581 4916 2909 5004 hospitalis
2956 4921 3171 4983 sancte

303 5034 510 5105 Mario
565 5032 1090 5100 Theutonicorum
1147 5031 1216 5097 in
1273 5027 1558 5116 Lyvonia
1612 5033 1675 5095 et
1731 5027 2005 5095 Curonia
2060 5026 2327 5095 salutem
2383 5031 2447 5094 et
2514 5024 2923 5114 apostolicam
2982 5024 3171 5093 bene-
