3892 5609
684 231 829 333 162
1701 273 2124 324 munaum.
2191 273 2504 322 Bonum

674 431 1146 518 Herbipolensis
1204 431 1463 518 capituli
1519 449 1593 499 ac
1646 431 1952 499 nobilium
2009 434 2288 500 virorum
2340 431 2612 503 Gotfridi
2665 437 2732 500 et
2774 431 3076 500 Conradi¹
3123 433 3204 498 de
3246 431 3534 500 Honloch

673 540 943 606 fratrum
987 541 1369 607 communite
1414 539 1638 624 sigillis
1683 539 1864 606 nobis
1910 540 2190 607 exhibite
2220 541 2384 608 inter
2413 547 2622 608 cetera
2651 539 3072 623 continebant,
3121 540 3310 626 quod,
3356 536 3536 606 cusn'

672 647 865 712 iidem
897 645 1134 713 nobiles
1147 642 1169 675 ⁸
1202 648 1509 714 decimam
1539 647 1606 713 in
1634 645 2042 732 Mergentem‚
2083 668 2274 732 quam
2303 643 2486 715 tunc⁴
2513 648 2582 714 in
2611 637 2867 714 feudum
2903 647 2982 714 ab
3011 647 3276 714 ecclesia
3305 647 3536 714 Herbi-

675 754 920 840 polensi
962 753 1289 838 tenebant,
1346 755 1521 821 vobis
1566 753 1717 820 dare
1760 753 1883 821 fide
1927 755 2302 841 interposita
2343 755 2811 842 promisissent,
2867 755 3192 843 prephatis
3238 755 3535 842 episcopo

676 866 741 930 et
770 861 1046 949 capitulo
1078 860 1531 949 supplicarunt,
1568 865 1641 928 ut
1668 860 1847 928 vobis
1878 862 2232 928 conferrent
2261 862 2566 929 decimam
2599 868 3034 947 memoratam,
3069 863 3534 950 promittentes,

676 970 843 1053 quod
888 989 1006 1055 pro
1046 968 1159 1035 illa
1205 975 1564 1055 competens
1604 969 1781 1035 vobis
1815 969 2207 1035 excambium
2241 970 2654 1054 assignarent.
2723 969 3040 1058 Prephata
3065 971 3262 1054 igitur
3291 969 3538 1037 decima

673 1081 806 1142 tam
852 1097 891 1142 a
920 1077 1073 1142 viris
1118 1075 1531 1163 prudentibus
1576 1075 1654 1142 de
1698 1075 1982 1163 predicto
2028 1076 2303 1164 capitulo
2335 1097 2524 1162 quam
2555 1097 2594 1142 a
2635 1077 3009 1162 quibusdam
3036 1076 3326 1144 fidelibus
3371 1078 3536 1144 eius-

677 1183 817 1250 dem
866 1182 1124 1251 ecclesie
1168 1183 1431 1266 triginta
1475 1188 1539 1249 et
1581 1203 1693 1248 sex
1738 1182 2120 1250 talentorum
2162 1185 2373 1270 precio
2420 1185 2742 1270 extimata,
2789 1185 3057 1272 predicti
3099 1184 3345 1252 nobiles
3389 1205 3538 1271 pro-

674 1291 977 1376 prietates
1024 1311 1170 1357 suas
1215 1291 1477 1375 triginta
1518 1289 1659 1356 iiii0‘
1700 1289 1941 1357 talenta
1993 1295 2058 1357 et
2110 1291 2380 1377 amplius
2427 1293 2608 1358 annis
2655 1291 2916 1375 singulis
2974 1291 3368 1359 exsolventes
3411 1291 3540 1380 ipsi

676 1397 935 1465 ecclesie
982 1397 1409 1482 contulerunt,
1479 1397 1557 1464 ab
1606 1417 1681 1463 ea
1722 1397 1790 1463 in
1832 1397 2089 1464 feudum
2155 1399 2526 1485 recipientes
2585 1399 2868 1484 easdem,
2924 1419 3162 1485 vosque
3219 1400 3540 1484 quandam

674 1506 1126 1593 proprietatem
1159 1510 1435 1572 vestram
1470 1503 1792 1571 annuatim
1838 1503 2184 1573 solventem
2231 1506 2353 1572 duo
2397 1505 2656 1592 talenta,
2702 1528 2822 1593 que
2853 1506 3114 1574 deerant
3141 1507 3541 1574 extimationi

675 1614 955 1699 predicte
968 1663 987 1697 ‚
1044 1613 1170 1700 ipsi
1216 1612 1474 1679 ecclesie
1518 1611 1890 1679 contulistis.
1960 1611 2131 1679 Idem
2180 1633 2326 1698 ergo
2384 1614 2714 1700 episcopus
2771 1613 3106 1681 securitate
3159 1619 3414 1702 recepta
3459 1614 3542 1680 de

674 1721 1135 1787 restauratione
1178 1719 1467 1786 facienda
1510 1720 1635 1805 ipsi
1680 1719 1959 1803 ecclesie,
2007 1721 2064 1786 si
2107 1719 2386 1805 aliquam
2431 1726 2677 1808 partem
2722 1721 3014 1809 prephati
3047 1721 3358 1789 excambii
3389 1741 3542 1789 con-

676 1828 936 1910 tingerit
978 1827 1181 1894 evinci
1225 1827 1525 1912 legitime,
1576 1825 1653 1894 ab
1684 1827 1901 1893 eadem
1934 1827 2306 1915 prephatam
2343 1827 2650 1895 decimam
2680 1829 2858 1925 vobis
2891 1828 2968 1896 de
2999 1847 3310 1896 consensu
3335 1831 3542 1896 tocius

678 1935 939 2021 capituli
993 1935 1093 2002 sui
1149 1933 1415 2000 contulit
1479 1939 1783 2021 perpetuo
1850 1933 2048 2008 libere
2117 1935 2536 2003 obtinendam.
2624 1935 2756 2004 Nos
2811 1936 3006 2021 igitur
3064 1937 3294 2004 vestris
3349 1937 3542 2004 iustis

676 2041 969 2129 precibus
1013 2041 1300 2108 inclinati
1344 2040 1741 2108 collationem
1785 2041 2024 2128 ipsam,
2083 2042 2246 2109 sicut
2297 2044 2560 2129 provide
2605 2043 2774 2111 facta
2818 2049 2916 2110 est
2969 2048 3033 2111 et
3086 2044 3153 2110 in
3207 2043 3541 2130 prephatis

675 2149 905 2216 litteris
945 2148 1191 2236 plenius
1222 2150 1595 2233 continetur,
1638 2149 2012 2216 auctoritate
2043 2149 2386 2237 apostolica
2413 2151 2854 2219 confirmamus
2885 2155 2950 2218 et
2977 2139 3289 2238 presentis
3319 2150 3544 2237 scripti

676 2258 1027 2344 patrocinio
1074 2257 1549 2323 communimus.
1619 2255 1793 2322 Nulli
1838 2277 1986 2340 ergo
2033 2262 2148 2324 etc.
2222 2256 2291 2324 Si
2337 2258 2477 2344 quis
2523 2263 2732 2326 autem
2777 2263 2894 2326 etc.
2961 2258 3199 2326 Datum
3227 2258 3427 2326 Reate
3467 2257 3544 2323 iii

678 2365 821 2431 idus
865 2364 1005 2430 iulii
1048 2363 1451 2451 pontificatus
1494 2363 1697 2430 nostri
1741 2382 1904 2431 anno
1950 2384 2136 2430 none.

890 2488 958 2549 11,
987 2485 1088 2539 128
1124 2487 1233 2538 sine
1271 2486 1414 2549 ἀεί-,ος
1449 2487 1503 2537 ἱιι
1537 2485 1639 2536 fine
1675 2484 1929 2537 additum:
1971 2487 2080 2552 „Ita
2114 2487 2363 2540 invenitur
2399 2487 2465 2539 de
2487 2489 2642 2540 verbo
2679 2489 2746 2539 ad
2770 2489 2977 2540 verbum
3011 2487 3063 2538 in
3098 2489 3316 2554 reg-istro
3351 2487 3544 2539 domini

680 2569 895 2628 Honorii
928 2594 1062 2642 pape
1097 2577 1188 2628 ΠΙ.
1242 2575 1489 2628 Martinus
1504 2577 1551 2626 “-
1620 2575 1743 2626 eum
1789 2575 1909 2628 dato
1955 2577 2010 2628 in
2053 2575 2224 2628 codice
2259 2576 2628 2642 Regimontano
2667 2577 2732 2630 R.
2756 2576 2824 2628 77
2861 2577 2993 2628 inter
3027 2575 3544 2644 Mergentheimensia

678 2684 730 2717 n.
758 2667 843 2718 31.
1062 2666 1107 2716 1.
1148 2675 1200 2716 et
1225 2665 1440 2717 Conradi
1463 2665 1507 2714 B
1545 2664 1689 2715 deest
1696 2683 1712 2726 ;
1750 2664 1996 2731 supplevi.
2052 2665 2190 2716 1224
2225 2665 2335 2718 dec.
2356 2666 2438 2716 14.
2481 2666 2817 2720 Theodericus
2851 2665 3234 2732 Herbipolensis
3269 2666 3544 2732 episcopus

684 2755 734 2820 (†
763 2753 897 2808 1225
936 2754 1063 2806 febr.
1089 2755 1179 2821 20)
1218 2755 1463 2807 concessit
1500 2752 1775 2804 Godefrido
1812 2763 1865 2805 et
1902 2753 2130 2806 Conrado
2168 2754 2232 2806 de
2267 2755 2585 2819 Hohenlohe‚
2627 2764 2685 2806 ut
2718 2755 2960 2807 decimam
2996 2754 3544 2822 Mergentheimensem

682 2845 745 2894 ab
784 2844 1021 2910 episcopo
1058 2843 1130 2895 eis
1166 2835 1473 2896 infe'odatam
1508 2849 1747 2907 tanquam
1782 2841 1991 2894 liberam
2025 2844 2394 2909 possessionem
2439 2862 2531 2911 pro
2581 2843 2690 2896 aliis
2725 2845 2886 2896 feodis
2923 2843 3146 2910 episcopi
3179 2843 3361 2895 futuris
3397 2844 3544 2896 bonis

682 2931 845 2984 ordini
880 2932 1188 2985 Theutonico
1225 2933 1511 2994 traderent3
1549 2933 1612 2984 cf.
1637 2932 1932 2985 Schonhuth
1971 2931 2191 2984 Chronik
2227 2933 2318 2984 der
2351 2932 2657 3000 vormaligen
2693 2931 3242 2985 Deutschordensstadt
3273 2931 3540 2998 Mergent-

680 3021 832 3074 heim.
884 3020 1252 3088 Mergentheim
1282 3020 1435 3074 1857.
1482 3021 1627 3074 12:³⁰.
1670 3039 1722 3089 p.
1750 3021 1815 3073 13
1846 3039 1919 3088 sq.
2063 3021 2114 3072 2.
2151 3021 2396 3089 supplevi.
2549 3021 2600 3074 3.
2636 3022 2771 3074 idem
2805 3021 2984 3074 nobilis
3021 3021 3082 3073 B.
3221 3021 3276 3074 4.
3309 3037 3450 3072 nunc
3479 3019 3542 3072 B.

691 3275 729 3344 1
742 3273 782 3343 7
795 3274 865 3344 8.
903 3275 1083 3342 1233
1128 3287 1240 3340 oct.
1274 3274 1364 3339 28
1404 3275 1721 3361 Erpurch.
1790 3275 2178 3357 Fridericus,
2227 3275 2528 3339 Austriae
2571 3275 2721 3355 dux,
2779 3273 3022 3358 confert
3055 3274 3383 3358 fratribus
3427 3275 3540 3340 Ῐιο-

905 3381 1154 3468 spiculis
1206 3405 1254 3447 ε.
1288 3383 1381 3448 M.
1424 3381 1538 3448 Th.
1570 3385 1643 3447 in
1671 3382 1727 3447 I.
1775 3405 1823 3446 s.
1858 3381 2248 3468 Ouniyundis
2303 3383 2620 3447 ecclesiam
2672 3385 2742 3447 in
2794 3381 2949 3448 colle
2991 3404 3200 3470 prope
3242 3382 3544 3448 Pairiseh

912 3489 1141 3558 Graetz
1186 3513 1325 3555 eum
1366 3491 1735 3571 redditibus,
1783 3491 1970 3556 villas
2016 3491 2278 3570 Makau,
2321 3489 2711 3575 Vlechinqen,
2752 3488 3258 3575 Wuffinyerdorf,
3303 3493 3544 3576 partim

907 3597 1295 3683 Mezendorf,
1356 3599 1489 3662 alia
1534 3597 1717 3679 bona,
1775 3599 2096 3664 emendam
2138 3599 2466 3684 sanquinis
2509 3620 2625 3685 per
2670 3599 2882 3662 omnia
2926 3597 3091 3662 bona
3135 3619 3350 3664 eorum
3393 3619 3545 3662 suae

909 3709 1188 3786 ditionis,
1235 3706 1400 3770 alias
1446 3704 1774 3772 libertates.

908 3837 979 3906 In
1024 3838 1279 3905 nomine
1322 3843 1539 3905 sancte
1584 3843 1650 3905 et
1688 3836 2010 3904 individue
2053 3837 2379 3905 trinitatis.
2437 3837 2661 3904 Amen.
2738 3835 3092 3904 Fridericus
3122 3837 3252 3903 dux
3282 3837 3543 3904 Austrie

690 3954 755 4016 et
798 3946 1008 4033 Styrie
1054 3981 1137 3992 —-
1184 3965 1323 4012 cum
1382 3966 1627 4013 sacram
1683 3946 1940 4012 domum
2001 3950 2214 4012 sancte
2267 3943 2464 4011 Marie
2509 3943 3035 4011 Theutonicorum
3087 3945 3156 4012 in
3201 3943 3544 4012 Ierusalem

688 4061 1013 4139 tamquam
1077 4054 1549 4140 progenitorum
1613 4057 1976 4118 nostrorum
2041 4072 2197 4139 opus
2267 4051 2601 4118 favorabili
2653 4051 3141 4139 complectamur
3197 4050 3428 4120 affectu
3483 4055 3548 4118 et

690 4161 919 4247 ubique
964 4182 1079 4248 per
1120 4167 1323 4227 terras
1368 4166 1615 4229 nostras
1660 4161 2048 4248 protectione
2077 4163 2296 4226 nostra
2337 4159 2652 4243 gaudeant
2696 4165 2760 4226 et
2787 4159 3004 4226 favore
3034 4195 3118 4204 -
3155 4183 3354 4246 usque
3381 4159 3548 4226 Acta

692 4275 840 4336 sunt
894 4270 1007 4335 hec
1050 4268 1118 4332 in
1160 4266 1449 4353 Erpurch
1496 4288 1659 4335 anno
1705 4269 1974 4352 virginei
2019 4273 2239 4354 partus
2286 4276 2374 4332 m⁰
2405 4276 2499 4332 cc⁰
2529 4274 2685 4332 xxx⁰
2715 4266 2814 4332 iii⁰
2855 4266 3168 4334 indicione
3195 4266 3284 4332 vi·
3327 4267 3546 4352 quinto

691 4375 995 4444 kalendas
1026 4376 1381 4443 novembris
1414 4396 1578 4443 anno
1614 4373 2014 4462 pontificatus
2051 4375 2286 4441 domini
2319 4371 2604 4458 Gregorii
2637 4393 2802 4460 pape
2834 4374 2986 4440 noni
3013 4373 3149 4458 vii⁰,
3193 4373 3550 4460 imperante

693 4485 1145 4569 gloriosissimo
1190 4481 1615 4550 Romanorum
1658 4483 2042 4570 imperatore
2086 4481 2404 4549 Friderico
2448 4480 2734 4549 feliciter.
2804 4481 3028 4548 Amen.

906 4615 1020 4678 VII,
1056 4615 1161 4667 368
1172 4633 1220 4667 v.
1273 4633 1320 4666 v.
1346 4615 1543 4667 Meiller
1578 4615 1836 4681 Regesten
1874 4630 1962 4666 zur
1987 4613 2288 4666 Geschichte
2325 4613 2415 4664 der
2443 4611 2769 4679 Markgrafen
2805 4613 2910 4663 und
2944 4612 3178 4678 Herzoge
3201 4611 3551 4663 Oesterreichs

695 4723 785 4756 aus
822 4705 938 4756 dem
970 4705 1144 4756 Haase
1168 4703 1487 4769 Babenberg.
1532 4703 1683 4756 Wien
1711 4703 1864 4755 1850.
1911 4703 2013 4754 152
2035 4721 2130 4770 sq„
2167 4703 2314 4754 citat:
2352 4701 2578 4753 Duellius
2615 4701 2805 4754 Hister.
2829 4701 2991 4753 ordin.
3009 4701 3190 4752 Theut.
3213 4699 3310 4764 111,
3335 4701 3405 4752 88
3440 4719 3489 4752 ιι.
3521 4700 3546 4751 1

694 4795 763 4844 im
798 4795 1021 4860 Auszug.
1056 4825 1128 4836 --
1162 4793 1330 4844 Pusch
1364 4801 1419 4844 et
1451 4792 1686 4845 Frohlich
1722 4791 2086 4860 Diplomataria
2121 4807 2266 4843 sacra
2302 4790 2510 4842 ducatus
2547 4789 2762 4856 Styriae.
2818 4789 3063 4853 Viennae,
3099 4789 3322 4856 Pragae-
3335 4798 3390 4842 et
3422 4789 3550 4842 Τετ-

697 4883 829 4948 gesti
857 4881 1008 4934 1756.
1058 4882 1126 4944 Π,
1162 4879 1263 4933 177
1296 4899 1349 4934 n.
1376 4883 1402 4933 1
1444 4879 1761 4948 vollstandig.
1803 4910 1864 4919 —
1906 4881 2092 4932 Caesar
2128 4879 2312 4931 Annal.
2347 4879 2558 4931 ducatus
2593 4878 2776 4931 Stiriae
2811 4877 2878 4942 11,
2915 4877 3020 4930 500
3053 4896 3106 4931 ιι.
3130 4877 3217 4930 64.
