3892 5609
728 341 881 411 446
1701 349 2125 398 Ponrnncmu
2168 345 2611 396 Romanorum

728 511 1002 577 filiorum
1047 509 1570 576 commendatoris
1617 513 1681 574 et
1707 509 1975 574 fratrum
2005 507 2227 574 domus
2256 504 2583 591 hospitalis
2615 505 2797 572 beate
2825 504 3023 572 Maris
3052 505 3605 572 Theutonicormn

730 617 1208 684 lerosolimitani
1249 617 1316 682 in
1363 615 1658 682 suburbio
1701 614 2150 698 Argentinensi
2192 612 2580 696 instantiam,
2628 619 2699 678 ut
2742 613 2807 677 in
2854 613 3116 680 ecclesia
3158 612 3345 678 beate
3386 611 3609 677 Mar-ie

732 725 992 808 virginis
1051 723 1214 790 dicte
1273 722 1494 788 domus
1551 719 1922 788 eucharistie
1980 721 2214 787 domini
2260 721 2457 786 nostri
2504 720 2644 786 Iesu
2690 719 2925 786 Christi
2969 718 3329 786 venerabile
3376 739 3611 784 sacra-

730 842 1010 899 mentum
1059 832 1122 897 in
1171 829 1447 897 cristallo
1491 829 1593 896 vel
1637 849 1783 894 vase
1827 829 2158 914 perspicuo
2205 848 2314 893 seu
2361 827 2698 912 perlucido,
2746 829 2835 894 ita
2876 827 3039 912 quod
3070 827 3339 912 quilibet
3368 825 3607 892 volens

729 939 1086 1006 huiusmodi
1133 943 1592 1004 sacramentum
1639 936 1850 1001 videre
1893 941 2109 1022 posset
2153 936 2217 1000 in
2264 934 2647 1017 nativitatis,
2693 934 3055 1020 epiphanie,
3104 933 3603 1000 resurrectionis

733 1053 796 1114 et
841 1047 1221 1114 ascensionis
1267 1043 1494 1130 prefati
1542 1042 1778 1109 domini
1825 1044 2024 1109 nostri
2070 1043 2209 1109 Iesu
2254 1043 2519 1125 Christi,
2578 1047 2999 1127 pentecostae,
3052 1061 3297 1107 necnon
3352 1040 3605 1106 nativi-

731 1155 912 1237 tatis,
973 1151 1448 1237 assumptioniS,
1507 1148 1958 1236 purificationis
2015 1156 2077 1216 et
2130 1149 2631 1216 annunciationis
2690 1149 2871 1214 beate
2914 1147 3111 1215 Marie
3156 1147 3457 1231 virginiS,
3520 1166 3605 1212 ac

730 1261 1110 1327 inventionis
1155 1265 1218 1326 et
1263 1257 1666 1325 exaltacionis
1713 1261 1926 1323 sancte
1986 1257 2187 1321 crucis
2244 1252 2337 1322 et⁴
2382 1258 2449 1322 in
2505 1256 2685 1322 beate
2728 1255 3089 1322 Elisabethe
3142 1255 3331 1320 vidue
3388 1274 3465 1319 ac
3524 1254 3601 1318 in

731 1368 932 1455 ipsius
989 1367 1244 1434 ecclesie
1301 1363 1710 1432 dedicationis
1764 1363 2213 1430 festivitatibus
2266 1383 2508 1430 necnon
2560 1363 2628 1428 in
2684 1361 3044 1429 celebritate
3099 1363 3387 1428 omnium
3442 1382 3599 1427 san-

733 1481 974 1542 ctorum
1024 1495 1062 1540 a
1104 1473 1324 1560 primis
1371 1471 1650 1557 vesperis
1695 1470 2027 1538 cuiuslibet
2068 1471 2481 1537 festivitatum
2526 1477 2591 1537 et
2634 1468 3015 1538 celebritatis
3066 1469 3425 1536 huiusmodi
3482 1489 3601 1533 us-

736 1602 856 1667 que
914 1577 1030 1648 ad⁸
1076 1579 1379 1646 secundas
1424 1599 1751 1664 vesperas,
1811 1577 2009 1644 donec
2060 1578 2534 1665 completorium
2582 1578 2898 1660 finiretur,
2954 1578 3025 1641 in
3084 1577 3325 1662 patenti
3386 1575 3593 1642 teneri

737 1695 801 1756 et
843 1691 908 1755 in
957 1687 1234 1774 qualibet
1278 1686 1612 1752 earundem
1658 1686 2067 1752 festivitatum
2116 1691 2181 1752 et
2224 1685 2602 1752 celebritatis
2646 1691 2931 1771 tempore
2976 1684 3311 1749 missarum
3358 1683 3443 1748 ad
3472 1682 3595 1748 hoe

736 1817 1009 1879 congruo
1057 1815 1194 1861 cum
1242 1793 1638 1879 processione
1683 1813 1796 1878 per
1841 1793 2145 1858 ambitum
2190 1793 2355 1858 dicte
2400 1793 2657 1859 ecclesie
2703 1791 3067 1858 solemniter
3095 1798 3158 1858 et
3186 1791 3415 1857 devote
3442 1811 3595 1877 por-

735 1905 854 1969 tari
902 1903 1070 1970 licite
1115 1901 1370 1985 valeret,
1417 1901 1707 1966 duximus
1739 1900 2029 1966 similiter
2058 1900 2529 1984 indulgendum,
2571 1900 2907 1965 dummodo
2935 1904 3145 1965 tamen
3177 1899 3385 1964 dictus
3416 1899 3591 1964 locus

735 2010 1010 2094 generali
1063 2029 1189 2074 non
1245 2007 1565 2074 subiaceat
1620 2007 1973 2074 interdicto.
2070 2006 2156 2072 Et
2209 2006 2613 2074 nihilominus
2670 2007 2989 2089 omnibuS,
3046 2013 3118 2072 ut
3174 2006 3591 2091 premittitur,

735 2116 1159 2204 penitentibus
1205 2121 1270 2181 et
1313 2114 1632 2197 confessis,
1681 2115 1788 2199 qui
1835 2114 2063 2180 dictam
2112 2113 2434 2180 ecclesiam
2470 2115 2533 2180 in
2580 2115 2843 2200 prefatis
2885 2114 3336 2180 festivitatibus
3382 2119 3451 2179 et
3494 2133 3597 2180 ce-

736 2224 1025 2290 lebritate
1069 2223 1292 2290 devote
1337 2222 1669 2288 visitarent
1711 2226 1776 2288 et
1817 2241 2025 2286 coram
2058 2221 2223 2286 dicto
2255 2227 2646 2287 sacramento
2678 2222 3023 2288 orationem
3055 2228 3119 2287 et
3146 2221 3593 2287 salutationem

736 2331 1094 2397 huiusmodi
1150 2331 1458 2412 dicerent,
1517 2336 1589 2395 ut
1630 2329 1973 2416 prefertur,
2028 2327 2203 2393 illam
2248 2328 2537 2394 videlicet
2578 2328 3031 2412 indulgentiam
3073 2335 3141 2395 et
3188 2335 3591 2414 peccatorum

737 2459 994 2504 suorum
1066 2439 1496 2505 remissionem
1569 2437 2019 2518 concessimus,
2090 2455 2210 2519 que
2284 2436 2681 2502 visitantibus
2752 2436 3076 2502 ecclesiam
3150 2437 3355 2502 sancti
3416 2435 3591 2502 Petri

735 2545 999 2612 iunioris
1056 2545 1578 2628 Argentinensem
1639 2543 1802 2609 hona
1869 2542 2027 2608 feria
2080 2547 2305 2627 quarta
2360 2543 2599 2609 scilicet
2660 2543 2950 2630 proxima
3004 2549 3151 2629 post
3208 2543 3591 2610 dominicam

736 2651 1090 2738 palmarum
1139 2652 1310 2717 dicta
1353 2656 1490 2716 erat
1533 2653 1902 2716 auctoritate
1947 2669 2259 2717 concessa.
2341 2650 2427 2716 Et
2476 2652 2765 2736 insuper,
2812 2653 2989 2735 quia,
3038 2652 3201 2716 sicut
3245 2671 3363 2737 pro
3410 2655 3591 2736 parte

739 2764 950 2825 vestra
991 2759 1172 2825 nobis
1229 2757 1534 2843 exposito,
1581 2757 1896 2823 nonnullis
1943 2757 2459 2844 archiepiscopis,
2516 2759 2824 2844 episcopis
2871 2765 2937 2824 et
2978 2758 3119 2824 aliis
3162 2758 3445 2823 locorum
3490 2779 3589 2822 or-

739 2866 1000 2932 dinariis
1047 2887 1086 2931 a
1130 2865 1276 2931 sede
1321 2864 1664 2950 apostolica
1705 2864 2019 2932 indultum
2058 2885 2167 2931 seu
2198 2865 2355 2931 alias
2384 2865 2599 2930 eadem
2634 2865 2735 2932 vel
2764 2864 3082 2931 ordinaria
3108 2865 3588 2932 auctoritatibus

739 2972 855 3039 sub
901 2972 1089 3038 certis
1135 2972 1316 3058 penis
1361 2971 1428 3038 in
1457 2971 1720 3037 diversis
1753 2972 2037 3056 partibus
2068 2973 2430 3038 mandatum
2460 2973 2595 3038 fore
2626 2971 2967 3054 dicebatur,
3012 2973 3177 3057 quod
3208 2973 3275 3038 in
3306 2975 3587 3059 ipsorum

741 3079 1371 3167 archiepiscoporum,
1419 3079 1852 3165 episcoporum
1897 3085 1963 3144 et
2006 3079 2463 3146 ordinariorum
2511 3079 2973 3165 episcopatibus
3010 3085 3074 3146 et
3102 3081 3457 3146 diocesibus
3486 3080 3593 3146 lit-

739 3193 872 3254 tere
915 3207 1026 3252 seu
1071 3185 1370 3252 mandata
1415 3185 1757 3270 apostolica
1801 3185 2107 3271 publicari
2158 3207 2267 3252 seu
2322 3187 2675 3254 executioni
2730 3187 3097 3252 demandari
3150 3206 3277 3252 non
3332 3195 3593 3272 possent

739 3313 856 3360 nec
899 3293 1054 3380 ipsis
1100 3293 1328 3360 litteris
1373 3292 1606 3359 subditi
1651 3293 2101 3378 archiepiscopi
2148 3293 2247 3359 vel
2292 3294 2591 3380 episcopi,
2638 3295 2703 3358 in
2734 3293 2909 3359 cuius
2940 3294 3195 3360 civitate
3224 3295 3325 3360 vel
3356 3295 3591 3361 diocesi

739 3400 938 3482 fieret,
983 3399 1236 3466 obedire
1281 3404 1658 3482 tenerentur,
1705 3399 1828 3465 nisi
1859 3399 2036 3485 prius
2068 3420 2179 3486 per
2207 3399 2473 3466 eundem
2504 3399 3039 3486 archiepiscopum
3071 3401 3171 3467 vel
3202 3402 3591 3488 episcopum,-

739 3507 807 3573 in
851 3506 1028 3573 cuius
1071 3507 1325 3573 civitate
1371 3506 1470 3572 vel
1515 3506 1744 3572 diocesi
1788 3506 1987 3592 fieret,
2032 3528 2145 3574 seu
2188 3527 2304 3593 per
2346 3504 2535 3572 alium
2582 3507 2660 3574 ab
2692 3527 2765 3574 eo
2798 3509 2876 3573 ad
2907 3507 3024 3573 hoc
3052 3489 3427 3594 deputatum
3456 3510 3591 3595 ipse

737 3614 948 3679 littere
992 3617 1056 3680 et
1097 3613 1398 3679 mandata
1439 3612 1575 3678 visa
1620 3618 1683 3679 et
1727 3615 2087 3680 examinata
2132 3622 2194 3680 et
2244 3615 2310 3680 in
2368 3615 2617 3698 signum
2671 3615 2930 3680 visionis
2986 3621 3049 3682 et
3105 3615 3590 3682 examinationis

739 3721 1097 3788 huiusmodi
1151 3719 1458 3786 eiusmodi
1513 3719 2000 3806 archiepiscopi,
2068 3721 2343 3807 episcopi
2396 3728 2463 3787 et
2518 3720 2818 3787 ordinarii
2881 3721 3063 3788 litere
3114 3723 3591 3806 testimoniales,

741 3847 898 3912 quas
927 3826 1269 3910 vulgariter
1297 3826 1569 3892 vidimus
1615 3827 1955 3912 appellant,
1992 3829 2347 3894 ‘existerent
2388 3849 2707 3908 concesse3
2754 3849 2869 3894 nos
2898 3829 3095 3913 vobis,
3144 3837 3233 3913 ut,
3280 3851 3591 3915 quascun-

741 3955 861 4020 que
905 3934 1120 4000 literas
1173 3937 1239 4000 et
1291 3932 1618 4015 mandata,
1678 3933 2011 4019 privilegia
2054 3940 2118 4000 et
2160 3935 2578 4018 indulgentias
2624 3957 2737 4001 seu
2782 3937 2935 4002 alias
2982 3939 3414 4005 concessiones
3460 3939 3591 4004 sive

741 4041 1010 4126 gratiam
1055 4041 1186 4106 sive
1228 4039 1544 4106 iusticiam
1589 4040 1977 4107 continentes
2024 4041 2101 4108 ab
2148 4042 2365 4108 eadem
2408 4042 2554 4109 sede
2582 4043 2759 4109 vobis
2789 4043 3085 4110 hactenus
3115 4045 3285 4110 facta
3315 4045 3415 4112 vel
3446 4065 3593 4111 con-

745 4167 922 4214 cessa
966 4169 1078 4214 seu
1119 4147 1187 4212 in
1246 4153 1565 4233 posterum
1625 4149 2021 4214 concedenda
2074 4169 2147 4214 ac
2190 4170 2519 4236 processus
2564 4171 2777 4216 eorum
2824 4151 3039 4234 vigore
3083 4151 3331 4217 habitos
3376 4159 3441 4218 et
3484 4152 3593 4218 ha-

745 4255 980 4322 bendos
1023 4255 1094 4320 in
1139 4253 1607 4338 quibuscunque
1653 4255 2009 4322 civitatibus
2055 4261 2119 4322 et
2160 4256 2509 4323 diocesibus
2556 4263 2620 4324 et
2664 4257 2819 4323 alias
2871 4258 3225 4343 ubicunque
3268 4259 3592 4344 expediret

741 4361 1050 4449 publicari
1095 4366 1160 4428 et
1205 4362 1554 4428 executioni
1600 4361 1967 4428 demandari
2010 4363 2213 4429 facere
2252 4363 2445 4430 libere
2478 4369 2543 4430 et
2572 4364 2741 4432 licite
2776 4364 3056 4448 valeatis,
3100 4385 3177 4430 ac
3205 4371 3587 4448 executores,

743 4475 1210 4536 conservatores
1255 4474 1320 4534 et
1361 4468 1472 4534 alii
1515 4467 1752 4534 iudices
1799 4468 1975 4535 vobis
2021 4470 2102 4536 ad
2134 4470 2249 4536 hoc
2279 4471 2561 4556 deputati
2592 4477 2656 4537 et
2684 4471 3027 4556 deputandi
3058 4493 3170 4538 seu
3200 4494 3417 4542 eorum
3446 4473 3588 4539 sub-

742 4576 1010 4660 delegati
1069 4578 1259 4644 etiam
1331 4575 1410 4642 ad
1475 4574 1957 4662 publicationem
2013 4576 2365 4643 huiusmodi
2421 4583 2485 4644 et
2540 4579 2969 4645 executionem
3024 4580 3364 4666 procedere
3418 4585 3589 4646 tene-

739 4690 958 4750 rentur
1006 4689 1070 4750 et
1112 4683 1436 4765 deberent,
1481 4682 1684 4748 literis
1729 4683 2253 4750 testimonialibus
2300 4705 2412 4770 per
2454 4705 2565 4750 vos
2610 4705 2650 4750 a
2696 4705 3061 4770 quocunque
3100 4687 3589 4774 archiepiscopo,

743 4791 1034 4876 episcopo
1091 4789 1192 4856 vel
1258 4788 1572 4856 ordinario
1639 4809 1751 4855 seu
1817 4788 1975 4855 alias
2032 4791 2109 4856 ad
2166 4791 2283 4857 hoc
2338 4791 2635 4878 deputato
2696 4813 2821 4859 non
2880 4793 3095 4877 petitis
3148 4813 3267 4860 nec
3322 4793 3589 4861 obtentis

741 4895 1037 4962 duximus
1111 4896 1328 4963 eadem
1397 4896 1768 4964 auctoritate
1833 4897 2123 4964 similiter
2186 4897 2637 4983 indulgendum
2651 4949 2670 4983 ,
2741 4899 3141 4966 decernentes
3210 4907 3589 4984 executores,

741 5009 1210 5070 conservatores
1225 5053 1244 5088 ,
1301 5003 1536 5072 iudices
1591 5010 1658 5071 et
1713 5004 2146 5090 subdelegatos
2210 5006 2567 5074 huiusmodi
2624 5026 2866 5074 necnon
2920 5006 3200 5075 notarios
3256 5015 3323 5076 et
3378 5014 3587 5090 testes,
