3892 5609
709 306 856 379 328
1679 312 2107 363 PON'PIFIOUM
2150 312 2593 363 nousuonnu

703 497 914 563 ymmo
941 472 1311 542 detestanda
1339 475 1749 542 contubernia
1777 474 2149 540 contrahere
2178 494 2303 540 non
2334 470 2724 541 formidant¹.
2771 471 3063 557 Plerique
3086 472 3306 556 etiam,
3334 471 3445 555 qui
3466 470 3591 537 deo

703 585 771 650 in
815 584 978 651 fictis
1025 582 1317 670 operibus
1349 583 1747 648 menciuntur
1777 582 2037 648 obtentu
2068 582 2225 648 false
2256 581 2598 664 religionis,
2642 600 2831 669 quam
2864 580 3079 666 pocius
3110 578 3336 645 volunt
3362 578 3594 662 fugere

705 710 892 775 quam
939 696 1204 773 mutare,
1251 709 1376 756 non
1425 690 1623 775 petita
1666 688 1959 771 magistri
1986 689 2086 754 sui
2114 688 2378 755 licencia
2406 687 2507 755 vel
2534 686 2792 757 obtenta
2820 708 2889 753 se
2918 687 3002 753 ad
3030 686 3225 753 alium
3254 685 3591 769 religionis

702 778 908 863 locum
955 798 1362 880 transferunt,
1409 816 1537 861 non
1583 796 2017 877 advertentes,
2048 794 2212 879 quod
2258 796 2411 861 deus
2456 815 2583 861 non
2622 794 2865 862 fallitur
2908 814 3025 860 nec
3054 793 3407 859 altissimus
3434 793 3589 857 irri-

583 890 588 896 ’
705 904 905 970 detur.
984 904 1114 969 Nos
1159 905 1354 988 igitur
1399 922 1588 988 super
1633 902 1755 968 hiis
1802 902 2081 969 volentes
2128 903 2389 989 speciali
2434 903 2706 989 quadam
2752 901 3176 968 sollicitudine
3221 900 3589 986 providere,

705 1011 1076 1077 auctoritate
1104 1010 1498 1096 presencium
1528 1008 1904 1091 inhibemus,
1952 1030 2033 1075 ne
2064 1010 2203 1093 quis
2233 1015 2379 1095 post
2407 1011 2860 1096 professionem
2898 1008 3139 1075 ordinis
3172 1008 3371 1074 vestri
3404 1006 3589 1072 vobis

702 1116 1078 1201 regulariter
1121 1118 1352 1183 factam
1409 1116 1820 1200 habitumque
1875 1122 2199 1202 receptum
2258 1117 2338 1182 ad
2384 1117 2662 1183 seculum
2708 1116 2809 1184 vel
2850 1114 3072 1181 mundi
3117 1114 3424 1179 miliciam
3472 1122 3588 1179 aut

705 1223 1018 1290 seculares
1077 1225 1340 1309 nupcias
1395 1221 1724 1293 licenciam
1785 1222 2016 1288 habeat
2068 1224 2457 1289 transeundi.
2554 1222 2779 1290 Nullus
2852 1242 3100 1306 quoqne
3158 1220 3423 1286 maioris
3482 1218 3587 1285 vel

706 1330 968 1395 minoris
1013 1329 1336 1413 religionis
1369 1330 1626 1396 obtentu
1669 1329 1804 1394 sine
1833 1328 2121 1410 magistri
2166 1331 2265 1395 sui
2292 1330 2547 1397 licentia
2581 1336 2907 1416 presumat
2944 1328 3026 1394 ad
3060 1326 3255 1393 alium
3290 1326 3581 1393 ordinem

703 1436 1114 1502 transvolare.
1173 1436 1343 1502 Nulli
1375 1456 1522 1519 ergo
1554 1436 1808 1500 omnino
1839 1435 2163 1501 hominum
2194 1436 2383 1503 liceat
2410 1437 2574 1503 hanc
2601 1439 2900 1523 paginam
2930 1440 3145 1501 nostre
3172 1432 3585 1499 inhibicionis

704 1542 1048 1625 infringere
1079 1542 1176 1608 vel
1225 1543 1283 1608 ei
1331 1562 1488 1608 ausu
1533 1542 1867 1609 temerario
1914 1544 2245 1609 contraire.
2318 1542 2387 1609 Si
2434 1545 2573 1629 quis
2620 1549 2831 1611 autem
2872 1542 2991 1609 hoc
3020 1545 3407 1625 attemptare
3437 1559 3581 1626 pre-

705 1650 1066 1739 sumpserit,
1111 1648 1614 1732 indignacionem
1661 1650 2110 1733 omnipotentis
2156 1650 2257 1716 dei
2304 1655 2368 1717 et
2413 1650 2734 1717 beatorum
2781 1649 2955 1715 Petri
3001 1652 3065 1714 et
3092 1646 3278 1713 Pauli
3325 1652 3581 1731 aposto-

703 1755 908 1822 lorum
957 1757 1090 1821 eius
1137 1776 1205 1822 se
1250 1756 1496 1822 noverit
1539 1756 1958 1822 incursurum.
2040 1756 2279 1823 Datum
2322 1755 2619 1824 Laterani
2666 1758 2791 1823 kal.
2824 1755 3127 1823 februarii
3170 1752 3579 1839 pontificatus

703 1863 906 1929 nostri
951 1882 1114 1928 anno
1161 1861 1450 1947 septimo.

917 1984 1040 2037 Sine
1077 1984 1222 2034 dato:
1257 1984 1325 2045 11,
1357 1984 1455 2033 106
1490 2000 1540 2035 ιι.
1565 1984 1664 2043 55;
1701 1983 1764 2033 A.
1793 1982 1862 2033 20
1897 2002 1946 2035 n.
1972 1984 2043 2035 53
2079 1984 2260 2036 Latine
2296 1992 2350 2035 et
2374 1985 2701 2046 Germanieeg
2736 1984 2944 2036 R.194.
2972 2014 3034 2021 ——
3076 1984 3199 2034 Onm
3232 1982 3383 2033 dato:
3420 1981 3577 2032 Late-

705 2074 818 2125 rani
861 2072 964 2124 kal.
999 2073 1126 2123 febr.
1163 2090 1216 2137 p.
1239 2090 1290 2123 n.
1317 2090 1362 2121 a.
1389 2070 1420 2122 '7
1473 2071 1525 2133 Ι,
1550 2070 1705 2131 ‘lem
1751 2072 1842 2133 IV,
1873 2072 2033 2123 191v.
2075 2090 2127 2123 ιι.
2152 2072 2249 2135 263
2297 2073 2361 2125 R.
2386 2074 2455 2123 55
2502 2074 2632 2124 inter
2672 2071 3065 2139 Batisponensia
3101 2071 3164 2131 6;
3218 2070 3285 2121 A.
3317 2068 3381 2119 16
3430 2087 3484 2135 p.
3506 2068 3581 2119 38

711 2159 963 2227 „Bm-uli&
1032 2160 1290 2225 Originale
1337 2158 1588 2225 quondam
1624 2159 2099 2225 Mergenthemense
2148 2178 2258 2211 cum
2295 2161 2433 2213 bulla
2468 2162 2519 2212 in
2561 2162 2659 2213 filis
2696 2163 2899 2215 sericeis
2936 2177 3165 2227 appensa
3200 2166 3493 2209 asservatur
3526 2158 3577 2207 in

706 2250 908 2301 archivo
953 2248 1142 2300 ordinis
1179 2248 1475 2299 Theutonici
1500 2247 1895 2298 vindobonensi.
1933 2278 1994 2285 —
2038 2250 2156 2299 Cum
2194 2250 2339 2300 dato:
2386 2250 2623 2301 Laterani
2658 2251 2712 2302 iii
2747 2267 2906 2302 nonas
2943 2249 3070 2300 febr.
3107 2265 3158 2313 p.
3184 2264 3235 2297 n.
3262 2264 3309 2295 a.
3336 2244 3369 2295 7
3420 2246 3575 2310 origi-

706 2338 838 2399 nale,
865 2338 998 2403 quod
1021 2336 1400 2387 Frendenthalii
1424 2337 1802 2396 asservabatur3
1828 2336 1963 2386 unde
1988 2346 2225 2403 excerpta
2250 2338 2407 2389 edidit
2430 2338 2632 2390 Boezek
2656 2340 2707 2389 in
2736 2339 2917 2391 Codice
2944 2336 3267 2405 diplomatico
3300 2344 3355 2384 et
3380 2334 3573 2399 episto-

705 2426 801 2477 lari
835 2426 1092 2477 Mor-aviae
1131 2424 1375 2475 olomucii
1415 2424 1566 2475 1839.
1613 2424 1689 2476 4⁰.
1749 2424 1826 2486 11,
1857 2425 1957 2475 145
1994 2443 2043 2475 ιι.
2074 2426 2190 2476 142.
2259 2426 2519 2493 originale
2562 2442 2695 2477 nune
2741 2428 2850 2477 uine
2888 2424 3024 2476 bulla
3058 2425 3111 2477 in
3146 2422 3351 2475 archivo
3387 2420 3576 2473 ordinis

706 2514 1004 2565 'theutonici
1028 2513 1410 2565 vindobonensi
1445 2520 1746 2565 asservatur.
1929 2514 1977 2565 1.
2012 2524 2250 2565 verentur
2286 2516 2326 2566 Ι.
2354 2516 2419 2576 11,
2456 2516 2520 2566 A.
2541 2514 2627 2567 20.

713 2716 888 2790 386.
929 2720 1107 2786 1223
1128 2719 1302 2804 febr.
1325 2718 1370 2785 3
1409 2718 1734 2791 Laterani.
1793 2718 2119 2784 Honorias
2142 2720 2268 2785 III
2294 2724 2519 2808 repetit
2553 2744 2617 2787 n.
2632 2722 2767 2787 323
2796 2722 2873 2787 de
2912 2720 3085 2788 1221
3128 2722 3383 2784 ianuar.
3410 2718 3520 2783 17.

929 2859 1244 2926 Honorius
1279 2864 1408 2926 etc.
1635 2858 1794 2925 Cum
1843 2878 1882 2925 a
1923 2860 2359 2943 religiosorum
2408 2867 2525 2928 etc.
2594 2860 2831 2928 Datum
2860 2859 3161 2927 Laterani
3204 2860 3276 2925 iii
3304 2878 3456 2925 non.
3488 2859 3579 2925 fe-

711 2966 948 3033 bruarii
994 2965 1394 3053 pontificatus
1439 2966 1641 3033 nostri
1688 2985 1851 3032 anno
1898 2967 2187 3053 septimo.

716 3212 890 3285 387.
931 3215 1112 3283 1223
1135 3216 1310 3299 febr.
1336 3215 1381 3280 3
1425 3214 1751 3281 Laterani.
1821 3214 2141 3281 Honorius
2173 3216 2298 3283 III
2329 3220 2553 3305 repetit
2594 3241 2659 3281 n.
2684 3216 2815 3283 361
2866 3218 2943 3282 de
2973 3216 3145 3283 1221
3176 3216 3351 3301 febr.
3378 3218 3441 3282 9.

934 3353 1248 3421 Honorius
1297 3361 1412 3423 etc.
1639 3356 1780 3421 Etsi
1828 3356 2167 3443 apostolice
2198 3362 2314 3424 etc.
2386 3356 2620 3425 Datum
2650 3356 2949 3424 Laterani
2994 3357 3065 3423 iii
3095 3376 3242 3423 non.
3274 3356 3579 3423 februarii

711 3460 1111 3548 pontificatus
1155 3463 1356 3530 nostri
1403 3483 1565 3529 anno
1613 3462 1901 3549 septime.

717 3683 892 3755 388.
935 3686 1116 3751 1223
1143 3686 1317 3769 febr.
1345 3687 1390 3752 3
1435 3688 1760 3752 Laterani.
1823 3684 2149 3751 Honorius
2182 3685 2305 3751 III
2338 3692 2560 3775 repetit
2602 3712 2665 3755 n.
2692 3688 2825 3755 384
2868 3690 2945 3753 de
2974 3688 3153 3753 1223
3178 3687 3353 3772 febr.
3382 3689 3445 3753 1.

934 3826 1249 3893 Honorius
1296 3833 1410 3893 etc.
1639 3824 1932 3893 Graviter
1964 3826 2174 3892 oculos
2207 3832 2323 3894 etc.
2394 3828 2630 3895 Datum
2664 3825 2959 3895 Laterani
2998 3828 3069 3893 iii
3100 3848 3247 3895 non.
3278 3827 3579 3895 februarii

714 3932 1114 4020 pontificatus
1161 3934 1362 4000 nostri
1409 3953 1572 4000 anno
1620 3934 1909 4020 septimo.

720 4178 894 4252 389.
935 4183 1114 4249 1223
1153 4184 1485 4268 Ῐθόνιιαήί
1520 4185 1565 4249 3
1610 4184 1934 4249 Laterani.
2014 4182 2339 4248 Honorius
2374 4182 2499 4248 III
2530 4186 2853 4249 universos
2898 4180 3134 4249 Chmzsti
3158 4182 3381 4266 fideles
3423 4205 3577 4270 pro-

925 4293 1144 4377 posita
1197 4292 1590 4377 indulqentia
1643 4290 1932 4355 hortatur
1976 4292 2063 4354 ad
2104 4290 2591 4355 succurrendum
2636 4292 2851 4355 ordini
2901 4289 3277 4355 Theutonico
3324 4290 3577 4355 eleemo-

939 4420 1135 4482 syme.

936 4519 1256 4588 Honorius
1315 4522 1646 4607 episcopus
1702 4540 1920 4587 servus
1966 4539 2289 4587 servorum
2336 4520 2437 4585 dei
2484 4518 2793 4585 universis
2840 4517 3078 4585 Christi
3120 4517 3441 4602 fidelibus,
3502 4518 3579 4584 ad

715 4647 871 4713 quos
916 4627 1098 4693 litere
1144 4629 1266 4695 iste
1309 4627 1732 4713 pervenerint,
1781 4626 2048 4693 salutem
2096 4632 2160 4692 et
2204 4626 2611 4712 apostolicam
2658 4624 3174 4693 benedictionem.
3410 4626 3579 4693 Inter

715 4741 954 4818 cetera,
1015 4756 1134 4820 que
1179 4734 1484 4801 inducunt
1528 4734 1959 4799 miseracionis
2004 4733 2389 4820 pacienciam
2438 4732 2516 4799 ad
2563 4732 2977 4818 parcendum,
3032 4731 3169 4799 sola
3211 4737 3310 4799 est
3352 4733 3579 4799 elemo-

717 4842 874 4925 sina,
923 4862 1044 4928 que
1091 4842 1380 4927 operiens
1427 4840 1893 4907 multitudinem
1941 4846 2339 4925 peccatorum
2388 4837 2687 4905 offensam
2734 4838 3013 4905 divinam
3059 4838 3331 4923 mitigat,
3378 4838 3493 4905 dat
3518 4840 3581 4905 in

715 4949 996 5037 presenti
1041 4949 1314 5035 graciam
1367 4953 1431 5015 et
1475 4947 1668 5015 adicit
1711 4946 1972 5031 gloriam
2022 4948 2089 5013 in
2132 4946 2365 5015 futuro,
2435 4945 2583 5033 Ipsa
2610 4945 2777 5011 enim
2810 4938 3101 5033 dispersa
3124 4945 3581 5031 multiplicatur
