3892 5609
717 311 753 380 1
768 309 866 379 90
1736 321 2160 370 ALEMANNIA.
2229 320 2544 370 sonum

720 477 757 548 1
771 475 891 549 98.
934 480 971 545 1
977 480 1108 546 415
1137 482 1427 546 ianuarii
1444 479 1490 544 2
1518 477 1934 546 Constantiam
2009 467 2320 546 Notarius
2349 482 2716 547 transumit
2746 490 3128 544 trammmta
3155 476 3405 544 Iuliani
3429 499 3578 544 oar-

931 586 1168 652 dinalis
1225 587 1302 651 de
1345 587 1521 654 1434
1564 587 1793 674 septbr.
1823 588 1867 652 9
1924 585 2154 673 (supra
2195 611 2260 652 n.
2289 587 2452 668 196)
2511 600 2572 653 et
2613 586 2948 652 Ludowiei
2997 585 3279 671 palatini
3331 586 3582 650 comitas

936 693 1148 758 Rheni
1188 694 1267 758 de
1310 693 1487 760 1428
1529 695 1750 759 martii
1779 695 1817 760 1
1867 690 2098 778 (supra
2139 716 2205 758 n.
2238 692 2422 774 194).

934 813 1005 880 In
1050 814 1305 882 nomine
1349 814 1587 882 domini
1626 836 1835 884 amen.
1904 815 2212 883 Noverint
2238 816 2518 882 universi
2547 820 2614 882 et
2655 814 2907 900 singuli,
2953 835 3112 900 quos
3155 834 3344 882 nosse
3384 814 3582 880 fuerit

712 926 1112 1012 oportunum,
1160 921 1327 1009 quod
1360 942 1523 990 anno
1552 923 1792 990 domini
1822 922 2156 990 millesimo
2197 922 2814 1009 quadringentesimo
2846 921 3327 1008 quadragesimo
3357 921 3580 1007 quinto

710 1029 1061 1097 indiccione
1106 1034 1329 1096 octava
1379 1027 1779 1117 pontificatus
1836 1029 2220 1097 sanctissimi
2273 1030 2341 1095 in
2395 1027 2645 1097 Christo
2704 1029 2906 1116 patris
2959 1033 3025 1096 et
3081 1028 3318 1095 domini
3375 1027 3579 1094 nostri

713 1136 952 1204 domini
995 1135 1266 1219 Eugenii
1324 1135 1540 1203 divina
1591 1136 1999 1224 providencia
2039 1156 2204 1223 pape
2251 1137 2490 1220 quarti,
2549 1155 2712 1202 611116
2759 1137 2892 1204 eius
2949 1134 3422 1222 quartodecimo
3473 1133 3580 1199 die

712 1264 862 1312 vero
892 1243 1167 1311 secunda
1194 1243 1435 1310 mensis
1460 1243 1733 1310 ianuarii
1764 1243 2118 1329 comparuit
2161 1263 2374 1310 coram
2419 1239 2548 1310 me¹
2585 1243 2834 1310 notario
2877 1242 3130 1330 publico
3171 1240 3578 1326 infrascripto

713 1349 1091 1418 Constancie
1140 1349 1461 1436 provincie
1507 1349 2008 1434 Maguntinensis
2050 1351 2120 1417 in
2164 1349 2350 1416 domo
2397 1349 2580 1416 solite
2623 1349 3038 1416 habitacionis
3081 1368 3222 1416 mee
3278 1345 3582 1435 providus

712 1458 813 1524 vir
856 1457 1096 1543 Caspar
1138 1453 1376 1539 Lingg,
1434 1455 1606 1523 curie
1658 1475 1990 1523 causarum
2041 1455 2548 1524 Oonstanciensis
2600 1456 2845 1524 iuratus
2899 1475 3146 1523 necnon
3199 1451 3582 1522 venerabilis

716 1583 791 1632 ac
834 1564 1077 1631 strenui
1121 1562 1243 1630 viri
1287 1562 1524 1628 domini
1564 1561 1915 1630 Burckardi
1960 1561 2038 1630 de
2070 1561 2552 1648 Schellemberg‚
2599 1562 3126 1630 commendatoris
3169 1558 3580 1648 provincialis

714 1690 830 1757 per
876 1669 1171 1738 Sueviam
1218 1673 1283 1735 et
1310 1667 1627 1735 Ylsaciam
1670 1669 1938 1736 fratrum
1983 1668 2314 1755 hospitalis
2359 1669 2542 1738 beate
2570 1669 2770 1736 Mario
2808 1669 3336 1736 Theutonicorum
3364 1666 3582 1734 111616-

715 1775 1060 1844 solimitani
1102 1774 1421 1859 legitimus
1466 1781 1854 1861 procurator,
1901 1781 1966 1842 et
1997 1777 2252 1843 nomine
2283 1777 2715 1862 procuratorio
2754 1775 3032 1844 eiusdem
3061 1774 3304 1842 strenui
3335 1773 3580 1840 domini

714 1881 1065 1949 Bur-ekardi
1092 1881 1172 1949 de
1203 1880 1668 1965 Schellemberg
1694 1882 1863 1949 idem
1894 1881 2137 1968 Gaspar
2161 1879 2368 1966 Lingg
2397 1883 2540 1966 duo,
2565 1919 2650 1928 —
2676 1901 2870 1949 unum
2897 1881 3194 1948 videlicet
3219 1880 3578 1947 litterarum

714 1988 1221 2076 apostolicarum,
1256 1989 1811 2073 munimentorum,
1842 1988 2336 2073 concessionum,
2382 1989 2855 2074 privilegiorum
2885 1993 2950 2056 et
2977 1986 3135 2075 ipsis
3165 1985 3577 2069 indultorum,

715 2095 1011 2163 videlicet
1060 2093 1362 2180 hospitali
1406 2115 1518 2162 seu
1574 2095 1781 2162 ordini
1825 2113 1901 2161 ac
1951 2095 2252 2162 fratribus
2296 2115 2411 2182 per
2455 2096 2738 2162 diversos
2797 2115 3074 2162 summos
3130 2091 3459 2181 pontifices
3503 2111 3580 2160 ae

716 2201 955 2268 dictum
1000 2201 1469 2268 sanctissimum
1512 2201 1838 2268 dominum
1881 2207 2187 2285 nostrum,
2235 2201 2556 2268 dominum
2588 2201 2940 2285 Eugenium
2981 2219 3212 2288 papam
3259 2205 3578 2286 quartum,

719 2314 784 2376 et
826 2313 1295 2377 sacrosanctum
1341 2307 1633 2391 generale
1668 2307 2001 2375 concilium
2030 2309 2340 2374 factarum
2387 2312 2451 2374 et
2491 2327 2950 2392 concessarum,
2993 2307 3306 2374 factorum
3337 2312 3402 2373 et
3429 2325 3579 2374 eou-

718 2433 1057 2499 cessorum‚
1106 2413 1260 2481 alias
1305 2433 1421 2499 per
1449 2412 2041 2480 reverendissimum
2085 2415 2154 2480 in
2184 2413 2432 2480 Christo
2477 2419 2724 2500 patrem
2769 2418 2834 2480 et
2861 2414 3206 2498 dominum,
3253 2413 3580 2480 dominum

719 2521 1030 2588 Iulianum
1085 2519 1499 2586 miseracione
1552 2518 1766 2587 divina
1818 2521 2023 2587 sancti
2064 2520 2295 2605 Angeli
2339 2525 2555 2588 sancte
2596 2519 2877 2588 Romane
2931 2519 3190 2587 ecclesie
3241 2520 3578 2586 diaconum

720 2627 1101 2695 cardinalem
1116 2675 1135 2711 ‚
1188 2627 1256 2693 in
1300 2624 1643 2694 Germania
1686 2626 2027 2712 apostolice
2071 2628 2238 2694 sedis
2293 2628 2569 2712 legatum
2583 2677 2602 2711 ,
2662 2628 2882 2715 previa
2933 2627 3240 2694 citacione
3294 2627 3584 2711 legitima

719 2740 1293 2821 transsumptamm
1340 2739 1405 2800 et
1446 2734 2002 2820 transscriptarum
2053 2737 2753 2820 transsumptorumque
2798 2737 2862 2800 et
2911 2733 3468 2821 transscriptorum
3511 2735 3580 2799 in

718 2841 988 2909 formam
1039 2839 1445 2907 instrumenti
1500 2838 1817 2925 publicam
1873 2859 1991 2926 per
2041 2841 2322 2907 notarios
2376 2839 2660 2927 publicos
2715 2841 2782 2906 in
2837 2839 3072 2907 eisdem
3125 2839 3413 2924 registris
3469 2859 3582 2906 seu

718 2947 1142 3014 voluminibus
1186 2946 1541 3013 nominatos
1572 2945 1651 3011 de
1682 2945 1939 3033 speciali
1971 2948 2102 3013 eius
2133 2947 2433 3013 mandato
2465 2946 2788 3014 redactum
2835 2963 2910 3013 ac
2951 2945 3160 3030 sigillo
3205 2947 3361 3014 dicti
3402 2966 3582 3014 reve-

718 3053 1081 3122 rendissimi
1124 3052 1326 3139 patris
1371 3051 1611 3118 domini
1654 3052 1882 3118 Iuliani
1925 3052 2263 3120 cardinalis
2309 3059 2374 3121 et
2415 3053 2608 3138 legati
2657 3051 2922 3137 [necnon
2964 3053 3230 3120 illustris
3275 3053 3579 3141 principis

722 3163 787 3227 et
830 3159 1090 3244 domini,
1136 3158 1376 3226 domini
1402 3155 1725 3225 Ludowioi
1768 3159 2018 3225 comitis
2063 3159 2329 3248 palatini
2357 3160 2536 3244 Beni,
2583 3161 2748 3226 sacri
2777 3158 3044 3226 Romani
3079 3161 3334 3246 imperii
3379 3161 3580 3228 archi-

722 3265 991 3354 dapiferi
1052 3271 1116 3334 et
1166 3264 1434 3333 Bavarie
1493 3264 1670 3331 ducis
1684 3263 1729 3350 ,]
1744 3261 1769 3296 ³
1824 3265 2088 3350 singulis
2145 3267 2424 3334 eiusdem
2481 3266 2733 3350 registri
2787 3285 2900 3333 seu
2951 3267 3288 3335 voluminis
3301 3318 3323 3352 ,
3394 3273 3582 3354 prout

720 3393 917 3462 supra
956 3373 1027 3439 in
1068 3373 1227 3458 ipsis
1271 3370 1692 3438 voluminibus
1737 3371 2086 3440 dinoscitur
2143 3373 2520 3460 specificati,
2577 3371 2748 3439 foliis
2804 3371 3156 3454 transfixis3
3215 3372 3390 3440 aliud
3431 3393 3580 3440 vero

720 3479 1098 3564 litterarum,
1141 3478 1697 3563 munimentorum,
1742 3477 2236 3565 privilegiorum,
2281 3480 2772 3563 concessionum,
2820 3478 3236 3546 donacionum
3281 3485 3349 3548 et
3373 3479 3582 3548 indul-

720 3591 932 3653 torum
976 3584 1278 3672 predictis
1320 3583 1622 3671 hospitali
1664 3603 1778 3652 seu
1822 3584 2030 3652 ordini
2075 3591 2139 3652 et
2181 3585 2482 3654 fratribus
2527 3605 2644 3672 per
2688 3585 2866 3652 divos
2909 3585 3337 3654 Romanorum
3381 3587 3584 3673 impe-

721 3697 967 3759 ratores
1011 3696 1077 3759 et
1116 3711 1297 3776 reges
1340 3691 1652 3758 factarum
1696 3710 2254 3777 concessarumque
2311 3697 2376 3759 61
2415 3693 2724 3760 factorum
2737 3741 2756 3776 ,
2813 3691 2972 3759 alias
3029 3713 3146 3779 per
3198 3691 3585 3781 prelibatum

718 3797 1029 3866 illustrem
1074 3797 1429 3885 principem
1458 3802 1523 3864 et
1549 3795 1894 3884 dominum,
1938 3798 2262 3866 dominum
2291 3797 2678 3866 Ludovicum
2710 3795 2812 3866 dei
2841 3799 3056 3884 gracia
3083 3799 3378 3867 comitem
3407 3799 3587 3886 pala-

722 3906 929 3973 tinum
956 3903 1137 3989 Beni,
1180 3905 1345 3970 sacri
1373 3903 1643 3971 Romani
1682 3905 1936 3992 imperii
1980 3904 2333 3992 dapiferum
2377 3912 2443 3972 et
2469 3905 2736 3972 Bavarie
2765 3905 3008 3990 ducem,
3055 3923 3137 3973 ex
3171 3905 3434 3992 speciali
3461 3905 3588 3972 sibi

722 4031 841 4100 per
889 4010 1109 4078 inclite
1163 4011 1464 4078 memorie
1524 4010 1995 4095 Sigismundum
2045 4011 2470 4079 Romanorum
2523 4031 2734 4096 regem
2791 4031 2983 4098 super
3035 4011 3155 4080 hoc
3206 4011 3590 4080 litteratorie

721 4119 892 4185 facta
934 4117 1373 4184 commissione
1414 4121 1989 4205 transsumptarum
2033 4122 2098 4185 et
2153 4119 2709 4205 transscriptarum
2763 4123 3466 4206 transsumptorumque
3521 4123 3590 4184 et

724 4224 1311 4311 transscriptorum‚
1368 4222 1575 4308 sigillo
1630 4225 1911 4292 eiusdem
1963 4225 2206 4292 domini
2247 4223 2550 4292 Ludovici
2597 4230 2784 4311 atque
2827 4224 3004 4292 ducis
3049 4229 3116 4292 et
3167 4223 3590 4292 commissarii

722 4335 799 4398 ut
840 4330 1155 4416 prefertur
1198 4349 1394 4416 supra
1436 4329 1779 4415 sigillatum
1833 4336 1897 4398 et
1938 4332 2141 4398 eciam
2183 4337 2258 4398 ut
2309 4330 2696 4418 premittitur
2740 4331 3006 4414 singulis
3047 4330 3216 4398 foliis
3257 4328 3590 4398 transfixis

724 4434 903 4504 ‘sive
930 4433 1387 4522 transfixo‘,—
1404 4436 1727 4504 volumina
1755 4437 1889 4504 sive
1916 4438 2189 4522 registra
2215 4437 2284 4504 in
2311 4457 2692 4524 pergameno
2718 4437 3076 4524 conscripta
3103 4457 3260 4504 sana
3285 4441 3354 4504 et
3381 4435 3588 4521 illesa,

724 4563 853 4610 non
895 4563 1044 4611 rasa
1086 4563 1291 4628 neque
1336 4542 1590 4628 abolita,
1635 4542 1745 4610 sed
1776 4545 1947 4610 omni
1981 4563 2240 4631 prorsus
2271 4544 2628 4629 suspicione
2671 4548 2742 4610 ut
2783 4543 2993 4630 prima
3033 4543 3196 4610 facie
3240 4541 3592 4630 apparebat

726 4651 1010 4718 carentia
1050 4652 1119 4717 in
1160 4650 1288 4716 mei
1332 4649 1563 4716 notarii
1619 4649 1855 4736 publici
1908 4650 2299 4737 infrascripti
2350 4650 2679 4737 presencia
2727 4649 3012 4717 exhibuit
3067 4655 3132 4716 et
3181 4650 3250 4716 in
3306 4649 3586 4716 medium

725 4757 1047 4843 produxit,
1092 4755 1415 4822 affirmans
1460 4761 1525 4822 et
1566 4775 1945 4844 proponens,
1992 4757 2161 4842 quod
2203 4757 2407 4824 dictus
2453 4777 2605 4823 suus
2651 4756 2942 4823 dominus
2971 4775 3086 4841 pro
3123 4755 3484 4823 defensione
3523 4760 3590 4821 et

727 4863 1001 4929 tuicione
1044 4862 1370 4947 bonorum,
1416 4862 1649 4929 iurium
1692 4869 1757 4930 et
1800 4863 2216 4930 emunitatum
2247 4862 2484 4930 ordinis
2515 4868 2582 4929 61
2607 4863 2878 4929 fratrum
2915 4861 3342 4948 predictorum
3369 4861 3586 4928 huius·

726 4969 901 5035 modi
941 4969 1225 5053 registris
1270 4974 1335 5036 et
1378 4969 1797 5037 voluminibus
1845 4969 2052 5055 quoad
2095 4969 2373 5053 litteras,
2419 4969 2880 5054 concessiones,
2924 4968 3332 5054 donaciones,
3377 4968 3586 5034 muni-
