3892 5609
718 323 865 392 100
944 382 956 400 ,
1496 335 1724 383 ruam
1770 333 2053 402 saxon.
2122 333 2452 381 annuum
2524 333 2790 382 errans

709 493 950 568 mitano
997 498 1062 561 et
1102 493 1171 559 in
1216 499 1388 560 terra
1426 491 1821 580 Tripolitana
1862 499 1927 560 et
1972 493 2368 562 Antiochena
2411 499 2476 560 et
2517 494 2585 559 in
2628 513 2822 577 regno
2868 490 3168 559 Armenio
3213 491 3400 582 debet
3443 513 3568 558 una

713 599 933 666 domus
980 600 1262 685 alteram,
1310 621 1451 667 cum
1496 601 1801 687 requisita
1842 602 2036 668 fuerit
2081 601 2456 688 specialiter,
2505 600 2801 668 adiuvare
2833 600 3000 667 hona
3025 599 3169 683 fide,
3217 600 3396 666 salva
3439 600 3570 665 evi-

712 707 885 774 denti
940 695 1323 774 necessitate
1366 709 1543 792 regni
1588 707 2069 776 ierosolimitani
2125 715 2189 776 et
2239 708 2694 776 munitionibus
2741 713 3104 774 castrorum
3137 707 3392 790 domuS,
3450 727 3572 792 que

707 815 921 882 taliter
963 816 1153 882 fuerit
1196 816 1517 900 requisita.
1588 816 1887 883 Attamen
1932 817 1988 882 si
2031 817 2262 882 fratres
2293 817 2514 883 domus
2546 816 3070 882 Theotonicorum
3114 817 3282 881 irent
3325 815 3396 882 in
3441 835 3574 880 ser·

710 921 942 988 vicium
986 923 1251 988 aliarum
1298 923 1625 991 domorum
1672 909 1785 990 seu
1829 923 2087 990 alterius
2134 945 2350 990 earum
2399 925 2466 990 in
2511 929 2746 990 terram
2791 922 3243 1009 Tripolitanam
3293 922 3396 989 vel
3437 923 3575 988 An-

708 1029 1095 1116 tiochenam,
1152 1030 1221 1096 in
1280 1051 1361 1112 eq
1410 1050 1559 1098 casu
1613 1031 2044 1118 providebitur
2089 1031 2182 1098 eis
2229 1031 2306 1098 de
2353 1031 2640 1098 omnibus
2688 1031 2980 1117 expensis
3025 1029 3395 1096 victualium
3441 1034 3574 1094 tam

708 1158 825 1224 pro
871 1137 1191 1221 fratribus,
1242 1158 1429 1223 quam
1478 1122 1670 1204 etiam
1713 1139 2090 1224 equitaturis
2135 1139 2212 1206 ab
2257 1139 2404 1222 illis,
2463 1141 2532 1205 in
2579 1158 2842 1223 quorum
2889 1137 3226 1204 servicium
3269 1157 3376 1203 eos
3425 1155 3576 1204 con-

708 1244 925 1328 tigerit
970 1264 1346 1311 accessuros
1422 1243 1489 1311 Si
1525 1251 1733 1312 autem
1778 1266 1892 1331 per
1924 1266 2185 1330 regnum
2216 1245 2782 1313 ierosolimitanam
2827 1246 2986 1312 citra
3023 1243 3255 1311 flumen
3285 1243 3574 1310 Iordanis

714 1351 793 1417 ad
840 1373 1055 1418 earum
1102 1351 1359 1418 alterius
1404 1354 1877 1438 requisitionem
1922 1354 2016 1420 ire
2045 1353 2382 1437 contigerit
2421 1353 2648 1420 fratres
2693 1353 2858 1419 dicte
2904 1353 3125 1419 domus
3157 1351 3578 1418 Theutonico-

712 1479 885 1544 rum,
942 1458 1063 1525 sibi
1108 1478 1223 1544 per
1269 1479 1546 1526 mensem
1594 1462 1885 1547 expensis
1943 1461 2219 1548 propriis
2273 1459 2707 1547 providebunt.
2791 1458 3006 1526 Mense
3049 1478 3198 1526 vero
3251 1463 3575 1525 transacto

714 1565 957 1650 domne,
1006 1585 1043 1632 a
1088 1585 1213 1650 qua
1255 1565 1490 1632 fuerint
1532 1569 1837 1653 requisiti,
1885 1569 2121 1636 eisdem
2165 1569 2234 1634 in
2277 1568 2648 1636 necessariis
2694 1567 3059 1634 victualium
3103 1570 3236 1632 tam
3282 1586 3400 1652 pro
3445 1566 3576 1631 fra-

711 1672 915 1740 tribus
963 1693 1151 1759 quam
1198 1674 1567 1758 equitaturis
1611 1675 1927 1742 tenebitur
1973 1674 2302 1762 providere
2347 1682 2413 1743 et
2455 1695 2560 1742 eos
2606 1696 2721 1762 per
2748 1681 2877 1741 tres
2909 1694 3155 1740 menses
3187 1673 3576 1758 subsequen-

712 1786 809 1848 tes
838 1785 1054 1848 tenere
1082 1779 1185 1846 vel
1215 1781 1485 1867 amplius
1520 1783 1601 1848 ad
1632 1803 1846 1848 eorum
1872 1782 2390 1850 Theotonicorum
2437 1782 2832 1869 beneplacita
2861 1781 3221 1848 voluntatis.
3289 1779 3577 1865 Utraque

716 1877 928 1955 autem
957 1889 1177 1955 domus
1202 1888 1446 1973 Templi
1476 1894 1541 1955 et
1567 1889 1897 1977 hospitalis
1928 1890 2132 1957 sancti
2161 1889 2454 1957 Iohannis
2500 1910 2644 1957 cum
2689 1890 2982 1977 expensis
3026 1889 3302 1976 propriis
3337 1888 3578 1954 dictam

715 1994 969 2062 domum
1002 1995 1524 2063 Theotonicorum
1568 1996 1797 2082 ubique
1842 1997 2002 2064 citra
2041 2017 2215 2064 mare
2243 1997 2570 2064 defensare
2611 1996 2928 2063 tenebitur
2973 2017 3046 2062 ac
3089 1998 3308 2062 iuvare
3353 2001 3578 2062 contra

714 2103 1001 2171 inimicos
1046 2103 1193 2170 fidei
1239 2103 1557 2170 ortodoxe.
1638 2103 1707 2170 Si
1752 2124 1901 2171 vero
1946 2105 2300 2190 contingat,
2357 2105 2524 2190 quod
2575 2104 2727 2171 deus
2782 2108 3056 2189 avertat,
3117 2101 3284 2188 quod
3343 2102 3574 2188 aliquis

712 2211 913 2278 frater
958 2211 1214 2278 alterius
1260 2211 1587 2278 domorum
1631 2211 1919 2279 iniecerit
1963 2231 2186 2279 manus
2221 2212 2530 2279 violentas
2576 2213 2642 2278 in
2688 2212 2963 2298 aliquem
3005 2211 3266 2276 fratrem
3313 2209 3576 2276 alterius

716 2317 957 2402 domus,
1012 2319 1093 2384 ad
1136 2319 1512 2406 peticionem
1558 2321 1966 2406 preceptoris,
2019 2320 2196 2387 cuius
2239 2320 2436 2398 frater
2479 2340 2702 2407 passus
2747 2319 3042 2386 iniuriam
3087 2318 3298 2402 fuerit,
3355 2339 3578 2405 proce-

716 2425 903 2492 datur
948 2427 1027 2491 ad
1074 2426 1401 2493 emendam
1456 2427 1635 2522 iuxta
1677 2432 1915 2495 statuta
1959 2427 2280 2511 religionis
2327 2428 2548 2494 domus
2603 2427 2807 2511 illius,
2865 2427 3040 2493 cuius
3096 2427 3292 2493 frater
3347 2446 3576 2492 manus

715 2531 1022 2600 violentas
1082 2533 1396 2618 iniecerit,
1454 2539 1517 2600 et
1574 2534 2014 2601 nichilominus
2069 2535 2294 2619 frater,
2351 2536 2460 2620 qui
2513 2535 2810 2600 iniuriam
2854 2534 3100 2618 fecerit,
3155 2535 3450 2600 mittatur
3493 2533 3580 2598 ad

717 2644 930 2726 partes
978 2639 1156 2724 alias,
1214 2642 1323 2707 ubi
1367 2640 1588 2708 domus
1633 2641 1923 2726 habeant,
1983 2641 2062 2707 ad
2109 2641 2494 2708 voluntatem
2537 2642 2923 2729 preceptoris
2965 2641 3182 2708 fratris
3227 2639 3419 2724 illius,
3467 2640 3580 2726 qui

716 2745 910 2812 fuerit
952 2767 1175 2833 passus
1206 2747 1553 2814 iniuriam·
1594 2747 1939 2816 Statuimus
1973 2750 2162 2816 etiam
2195 2755 2260 2816 et
2286 2748 2551 2816 firmiter
2581 2750 2963 2831 ordinamuS,
3011 2748 3198 2834 quod,
3245 2747 3299 2813 si
3347 2747 3578 2832 aliquis

713 2853 1143 2940 predictarum
1188 2854 1515 2921 domorum
1569 2861 1901 2944 preceptor
1942 2856 2212 2922 voluerit
2267 2847 2472 2924 emere
2528 2858 2596 2923 in
2647 2862 2820 2925 terra
2863 2857 3204 2922 cismarina
3256 2859 3321 2922 et
3365 2853 3576 2942 Cypro

721 2961 995 3045 aliquam
1042 2982 1179 3028 rem
1220 2962 1627 3054 immobilem,
1674 2965 1850 3030 cuius
1894 2965 2176 3050 precium
2221 2985 2346 3031 non
2391 2965 2655 3032 excedat
2699 2964 3116 3050 quantitatem
3161 2961 3333 3029 mille
3363 2962 3578 3028 bisan-

720 3067 953 3134 tiorum
999 3075 1539 3137 sarracenatorum
1552 3119 1571 3154 ,
1633 3077 1967 3158 preceptor
2009 3070 2146 3155 ille,
2207 3071 2315 3157 qui
2371 3071 2562 3138 talem
2606 3071 2814 3138 facere
2859 3070 3128 3137 voluerit
3169 3069 3578 3156 emptionem,

718 3173 1000 3243 notificet
1042 3176 1470 3263 superioribus
1516 3178 1783 3244 aliarum
1800 3175 1815 3206 ¹
1862 3178 2188 3244 domorum
2235 3179 2638 3246 existentium
2689 3180 2757 3245 in
2801 3179 3053 3245 civitate
3099 3176 3199 3243 vel
3242 3177 3412 3260 loco,
3470 3175 3580 3242 ubi

718 3283 911 3350 fuerit
940 3283 1051 3350 illa
1079 3305 1202 3369 ree,
1249 3290 1312 3351 et
1340 3293 1485 3372 post
1512 3285 1703 3353 talem
1732 3285 2270 3353 denuntiationem
2303 3291 2700 3373 preceptores
2731 3282 2897 3352 sive²
2929 3285 3303 3372 superiores,
3351 3283 3578 3368 quibus

719 3389 839 3456 hoc
880 3390 1071 3457 fuerit
1118 3391 1575 3477 denuntiatum,
1620 3413 1748 3459 non
1790 3393 2214 3459 intromittent
2243 3413 2310 3460 se
2341 3393 2418 3459 de
2446 3393 2559 3460 illa
2577 3414 2656 3472 ,re
2686 3392 2950 3460 emenda
2991 3413 3110 3459 nec
3152 3397 3392 3478 prestet
3435 3411 3578 3478 pre-

731 3499 972 3584 ceptori
1005 3498 1399 3566 denuntianti
1444 3499 1696 3585 aliquod
1724 3506 2187 3566 nocumentum.
2245 3499 2690 3568 Verumtamen
2737 3501 2792 3566 si
2837 3499 3063 3584 aliquis
3107 3504 3442 3586 preceptor
3469 3497 3580 3563 do·

731 3625 978 3671 morum
1023 3606 1291 3674 voluerit
1344 3627 1551 3674 emere
1602 3608 1671 3673 in
1714 3613 1886 3675 terra
1928 3609 2266 3674 cismarina
2308 3616 2374 3675 et
2417 3608 2612 3696 Cypri
2665 3629 2801 3675 rem
2853 3607 3126 3692 aliquam
3170 3606 3578 3690 immobilem,

732 3712 907 3779 cuius
952 3715 1233 3799 precium
1281 3715 1542 3782 excedat
1583 3715 1998 3801 quantitatem
2044 3715 2218 3782 mille
2263 3714 2674 3782 bisantiorum
2710 3722 3271 3800 sarracenatorum,
3315 3713 3432 3780 fiat
3473 3713 3582 3780 de-

730 3821 1042 3887 nuntiatio
1088 3822 1449 3908 supradicta
1504 3829 1568 3889 et
1620 3823 1765 3890 talis
1822 3823 2056 3909 emptio
2103 3823 2188 3889 sit
2231 3825 2578 3890 communis
2623 3824 2788 3890 inter
2831 3823 3003 3911 ipsas
3049 3823 3302 3907 domuS,
3361 3823 3418 3887 si
3464 3821 3581 3888 hoc

729 3927 1001 3996 voluerit
1044 3929 1297 4014 domus,
1352 3951 1471 4015 que
1516 3949 1705 4016 super
1749 3929 1866 3996 hoc
1915 3930 2107 3996 fuerit
2149 3929 2364 3996 taliter
2407 3931 2738 4016 requisita,
2797 3933 3076 4018 exceptis
3119 3929 3474 3996 feudalibus
3520 3934 3582 3996 et

730 4036 999 4104 censivis
1046 4042 1110 4104 et
1140 4037 1414 4103 dominio
1460 4057 1570 4104 sue
1602 4037 1843 4121 domus,
1887 4037 1957 4102 in
2002 4037 2224 4123 quibus
2272 4037 2392 4104 alie
2437 4038 2658 4106 domus
2702 4038 2860 4105 nihil
2904 4038 3132 4105 habere
3175 4037 3424 4124 possint
3467 4055 3586 4103 nec

730 4144 1065 4228 requirere.
1139 4143 1208 4212 Si
1238 4164 1385 4212 vero
1415 4145 1585 4211 dicta
1612 4144 1847 4231 emptio
1885 4164 2098 4210 rerum
2142 4144 2558 4212 immobilium
2601 4145 2963 4212 immediate
3005 4144 3368 4229 iungeretur
3399 4142 3587 4210 alteri

731 4250 1077 4336 domorum,
1123 4253 1191 4318 in
1236 4272 1361 4338 qua
1402 4251 1631 4319 fratres
1676 4257 2092 4336 morarentur,
2135 4251 2232 4318 illi
2277 4252 2511 4337 domui,
2557 4253 2658 4320 cui
2700 4253 2892 4320 fuerit
2928 4253 3192 4319 vicinior
3235 4251 3408 4317 dicta
3453 4271 3588 4316 em-

728 4358 885 4445 ptio,
928 4379 1045 4444 pro
1075 4359 1213 4445 ipso
1260 4359 1471 4446 precio
1502 4359 1726 4426 debeat
1760 4379 2105 4427 remanere.
2175 4359 2310 4428 Hoc
2340 4366 2550 4428 autem
2581 4361 2934 4448 expressim
2963 4360 3346 4442 ordinamus,
3393 4357 3586 4443 quod,

730 4464 786 4532 si
828 4470 1160 4553 preceptor
1204 4465 1461 4534 alterius
1505 4468 1790 4554 ipsarum
1835 4466 2162 4535 domorum
2196 4468 2465 4537 voluerit
2509 4488 2716 4536 emere
2761 4467 2974 4553 aliqua
3015 4467 3274 4534 mobilia
3315 4467 3386 4534 in
3429 4466 3588 4533 civi-

728 4577 859 4640 tate
890 4573 1241 4640 Acconensi
1286 4595 1394 4640 sue
1425 4561 1637 4641 domui
1680 4575 2056 4659 necessaria,
2102 4581 2498 4663 preceptores
2543 4575 2808 4642 aliarum
2856 4575 3204 4658 domorum,
3247 4579 3584 4661 postquam

730 4680 819 4748 eis
865 4681 1058 4748 fuerit
1100 4681 1485 4765 nunciatum,
1532 4703 1659 4756 non
1700 4703 1767 4750 se
1804 4683 2233 4751 intromittant
2276 4703 2392 4752 nec
2420 4684 2596 4752 illam
2627 4684 3008 4771 emptionem
3053 4681 3432 4769 impediant3
3480 4701 3588 4748 ve-

728 4793 1086 4856 rumtamen
1122 4788 1440 4874 emptione
1470 4789 1783 4876 completa
1824 4797 2178 4878 preceptor,
2226 4791 2333 4876 qui
2379 4791 2621 4876 emerit,
2668 4790 3136 4878 preceptoribus
3173 4789 3440 4856 aliarum
3475 4789 3586 4855 do-

726 4915 976 4962 morum
1022 4895 1099 4962 de
1152 4895 1266 4962 illa
1309 4916 1378 4962 re
1422 4901 1665 4983 empta,
1720 4904 1976 4983 quotam
2033 4903 2282 4986 partem
2323 4899 2556 4966 habere
2601 4897 2898 4984 voluerit,
2956 4917 3154 4984 usque
3198 4896 3280 4964 ad
3321 4896 3586 4964 terciam

728 5021 844 5090 pro
877 5003 1154 5089 quolibet
1197 5009 1563 5094 preceptore
1591 5005 1853 5074 reddere
1882 5011 2192 5092 teneatur,
2239 5006 2440 5074 soluto
2487 5006 2608 5073 sibi
2651 5007 2862 5092 precio
2907 5025 3025 5093 pro
3063 5009 3222 5089 rata,
3269 5025 3391 5092 quo
3437 5023 3586 5072 con-
