3892 5609
1243 330 1505 381 ,ranna
1553 328 1835 377 sanem.
1908 330 2237 375 1111111011.
2306 328 2571 377 errans
2844 380 2853 393 ,
3266 320 3357 391 13

498 485 617 558 13.
664 489 835 555 1181
881 488 1098 553 novbr.
1126 488 1212 553 13
1257 484 1516 554 Accon.²
1595 490 1961 554 Balduinus
1983 489 2097 554 IV
2126 476 2741 576 Hierosolymitanue
2796 512 2911 555 rea
2967 491 3211 579 confert
3252 491 3360 557 Io-

665 596 896 663 scelino
942 595 1288 661 senescalco
1335 600 1627 661 assisiam
1673 597 1846 662 mille
1889 597 2304 663 bisantiorum
2350 619 2381 662 e
2406 598 2631 681 funda
2676 597 3032 665 Acconensi
3070 608 3203 665 tam
3247 600 3361 664 dia

661 704 1157 791 percipiendam,
1206 705 1402 769 donec
1443 704 1790 791 Philippus
1839 702 2063 789 Rufue'
2100 728 2237 771 eam
2280 707 2625 771 redemerit.
3020 698 3031 709 “

707 845 944 912 Notum
991 844 1079 911 sit
1122 844 1411 911 omnibus
1458 850 1590 911 tam
1634 846 1864 912 futuris
1911 867 2102 932 quam
2150 847 2580 932 presentibuS,
2636 845 2802 930 quod
2850 866 2963 928 ego
3010 846 3359 915 Balduinus

489 973 603 1038 per
649 951 751 1018 dei
794 954 1068 1036 gratiam
1111 954 1180 1017 in
1231 958 1449 1019 sancta
1493 953 1750 1019 civitate
1780 952 2123 1020 Ierusalem
2153 952 2523 1019 Latinorum
2555 974 2668 1019 rex
2714 958 2931 1020 sextus
2978 954 3251 1021 concedo
3298 959 3362 1021 et

487 1058 786 1125 confirmo
818 1058 936 1125 tibi
966 1058 1288 1143 loscelin0,
1337 1060 1644 1127 avunculo
1692 1066 1756 1126 et
1787 1059 2142 1127 senescalco
2174 1082 2336 1144 mee,
2384 1061 2678 1127 assisiam
2706 1061 2881 1127 mille
2913 1062 3358 1145 bisanciorum,

488 1185 676 1255 quam
720 1164 1054 1252 Philippus
1107 1165 1337 1251 Rufus,
1394 1169 1895 1251 consanguineus
1943 1188 2152 1252 meus,
2209 1168 2290 1233 ad
2345 1168 2601 1233 fondam
2647 1169 2863 1234 Accon
2921 1169 3245 1235 annuatim
3292 1169 3361 1234 in

488 1274 620 1339 vita
663 1294 780 1339 sua
823 1273 1123 1360 possidet,
1178 1278 1312 1339 tam
1357 1273 1466 1339 diu
1509 1274 1848 1340 tenendam
1894 1280 1959 1341 et
2000 1274 2374 1359 habendam,
2432 1275 2630 1342 donec
2673 1274 2810 1361 ipse
2856 1274 3189 1361 Philippus
3236 1276 3358 1342 duo

487 1379 665 1446 milia
709 1378 1165 1464 bisanciorum,
1223 1400 1380 1466 quos
1427 1382 1487 1447 ei
1533 1402 1723 1468 super
1768 1381 2034 1448 eandem
2082 1382 2373 1448 assisiam
2421 1382 2863 1465 commodasti,
2918 1382 3033 1448 tibi
3077 1381 3360 1469 plenarie

485 1486 824 1572 persolvat.
893 1486 1075 1554 Hanc
1105 1488 1300 1571 igitur
1337 1487 1628 1553 assisiam
1660 1488 1774 1554 tali
1807 1488 2167 1555 conditione
2198 1488 2315 1554 tibi
2346 1490 2646 1573 concessi,
2695 1489 2991 1573 quatinus
3023 1489 3359 1557 servicium

485 1592 754 1659 duorum
799 1594 1074 1660 militum
1119 1594 1275 1660 mihi
1321 1616 1436 1681 pro
1485 1616 1559 1662 ea
1601 1596 1800 1662 facias
1847 1602 1912 1663 et
1956 1596 2278 1681 predictus
2322 1594 2655 1681 Philippus
2714 1616 2831 1682 pro
2878 1616 2953 1661 ea
2997 1616 3037 1661 a
3084 1602 3148 1662 te
3190 1596 3359 1663 redi·-

483 1700 714 1767 menda
745 1702 1006 1769 eandem
1039 1700 1228 1768 alicui
1271 1702 1522 1787 pignori
1563 1702 1842 1787 obligare
1887 1723 2015 1769 non
2060 1703 2281 1789 possit.
2342 1702 2791 1769 Verumtamen
2824 1702 2878 1767 si
2909 1708 3145 1769 terram
3178 1725 3357 1770 suam

483 1808 810 1876 invadiare
839 1810 1109 1876 voluerit
1138 1809 1238 1877 vel
1273 1809 1396 1876 alio
1443 1809 1653 1895 aliquo
1699 1810 1885 1876 modo
1934 1810 2218 1896 predicta
2264 1809 2385 1874 duo
2432 1809 2611 1875 milia
2654 1809 3079 1876 bisanciorum
3124 1810 3359 1877 habue-

482 1915 586 2000 rit,
644 1916 814 1983 unde
857 1918 1206 2004 predictam
1252 1917 1426 1984 mille
1471 1916 1896 1984 bisanciorum
1943 1917 2233 1983 assisiam
2280 1936 2321 1982 a
2364 1922 2427 1983 te
2472 1916 2781 1983 redimere
2827 1919 3047 2002 possit,
3101 1922 3173 1983 tu
3215 1938 3358 1984 eam

484 2022 690 2089 eidem
732 2024 996 2090 reddere
1039 2024 1304 2090 liberam
1353 2029 1415 2090 01
1453 2026 1730 2110 quietam
1762 2024 1840 2090 de
1871 2025 2008 2090 iure
2044 2023 2339 2107 teneariS,
2386 2022 2501 2089 tali
2540 2022 2850 2107 siquidem
2881 2029 3119 2107 tenore,
3168 2026 3355 2110 quod,

485 2128 540 2194 si
568 2129 698 2195 iam
732 2130 936 2197 dictus
965 2130 1318 2218 Philippus,
1359 2136 1696 2215 antequam
1725 2134 2082 2219 prescripta
2111 2131 2285 2197 mille
2316 2130 2737 2197 bisanciorum
2772 2132 2999 2197 assisia
3026 2131 3357 2217 redempta

481 2234 693 2321 fuerit,
741 2237 1098 2323 decesserit,
1147 2258 1260 2321 ego
1295 2236 1395 2305 vel
1425 2239 1550 2304 mei
1579 2238 1864 2324 heredes,
1908 2240 2055 2324 quia
2084 2238 2323 2306 tociens
2356 2238 2559 2305 dictus
2590 2236 2923 2323 Philippus
2959 2238 3087 2303 iam
3121 2237 3357 2303 dictam

483 2344 770 2410 assisiam
817 2351 964 2431 post
1009 2345 1334 2412 decessum
1379 2365 1562 2413 suum
1610 2366 1738 2411 non
1785 2352 1884 2412 est
1925 2365 2352 2432 possessuru8‚
2403 2365 2441 2411 a
2477 2349 2559 2428 te,
2608 2345 2907 2429 quamdiu
2950 2346 3207 2427 vixeris,
3256 2343 3387 2411 vel.

481 2468 522 2539 a
549 2451 848 2519 mandato
895 2456 1003 2519 tuo
1048 2458 1196 2540 post
1227 2458 1406 2519 tuum
1440 2452 1785 2536 decessum,
1833 2453 1985 2537 quia
2023 2452 2312 2538 duorum=
2336 2452 2607 2518 militum
2656 2452 2991 2518 servicium
3036 2452 3191 2518 facis
3238 2472 3355 2538 pro

482 2576 577 2641 ea,
620 2577 748 2624 non
797 2564 1301 2646 extorqueamus,
1350 2559 1547 2626 donec
1575 2560 1753 2646 prius
1785 2560 1902 2625 tibi
1932 2560 2032 2625 vel
2065 2546 2362 2626 mandato
2410 2564 2518 2623 tuo
2566 2560 2688 2625 duo
2724 2559 2901 2625 milia
2930 2558 3355 2628 bisanciorum

478 2663 931 2750 persolvamus.
1012 2666 1101 2733 Ut
1153 2667 1349 2750 igitur
1393 2666 1576 2733 huius
1623 2668 2044 2733 concessionis
2092 2672 2157 2733 et
2202 2664 2694 2732 confirmationis
2740 2686 2879 2731 mee
2928 2666 3164 2751 pagina
3218 2671 3394 2731 tuta-

478 2776 850 2857 pennaneat
893 2778 959 2840 et
999 2773 1396 2857 indissoluta,
1443 2778 1802 2859 presentem
1841 2778 2082 2840 cartam
2119 2774 2383 2839 testibus
2431 2772 2804 2858 subscriptis
2852 2778 2917 2838 et
2959 2772 3166 2855 sigillo
3214 2792 3353 2838 meo

479 2878 714 2946 muniri
770 2881 1046 2967 precepi.
1127 2880 1394 2947 Factum
1453 2885 1550 2946 est
1605 2880 1722 2947 hoc
1769 2900 1932 2947 anno
1994 2879 2073 2947 ab
2119 2880 2550 2946 incarnatione
2596 2879 2838 2944 domini
2880 2888 2971 2944 m⁰
3004 2888 3061 2945 0ο
3090 2878 3275 2945 lxxx⁰
3303 2879 3353 2944 1ο

477 2984 819 3053 indictione
851 2998 977 3053 11νῆ
1049 2987 1252 3054 Ηο100
1298 2987 1392 3053 rei
1436 2992 1630 3053 testes
1677 2992 1826 3053 sunt
1865 2986 2211 3053 Rainaldus
2246 2986 2517 3073 Sydonis
2564 2985 2875 3066 dominus,
2925 2984 3079 3051 Milo
3124 2986 3202 3051 de
3234 2985 3354 3051 Co-

475 3091 838 3178 lovardino,
889 3092 1125 3180 Symon
1172 3094 1250 3159 de
1281 3092 1624 3177 Vercenni,
1673 3094 1825 3180 Tyri
1871 3093 2283 3175 castellanus3
2331 3091 2637 3159 Iohannes
2683 3091 3113 3175 LombarduS,
3158 3092 3353 3158 Fulco

480 3198 556 3265 de
600 3199 878 3285 Falesia,
936 3200 1322 3267 Laurencius
1369 3200 1448 3267 de
1491 3201 1735 3267 Franco
1787 3201 1943 3267 loco.
2026 3201 2264 3267 Datum
2309 3198 2525 3265 Accon
2584 3220 2699 3285 per
2756 3220 3013 3265 manum
3050 3197 3355 3267 willelmi

479 3305 778 3393 Tyrensis
825 3308 1279 3394 archiepiscopi
1323 3308 1614 3393 regisque
1658 3307 2020 3375 cancellarii
2062 3308 2205 3373 idus
2252 3306 2631 3373 novembris.

689 3446 732 3507 Ι,
770 3447 804 3497 8
841 3465 890 3498 11.
917 3447 967 3499 8.
1150 3449 1196 3499 1.
1239 3448 1319 3499 De
1360 3448 1459 3498 illis
1497 3448 1674 3500 diebus
1713 3448 1934 3514 diploma
1970 3447 2206 3498 Balduini
2241 3446 2403 3512 regis,
2448 3447 2499 3497 in
2548 3464 2644 3511 quo
2692 3448 2835 3498 testis
2884 3448 3035 3498 etiam
3072 3446 3352 3498 Rainaldus

477 3534 698 3601 sydonis
746 3536 976 3588 dominus
1021 3534 1298 3599 invenitur,
1345 3538 1514 3603 reperi
1557 3538 1610 3588 in
1657 3536 1858 3589 schedis
1905 3536 2133 3587 Heinrici
2178 3535 2432 3587 Guilielmi
2468 3535 2650 3593 Schulz
2694 3535 2999 3586 Dresdensis
3046 3552 3074 3585 0
3114 3536 3352 3586 cavensis

475 3641 636 3691 prope
673 3624 940 3676 Salernum
983 3624 1069 3676 siti
1102 3626 1394 3677 monasterii
1427 3626 1628 3677 archivo
1666 3624 1999 3691 descriptum:
2053 3624 2183 3676 1181
2223 3624 2327 3676 ind.
2352 3642 2417 3675 xv
2455 3624 2731 3690 (novembr.
2756 3624 2811 3691 8)
2849 3624 2883 3674 6
2920 3624 3031 3675 idus
3068 3622 3351 3675 novembris

476 3713 614 3779 apud
649 3713 864 3779 Tyrum,
909 3712 1187 3765 Balduinus
1223 3731 1312 3765 rex
1350 3714 1588 3766 cavensis
1623 3714 1916 3765 monasterii
1943 3715 2167 3765 'navibus
2214 3713 2427 3765 liberum
2463 3732 2494 3764 a
2530 3712 2731 3765 teloneo
2774 3712 3032 3764 introitum
3078 3712 3129 3763 in
3176 3722 3351 3779 portus

475 3801 621 3867 regni
657 3810 710 3853 et
745 3802 931 3853 exitum
965 3803 1224 3863 concedit3
1265 3820 1387 3870 „per
1422 3820 1623 3854 manum
1647 3802 1904 3856 wilhelmi
1941 3803 2181 3870 Tyrensis
2219 3801 2581 3868 archiepiscopi
2616 3802 2851 3868 regisque
2887 3800 3221 3853 cancellarii“.

482 4191 602 4260 14.
653 4194 829 4259 1182
865 4194 1040 4279 febr.
1073 4195 1162 4260 24
1207 4193 1408 4260 Acon.
1491 4195 1856 4261 Balduinus
1894 4193 1941 4259 I
1945 4194 2007 4259 V
2056 4194 2666 4281 Hierosolymitanus
2722 4217 2836 4259 rex
2890 4193 3196 4260 Ioecelino
3254 4217 3348 4258 ee-

651 4301 932 4367 nescalco
979 4302 1220 4385 confert
1247 4300 1580 4367 Castellum
1609 4302 1864 4367 Novum
1903 4304 1976 4365 in
2018 4306 2330 4367 montanis
2354 4302 2842 4381 Acconeneibus,
2890 4303 3127 4366 reditus
3160 4323 3348 4386 quos-

652 4411 802 4475 dam
831 4410 909 4473 de
933 4408 1172 4493 fundis
1195 4408 1553 4473 Acconensi
1583 4422 1641 4474 et
1677 4409 1738 4474 T
1730 4412 1967 4495 yrenei,
1998 4408 2275 4493 feudum
2306 4407 2612 4474 Iohannis
2642 4410 2934 4488 Baiter-ii,
2984 4409 3345 4473 Maronum.

694 4548 930 4616 Notum
979 4549 1064 4614 sit
1109 4547 1398 4615 omnibus
1445 4554 1578 4616 tam
1619 4550 1852 4616 futuris
1899 4570 2090 4635 qnam
2139 4550 2565 4637 presentibus,
2629 4549 2793 4635 quod
2842 4568 2955 4632 ego
2999 4546 3347 4613 Balduinus

472 4676 590 4743 per
635 4654 738 4723 dei
794 4656 1072 4740 graciam
1133 4656 1200 4723 in
1259 4660 1482 4723 sancta
1523 4656 1778 4723 civitate
1826 4656 2164 4724 Ierusalem
2211 4656 2583 4724 Latinorum
2628 4676 2743 4723 rex
2790 4661 3005 4722 sextus
3064 4654 3229 4720 dono
3287 4658 3351 4720 01

475 4762 744 4831 concedo
802 4764 1095 4849 regieque
1149 4763 1500 4831 maiestatis
1559 4765 1934 4831 auctoritate
1988 4761 2289 4831 confirmo
2333 4764 2449 4831 tibi
2497 4763 2716 4830 comiti
2758 4762 3095 4846 loscelin0,
3152 4782 3348 4827 avun-

473 4871 614 4939 culo
661 4877 724 4938 et
769 4870 1124 4939 senescalco
1170 4891 1310 4938 meo
1355 4872 1512 4938 mihi
1547 4871 1978 4956 dilectissimo,
2024 4870 2353 4937 castellum
2396 4890 2651 4955 novum,
2706 4869 2873 4956 quod
2917 4870 2985 4936 in
3028 4869 3348 4935 montanis

471 4978 950 5049 Achonensibus
997 4980 1188 5047 situm
1235 4984 1350 5065 est,
1399 5000 1543 5047 cum
1574 4978 1775 5047 vineis
1821 4984 1885 5046 et
1919 4978 2167 5047 olivetis
2204 4983 2269 5045 01
2299 4977 2586 5061 iardinis,
2634 4986 2778 5043 cum
2825 4977 3114 5043 omnibus
3160 4976 3347 5043 terris
