3892 5609
687 1602 1094 1703 TERRA
1169 1602 1657 1701 SANCTA.
1767 1602 2328 1701 ARMENIA.
2440 1604 2921 1703 CYPRUS.

1649 1835 1964 1845 ——.—-—-——-

374 2018 439 2087 1.
501 2021 678 2085 1153
705 2020 879 2105 febr.
905 2021 994 2087 26
1035 2020 1314 2086 Ace-hon.
1385 2020 1750 2086 Balduinus
1776 2020 1901 2086 III
1920 2020 2539 2108 Hierosolymitanus
2569 2045 2682 2087 rem
2728 2024 3055 2107 confirmat
3098 2047 3247 2090 con-

501 2130 814 2193 ventiones
865 2125 1138 2195 Girardi
1181 2130 1256 2193 de
1295 2128 1584 2193 Valentia
1629 2141 1684 2193 et
1729 2128 2111 2193 Latinorum
2156 2131 2229 2193 in
2274 2130 2478 2194 casali
2519 2129 2792 2196 Huberti
2833 2132 2910 2195 de
2954 2132 3125 2197 Paci
3166 2132 3245 2196 ab

502 2257 570 2299 eo
613 2238 979 2321 positorum.

587 2374 659 2443 In
704 2375 959 2441 nomine
1005 2381 1221 2441 sancte
1271 2381 1334 2443 et
1365 2376 1687 2442 individue
1720 2374 2045 2459 trinitatis,
2094 2374 2297 2461 patris
2345 2381 2409 2441 et
2438 2374 2557 2442 filii
2601 2382 2665 2443 et
2708 2378 2970 2463 spiritus
3020 2379 3241 2445 sancti.

363 2482 591 2549 Amen.
672 2480 908 2548 Notum
955 2483 1040 2549 sit
1084 2483 1374 2549 omnibus
1419 2489 1548 2549 tam
1608 2483 2025 2569 presentibus·
2068 2502 2253 2567 quam
2312 2482 2576 2567 futuris,
2637 2484 2802 2569 quod
2850 2505 2964 2567 ego
3010 2483 3245 2551 Baldu-

363 2590 566 2655 winus
625 2609 740 2676 per
797 2590 1076 2673 graciam
1135 2589 1236 2655 dei
1294 2590 1360 2655 in
1421 2595 1641 2657 sancta
1687 2586 1971 2655 civitate¹
2017 2586 2357 2656 Ierusalem
2402 2588 2773 2657 Latinorum
2821 2612 2937 2657 rex
2984 2596 3245 2676 quartus
3280 2674 3291 2689 ‘

363 2696 532 2762 dona
585 2698 718 2762 sive
773 2697 1248 2781 conventiones,
1307 2717 1462 2781 quas
1511 2695 1816 2763 Girardus
1863 2698 1941 2762 de
1972 2695 2265 2762 Valentia
2307 2694 2553 2763 Latinis
2610 2697 2677 2762 in
2736 2696 2930 2763 casali
2974 2697 3244 2765 Huberti

363 2802 441 2869 de
471 2802 620 2869 Paci
669 2803 747 2869 ab
794 2803 1014 2870 eodem
1057 2804 1281 2870 locatis
1327 2806 1506 2869 iussu
1549 2824 1690 2870 meo
1736 2802 1977 2886 habuit,
2024 2802 2211 2869 laudo
2260 2806 2323 2869 et
2359 2804 2649 2870 concedo.
2718 2804 2852 2881 Que
2898 2804 3064 2871 dona
3109 2805 3242 2872 sive

361 2910 804 2979 conventiones
859 2910 974 2976 hee
1021 2914 1200 2976 sunt:
1261 2911 1582 2996 predictus
1639 2930 1911 2995 namque
1958 2908 2263 2976 Girardus
2319 2911 2653 2977 memorati
2710 2909 2941 2978 casalis
2998 2912 3241 2997 incolis,
3290 2958 3300 2965 -

361 3013 555 3101 quos'
585 3017 822 3083 ibidem
855 3018 1088 3103 posuit,
1137 3017 1356 3083 domos
1388 3018 1582 3102 dedit,
1628 3018 1786 3103 ipsis
1819 3018 2012 3083 etiam
2060 3022 2124 3081 et
2154 3037 2367 3082 eorum
2402 3016 2735 3084 heredibus
2770 3019 2997 3103 quiete,
3044 3018 3241 3085 libere

360 3130 426 3191 et
470 3126 605 3190 sine
655 3125 825 3190 omni
871 3124 1234 3211 calumpnia
1261 3126 1362 3191 vel
1406 3125 1858 3211 impedimento
1902 3122 2225 3189 habendas
2274 3129 2338 3190 et
2380 3124 2518 3189 iure
2562 3131 2867 3211 perpetuo
2914 3125 3241 3212 possiden-

361 3230 494 3297 das.
567 3230 824 3297 Terram
872 3232 1150 3317 insuper,
1203 3252 1392 3317 quam
1438 3231 1764 3317 prephatis
1809 3228 2058 3296 Latinis
2104 3230 2515 3297 laborandam
2564 3230 2931 3314 assignavit,
2986 3231 3103 3298 hoc
3148 3238 3240 3299 te-

358 3358 514 3404 nore
557 3338 907 3422 habebunt,
957 3348 1030 3405 ut
1073 3359 1185 3405 sex
1231 3344 1446 3426 partes
1491 3339 1733 3405 fructus
1781 3342 1947 3404 terre
1996 3336 2118 3404 sibi
2161 3338 2505 3423 retineant,
2554 3337 2712 3403 mihi
2757 3338 3092 3424 septimam
3137 3360 3240 3406 re-

359 3450 704 3512 servantes.
772 3444 859 3511 Et
903 3445 982 3511 de
1026 3446 1233 3530 farne,
1281 3447 1388 3531 qui
1421 3444 1668 3511 Latinis
1713 3444 1949 3512 ibidem
1994 3445 2375 3511 constitutus
2423 3450 2539 3528 est,
2586 3445 2877 3530 quintum
2924 3444 3236 3511 decimum

355 3572 590 3639 panem
635 3557 962 3619 manentes
1010 3557 1258 3619 tantum
1314 3551 1382 3618 in
1427 3551 1620 3619 casali
1667 3552 1822 3617 mihi
1869 3551 2166 3634 reddent3
2229 3551 2282 3617 si
2341 3552 2481 3637 quis
2536 3556 2747 3619 autem
2808 3550 3061 3619 aliunde
3119 3574 3235 3639 pro

355 3659 681 3744 coquendo
713 3680 876 3745 pane
907 3678 1019 3725 suo
1054 3659 1132 3725 ad
1166 3664 1570 3745 pretaxatum
1599 3660 1849 3735 furnum
1884 3660 2151 3741 venerit,
2198 3658 2508 3725 decimum
2544 3678 2775 3745 panem
2807 3658 2962 3724 mihi
2992 3659 3232 3725 reddet.

357 3766 442 3832 Et
488 3772 794 3851 quotquot
838 3766 904 3831 in
951 3765 1176 3832 balneo
1225 3766 1506 3832 eiusdem
1541 3786 1608 3833 se
1649 3766 1961 3851 laverint,·
1988 3766 2319 3831 dimidium
2352 3766 2679 3832 denarium
2712 3765 2945 3848 singuli
2975 3765 3234 3849 dabunt,

353 3894 484 3939 non
531 3873 822 3959 amplius.
892 3871 978 3938 Et
1022 3874 1305 3959 quisquis
1351 3874 1417 3939 in
1463 3874 1611 3958 hoc,
1671 3874 1747 3940 de
1795 3894 1916 3959 quo
1965 3873 2201 3958 agitur,
2250 3872 2445 3938 casali
2491 3890 2805 3939 annonam
2852 3872 3108 3957 emerit,
3156 3872 3237 3939 de

355 4000 483 4046 una
529 4000 775 4065 quaque
821 3978 1164 4046 bisantiata
1206 4002 1322 4066 pro
1368 3982 1838 4047 mensuratione
1883 3979 2217 4045 denarium
2262 3978 2455 4046 dabit.
2535 3978 2773 4046 Ibidem
2823 3980 3012 4045 etiam
3064 3980 3235 4065 quis-

353 4086 510 4154 libet
552 4107 805 4172 panem,
850 4087 1090 4171 vinum,
1138 4107 1360 4155 carnes
1407 4093 1472 4155 et
1517 4089 1747 4173 omnia,
1798 4108 1918 4172 que
1947 4086 2167 4152 mandi
2200 4091 2484 4173 possunt,
2532 4086 2669 4153 sine
2700 4087 2875 4151 omni
2906 4088 3232 4154 exactione

352 4202 424 4261 ut
465 4194 692 4261 Ackon
737 4194 1010 4261 vendere
1054 4195 1308 4280 poterit.
1389 4194 1478 4261 Et
1520 4194 1953 4261 molendinum
2000 4194 2086 4259 de
2122 4192 2323 4277 Ferge
2373 4192 2440 4257 in
2488 4198 2821 4279 pretaxato
2869 4195 3063 4261 casali
3107 4194 3231 4263 La-

349 4302 471 4367 tini
515 4301 904 4367 habitatione
950 4306 1410 4368 commorantes
1457 4306 1586 4367 tres
1633 4302 1768 4367 dies
1831 4306 1894 4367 et
1937 4300 2202 4367 totidem
2248 4305 2465 4366 noctes
2509 4300 2576 4365 in
2622 4300 2889 4383 singulis
2934 4300 3231 4371 ebdoma-

351 4407 534 4474 dibus
593 4409 729 4475 sine
790 4410 962 4474 omni
1020 4409 1472 4494 impedimento
1531 4407 1852 4475 habebunt
1911 4408 2088 4473 salvo
2156 4410 2370 4473 tamen
2434 4407 2570 4474 iure
2630 4407 2823 4491 regio·
2914 4406 3001 4473 Et
3056 4408 3231 4475 labo-

347 4521 592 4582 ratores
625 4516 704 4581 de
735 4516 934 4581 vineis
982 4522 1046 4581 et
1077 4516 1362 4599 iardiniS,
1413 4535 1532 4600 que
1565 4514 1664 4580 vel
1693 4535 1863 4581 nunc
1892 4520 2042 4580 sunt
2074 4514 2173 4581 vel
2218 4515 2286 4579 in
2331 4520 2655 4600 posterum
2702 4514 2869 4581 inter
2902 4511 3245 4600 terminOS,'

351 4642 506 4707 quos
538 4619 834 4688 Giraldus
867 4620 944 4689 de
967 4622 1261 4689 Valentia
1304 4621 1460 4687 mihi
1497 4622 1780 4705 retinuit,
1827 4622 1999 4706 fient,
2051 4627 2181 4687 tres
2228 4621 2348 4688 sibi
2395 4626 2609 4707 partes
2656 4621 2993 4704 habebunt,
3042 4642 3229 4705 quar-

347 4734 478 4795 tam
529 4729 684 4795 mihi
728 4729 1095 4815 reddenteS,
1144 4734 1208 4795 et
1253 4730 1482 4813 olivas,
1529 4729 1885 4813 ubieunque
1936 4730 2066 4795 sint
2109 4730 2175 4793 in
2224 4728 2409 4794 huius
2454 4728 2683 4795 casalis
2728 4728 3048 4795 territorio
3094 4729 3228 4793 sive
3270 4774 3277 4779 -

345 4836 514 4903 inter
549 4836 682 4902 ‘duo
728 4835 993 4903 flumina
1037 4836 1136 4903 vel
1183 4841 1396 4920 extra,
1456 4840 1648 4921 prout
1700 4843 2085 4903 memoratus
2133 4834 2431 4902 Giraldus
2476 4836 2699 4920 cuique
2752 4840 2997 4923 partem
3046 4854 3226 4901 suam

347 4944 716 5029 assignavit,
763 4943 840 5011 de
872 4943 1190 5011 communi
1223 4942 1433 5027 colligi
1465 4942 1718 5029 facient,
1767 4944 1924 5011 duas
1960 4943 2107 5010 inde
2152 4950 2365 5030 partes
2411 4943 2570 5009 mihi
2614 4943 2951 5010 reddentes
2998 4946 3063 5009 et
3106 4940 3229 5008 sibi

346 5052 610 5119 terciam
663 5052 1028 5119 retinentes.
1107 5050 1194 5117 Et
1249 5051 1302 5118 si
1361 5052 1500 5137 quis
1561 5052 1819 5119 domum
1863 5048 1967 5116 vel
2025 5056 2261 5117 terram
2317 5052 2386 5117 in
2432 5050 2625 5118 casali
2682 5050 2966 5137 predicto
3012 5048 3113 5116 vel
3156 5050 3225 5116 in

2766 5165 2801 5217 1
