3892 5609
583 352 590 355 ·
710 327 752 400 3
767 330 802 399 1
817 329 858 399 6
1675 337 2100 387 PONTIFIOUM
2143 336 2599 387 Romnomm.

703 498 1093 567 infirmorum
1154 478 1226 565 ac
1279 498 1530 567 illorum
1575 498 2127 581 sustentationem,
2189 497 2297 581 qui
2330 508 2467 564 'non
2508 498 2774 583 habent,
2834 498 2944 566 ubi
2988 504 3181 586 caput
3235 496 3573 583 reclinent,

705 608 960 675 student
1015 606 1491 691 diligentissime
1551 612 2000 693 transportare.
2093 604 2245 673 Inde
2294 610 2419 690 est,
2476 605 2645 691 quod
2696 611 2823 672 tam
2885 606 3078 673 fortes
3134 604 3373 673 Christi
3426 606 3575 673 ath-

702 714 862 782 letas
907 716 974 781 in
1019 734 1132 780 suo
1177 714 1393 779 sancto
1442 714 1763 800 proposito
1797 698 2077 780 volentes
2124 712 2425 779 attentius
2471 712 2819 798 confovere,
2867 713 2947 779 ad
2991 713 3421 781 defensionem
3456 734 3572 781 eo-

701 821 964 889 rundem
1025 820 1507 887 sollicitudinem
1564 826 1835 888 vestram
1896 819 2189 885 duximus
2246 819 2826 905 commendandam,
2872 824 2945 885 ut
2988 822 3190 905 magis
3236 841 3313 887 ac
3356 822 3572 905 magis

703 929 949 1015 possint
994 929 1073 994 ad
1102 928 1598 1015 promovendum
1628 928 2045 1014 propositum,
2092 925 2259 1011 quod
2288 932 2713 1014 sumpserunt,
2758 927 3103 1011 intendere,
3148 948 3295 994 cum
3324 928 3575 995 fuerint

703 1035 1121 1102 sollicitudine
1165 1033 1548 1121 prelatorum
1595 1034 1852 1101 ecclesie
1894 1055 1933 1100 a
1964 1032 2444 1117 malignantium
2473 1033 2923 1119 inquietatione
2952 1035 3175 1101 securi.
3232 1034 3573 1102 Monemus

699 1143 913 1228 itaque
957 1143 1432 1209 universitatem
1479 1147 1775 1227 vestram,
1821 1142 2147 1208 hortamur
2178 1146 2365 1225 atque
2393 1140 2797 1227 precipimus,
2845 1145 3173 1225 quatenus,
3220 1142 3279 1209 si
3308 1142 3571 1227 quando

705 1250 1103 1336 parrochiani
1150 1249 1341 1315 vestri
1386 1250 1454 1315 in
1501 1249 1771 1333 aliquem
1818 1249 2241 1335 predictorum
2286 1247 2555 1313 fratrum
2598 1248 2809 1333 ipsum
2854 1248 3158 1334 capiendo
3190 1247 3290 1315 vel
3319 1249 3399 1315 de
3430 1250 3572 1316 suis

703 1358 1075 1441 equitaturis
1131 1356 1453 1423 deiciendo
1509 1355 1608 1423 vel
1651 1356 1809 1423 alias
1862 1356 2190 1423 inhoneste
2246 1354 2576 1422 tractando
2634 1354 2939 1435 violentas
2992 1376 3219 1422 manus
3272 1356 3569 1441 iniciunt,

701 1463 1059 1530 huiusmodi
1123 1468 1592 1549 presumptores
1649 1462 1893 1530 sublato
1956 1462 2395 1551 appellationis
2462 1460 2739 1528 remedio
2796 1461 3073 1529 candelis
3130 1462 3409 1529 accensis
3468 1463 3569 1530 di-

701 1570 937 1636 latione
995 1576 1059 1637 et
1101 1571 1424 1637 occasione
1477 1572 1844 1657 postpositis
1897 1570 2467 1637 excommunicatos
2512 1568 2759 1655 publice
2804 1569 3107 1636 nuntietis
3162 1575 3229 1637 et
3270 1576 3403 1636 tam
3452 1570 3567 1637 diu

699 1678 946 1743 faciatis
991 1678 1155 1744 sicut
1197 1678 1766 1759 excommunicatos
1809 1678 2009 1744 artius
2054 1677 2298 1762 evitari,
2344 1672 2541 1743 donec
2587 1696 2771 1762 passo
2816 1676 3111 1743 iniuriam
3156 1676 3560 1745 satisfaciant

702 1790 1126 1871 competenter
1172 1788 1236 1850 et
1278 1804 1394 1870 pro
1441 1784 1848 1851 absolutionis
1895 1783 2191 1851 beneficio
2236 1783 2631 1872 impetrando
2678 1782 3023 1870 apostolico
3068 1804 3137 1851 se
3194 1785 3567 1871 conspectui

701 1910 842 1958 cum
899 1891 1214 1958 diocesani
1269 1892 1545 1978 episcopi
1589 1892 1817 1959 litteris
1877 1897 2329 1978 representent.
2396 1891 2524 1958 Eos
2574 1910 2741 1973 vero,
2796 1890 2905 1977 qui
2947 1891 3014 1957 in
3070 1890 3271 1957 dictos
3326 1890 3563 1959 fratres

700 2019 922 2065 manus
967 1999 1232 2065 iniciunt
1265 1998 1567 2066 violentas
1614 2004 1677 2065 et
1723 1999 2110 2084 equitaturas
2155 2004 2264 2066 aut
2292 1997 2419 2065 alia
2445 1998 2613 2066 bona
2642 2018 2853 2065 eorum
2888 1997 3195 2085 diripiunt
3222 1998 3557 2083 violenter,

574 2138 582 2146 ·
701 2106 756 2172 si
805 2126 842 2173 a
887 2106 1060 2173 vobis
1115 2106 1482 2172 commoniti
1537 2105 1746 2174 ablata
1809 2106 1899 2173 eis
1954 2105 2272 2172 noluerint
2314 2106 2647 2174 restituere
2690 2110 2756 2172 et
2799 2104 2877 2171 de
2922 2104 3115 2172 illatis
3159 2105 3411 2172 iniuriis
3458 2126 3563 2173 sa-

701 2212 1120 2279 tisfactionem
1165 2232 1502 2296 congruam
1551 2213 1865 2297 exhibere,
1913 2212 2159 2280 vinculo
2206 2213 2622 2280 anathematis
2669 2214 3031 2297 astringatis
3063 2217 3127 2280 et
3152 2213 3327 2300 ipsos
3361 2233 3564 2298 usque

702 2320 782 2386 ad
839 2319 1329 2387 satisfactionem
1389 2321 1760 2405 condignam
1822 2320 2090 2397 teneatis
2136 2322 2444 2387 astrictos
2526 2320 2762 2387 Datum
2815 2319 3114 2387 Laterani
3159 2321 3223 2387 vi
3268 2320 3413 2387 idus
3466 2322 3561 2389 fe-

605 2428 608 2433 ’
701 2425 938 2494 bruarii
981 2427 1378 2514 pontificatus
1424 2428 1627 2495 nostri
1673 2448 1834 2494 anno
1883 2448 1939 2493 v.

911 2568 1034 2619 Sine
1069 2568 1212 2621 dato:
1249 2569 1316 2632 11,
1347 2570 1440 2621 111
1481 2588 1530 2621 n.
1558 2566 1656 2631 '70;
1691 2569 1754 2620 A.
1781 2568 1852 2619 20
1885 2586 1937 2621 n.
1963 2568 2033 2621 68
2068 2568 2246 2619 Latine
2282 2576 2335 2618 et
2358 2567 2655 2619 Germanice
2690 2584 2803 2619 cum
2825 2577 2968 2621 nota:
3006 2569 3058 2621 in
3081 2568 3473 2635 Mergintheym.
3492 2597 3557 2607 —

703 2656 825 2707 Cum
861 2656 1006 2710 dato:
1048 2658 1112 2709 R.
1137 2658 1208 2709 64
1243 2674 1272 2709 e
1308 2658 1456 2710 domo
1471 2658 1967 2751 ‘MergenthemensL
2149 2658 2193 2709 1.
2231 2658 2516 2723 excogitare
2539 2656 2605 2720 11,
2644 2658 2707 2709 A.
2732 2657 2817 2711 20.
2994 2658 3046 2710 2.
3084 2658 3147 2709 ab
3184 2658 3217 2711 i.
3240 2675 3307 2709 m.
3333 2674 3381 2708 e.
3404 2674 3446 2707 r.

705 3134 879 3207 359.
919 3140 1094 3207 1221
1123 3139 1456 3226 februarii
1494 3139 1540 3206 8
1597 3138 1920 3207 Laterani.
1998 3140 2323 3206 Honorius
2364 3139 2489 3205 III
2533 3140 2861 3223 confirmat
2912 3141 3129 3205 ordini
3176 3138 3559 3208 Theutom‘co

923 3246 1205 3313 ecclesias
1251 3260 1470 3313 contra
1516 3250 1950 3334 episcoporum
1995 3250 2393 3333 quorundam
2437 3270 2501 3313 se
2529 3248 2609 3313 ab
2639 3249 2824 3313 initio
2857 3268 3219 3313 consensum
3251 3271 3383 3314 non
3406 3270 3560 3336 pre-

917 3356 1144 3420 stirme
1185 3356 1590 3420 asserentium
1636 3355 2101 3421 oblocutionem.

919 3494 1233 3562 Honorius
1286 3496 1616 3582 episcopus
1675 3515 1891 3563 servus
1947 3516 2269 3562 servorum
2328 3496 2429 3563 dei
2488 3494 2733 3561 dilectis
2778 3494 2923 3561 filiis
2968 3495 3273 3579 magistro
3318 3502 3385 3563 et
3428 3496 3557 3563 fra-

699 3602 900 3669 tribus
958 3602 1291 3689 hospitalis
1347 3608 1561 3670 sancte
1605 3600 1805 3670 Mario
1851 3602 2371 3669 Theotonicorum
2426 3602 2906 3669 lerosolimitani
2966 3602 3235 3670 salutem
3292 3610 3359 3670 et
3404 3624 3554 3691 apo-

699 3708 984 3777 stolicam
1030 3710 1546 3777 benedictionem.
1817 3709 2324 3793 significantibus
2369 3710 2547 3777 vobis
2595 3709 2677 3776 ad
2721 3709 3112 3776 audienciam
3166 3711 3555 3797 apostolatus

697 3817 902 3883 nostri
945 3818 1254 3904 pervenit,
1313 3818 1500 3902 quod,
1553 3838 1696 3884 cum
1742 3817 2073 3883 nonnullas
2120 3816 2411 3883 ecclesias
2454 3816 2758 3902 habeatis,
2818 3818 3043 3902 quibus
3100 3818 3556 3906 archiepiscopi

699 3930 764 3990 et
820 3924 1098 4010 episcopi
1143 3925 1402 4008 crisma,
1463 3924 1665 3991 oleum
1715 3930 1999 3991 sanctum
2016 3974 2034 4007 ,
2094 3924 2526 3991 ordinaciones
2581 3922 2998 4009 clericorum¹,
3052 3927 3551 3994 consecrationes

699 4028 1024 4098 altarium¹
1079 4037 1144 4098 et
1187 4030 1311 4099 alia
1353 4030 1739 4118 pontificalia
1782 4032 1918 4098 sine
1965 4033 2289 4117 questione
2334 4031 2415 4097 ad
2458 4030 2940 4118 postulationem
2988 4037 3265 4099 vestram
3308 4032 3551 4101 diucius

699 4138 1126 4223 contulerunt,
1172 4139 1427 4223 quidam
1473 4159 1684 4206 eorum
1730 4145 1986 4206 movent
2032 4140 2223 4221 vobis⁸
2250 4158 2439 4225 super
2480 4138 2639 4225 ipsis
2698 4138 2977 4205 ecclesiis
3020 4139 3413 4226 questionem
3458 4140 3551 4207 di-

698 4245 893 4313 cendo
952 4246 1268 4329 videlicet,
1337 4246 1504 4332 quod
1563 4247 1640 4314 ab
1695 4246 1883 4313 inicio
1939 4246 2118 4313 vobis
2174 4266 2363 4333 super
2417 4246 2545 4311 illis
2604 4246 2881 4312 ecclesiis
2939 4266 3311 4313 consensum
3366 4268 3549 4315 suum

697 4353 956 4419 minime
1021 4353 1430 4439 prostiterint.
1532 4353 1691 4433 Quia
1754 4354 1947 4437 igitur
2005 4354 2360 4421 occasiones
2425 4352 2783 4419 huiusmodi
2848 4354 3107 4421 frivolas
3160 4360 3547 4441 reputamus,

697 4480 812 4527 nos
860 4460 1054 4544 quieti
1097 4466 1304 4527 vestre
1350 4464 1614 4547 paterna
1657 4460 2077 4527 sollicitudine
2124 4460 2451 4546 providere
2485 4460 2762 4527 volentes
2793 4462 3161 4528 auctoritate
3190 4461 3368 4529 vobis
3400 4482 3549 4548 apo-

701 4566 923 4633 stolica
981 4567 1376 4651 indulgemus
1391 4618 1409 4651 ,
1469 4574 1542 4634 ut
1589 4568 1704 4635 tali
1751 4568 2076 4635 occasione
2129 4586 2525 4653 nequaquam
2581 4568 2898 4651 obstante,
2958 4568 3013 4635 si
3070 4568 3243 4635 aliud
3296 4570 3547 4636 canoni·

700 4695 838 4742 cum
907 4695 1034 4743 non
1101 4674 1396 4759 obsistat,
1453 4674 1642 4741 liceat
1700 4676 1878 4742 vobis
1937 4674 2231 4742 ecclesias
2288 4674 2498 4742 taliter
2566 4675 2905 4761 acquisitas
2974 4676 3347 4744 auctoritate
3398 4698 3547 4764 apo-

699 4782 920 4850 stolica
977 4780 1171 4849 libere
1227 4781 1566 4869 possidere.
1653 4781 1827 4849 Nulli
1883 4802 2031 4866 ergo
2086 4782 2337 4848 omnino
2394 4782 2719 4849 hominum
2785 4781 2973 4851 liceat
3036 4784 3201 4851 hanc
3254 4785 3546 4871 paginam

698 4895 912 4957 nostre
952 4890 1370 4959 eoncessionis
1423 4890 1764 4973 infringere
1810 4888 1908 4957 vel
1955 4891 2013 4955 ei
2059 4908 2217 4956 ausu
2258 4890 2593 4959 temerario
2639 4891 2967 4957 contraire.
3040 4888 3108 4957 Si
3154 4892 3293 4977 quis
3340 4898 3545 4959 autem

697 4996 818 5065 hoc
891 5002 1266 5085 attemptare
1329 4997 1812 5084 presumpserit,
1871 4996 2363 5081 indignationem
2423 4998 2867 5085 omnipotentis
2932 4998 3037 5067 dei
3096 5003 3161 5067 et
3226 4999 3545 5068 beatorum
