3892 5609
721 284 868 355 198
1611 278 1619 295 ’
1695 291 1997 341 PRUSSIA.
2067 292 2254 340 nou
2298 290 2616 341 Mar-oms

713 454 980 536 Christi,
1038 456 1271 537 quanto
1318 452 1472 519 deus
1517 451 1758 517 homini
1814 451 2222 537 preferendus
2270 472 2407 518 esse
2452 451 2801 519 dinoscitur
2848 455 2912 517 et
2956 449 3161 515 omnis
3206 448 3332 515 sibi
3374 448 3597 514 deberi

712 560 1066 627 reverentia
1109 558 1574 643 comprobatur.
1655 558 1854 641 Igitur
1900 578 2076 641 cum,
2135 558 2299 624 sicut
2354 559 2562 625 relatu
2619 558 2746 625 fide
2800 558 3136 643 dignorum
3188 556 3593 641 percepimus

714 668 1091 749 exultanteS,
1149 666 1433 731 conditor
1480 664 1761 731 omnium
1807 665 1873 730 in
1915 664 2181 731 Livonie
2231 685 2305 731 ac
2347 664 2605 733 Pruscie
2652 665 2961 752 partibus,
3008 663 3389 733 dilectorum
3430 660 3593 727 filio-

711 795 854 840 rum
899 773 1168 839 fratrum
1215 772 1548 859 hospitalis
1596 778 1812 838 sancte
1857 771 2059 838 Maris
2092 772 2622 839 Theutonicorum
2670 771 3156 839 Ierosolimitani
3200 790 3275 837 ac
3322 770 3593 836 aliorum

710 880 991 946 fidelium
1037 879 1460 965 triumphanti
1504 879 1768 945 dextera
1811 878 2116 963 faciente,
2172 881 2259 945 sit
2309 878 2743 965 multipliciter
2790 880 3105 946 exaltatus
3162 884 3227 945 et
3282 896 3431 962 spes
3486 877 3592 957 sit,

715 987 882 1072 quod
925 986 1160 1051 ibidem
1207 987 1412 1071 magis
1469 1004 1542 1051 ac
1593 985 1795 1069 magis
1842 986 1942 1051 sui
1987 986 2261 1053 nominis
2318 986 2524 1069 gloria
2579 981 3042 1072 protendatur¹,
3098 986 3155 1051 si
3208 982 3593 1071 plantationi

713 1115 824 1161 sue
870 1094 1150 1180 partium
1196 1082 1536 1159 earundem
1579 1092 1894 1176 favorem,
1951 1112 2132 1175 quem
2182 1093 2252 1157 in
2296 1094 2435 1179 ipso
2482 1088 2859 1180 possimus²,
2917 1092 3357 1179 impendentes
3402 1109 3591 1176 opor-

713 1206 939 1267 tunum
985 1200 1080 1266 illi
1135 1220 1248 1285 per
1291 1200 1555 1265 devotos
1601 1198 1861 1266 ecclesie
1907 1197 2258 1264 subsidium
2316 1220 2759 1286 procuremus;
2818 1200 3213 1266 devotionem
3265 1203 3445 1264 tuam
3490 1216 3593 1261 ro-

713 1328 936 1391 gamus
994 1313 1059 1373 et
1100 1308 1428 1373 hortamur
1472 1306 1540 1371 in
1585 1306 1873 1390 domino,
1930 1325 2045 1390 per
2093 1305 2443 1391 apostolica
2495 1306 2612 1372 tibi
2670 1308 2909 1393 scripta
2962 1305 3340 1371 mandantes
3398 1324 3475 1371 ac
3526 1304 3595 1369 in

712 1414 1152 1481 remissionem
1208 1414 1643 1500 peccaminum
1689 1412 2120 1495 iniungenteS,
2179 1414 2473 1498 quatinus
2527 1414 2771 1498 priores
2826 1418 2889 1479 et
2932 1414 3161 1479 fratres
3207 1412 3305 1478 tui
3350 1410 3594 1477 ordinis

715 1522 1088 1588 constitutos
1133 1521 1201 1586 in
1247 1518 1774 1604 Magdeburgensi
1819 1522 1883 1583 et
1910 1516 2240 1585 Bremensi
2283 1520 2649 1606 provinciis,
2692 1519 3160 1606 Ratisponensi,
3204 1517 3592 1597 Pataviensi,

714 1627 1200 1710 Alberstatensi,
1247 1625 1652 1693 Ildesemensi
1699 1630 1764 1691 et
1784 1623 2093 1691 Verdensi
2133 1625 2485 1693 diocesibus
2528 1627 2789 1709 negocio
2835 1646 3081 1712 quaque
3124 1625 3453 1711 preposita
3497 1624 3594 1688 fa-

715 1730 1004 1801 cultate²‘
1037 1733 1340 1819 deputare
1372 1732 1626 1799 studeas
1673 1738 1738 1798 et
1777 1731 2029 1797 eosdem
2070 1732 2372 1799 attentius
2402 1732 2744 1817 exhortari,
2791 1733 2957 1817 quod
3002 1737 3329 1817 assumpto
3374 1734 3595 1796 sancte

715 1840 1165 1927 predicationis
1197 1837 1402 1904 officio
1443 1842 1703 1924 propter
1732 1838 1921 1903 deum
1950 1836 2168 1904 fideles
2199 1838 2511 1905 dictarum
2540 1838 3009 1925 provinciarum
3042 1842 3107 1905 et
3130 1838 3479 1904 diocesium
3508 1836 3595 1901 ad

714 1947 978 2012 nimiam
1026 1946 1376 2028 caritatem,
1427 1964 1551 2029 qua
1595 1943 1884 2009 Christus
1929 1965 2047 2011 nos
2094 1945 2317 2011 dilexit
2361 1952 2426 2012 et
2469 1946 2695 2030 diligit,
2740 1950 3098 2032 respectum
3141 1944 3375 2010 habere
3420 1948 3485 2009 et
3532 1944 3594 2008 ei

714 2053 1064 2120 retribuere
1111 2052 1348 2136 aliquid
1395 2072 1508 2137 pro
1555 2051 1866 2135 omnibuS,
1916 2071 2036 2135 que
2081 2052 2307 2118 tribuit
2349 2052 2487 2137 ipse
2530 2052 2679 2136 illis,
2726 2052 2850 2138 piis
2896 2049 3446 2117 exhortacionibus
3490 2070 3593 2115 se-

716 2159 990 2225 cundum
1037 2158 1252 2224 datam
1297 2158 1419 2224 sibi
1465 2178 1504 2223 a
1550 2158 1664 2223 deo
1710 2158 2110 2242 prudentiam
2158 2159 2455 2226 studeant
2496 2159 2869 2242 informare,
2929 2158 3264 2242 diligenter
3308 2162 3375 2223 et
3417 2156 3595 2223 solli-

715 2267 838 2334 cite
894 2265 1188 2351 petituri,
1244 2269 1317 2330 ut
1373 2264 1498 2350 ipsi
1553 2263 1869 2349 redempti
1925 2265 2139 2350 precio
2184 2264 2489 2349 glorioso,
2547 2266 2615 2331 in
2662 2285 2818 2350 quos
2862 2270 3163 2350 tanquam
3212 2264 3380 2331 viros
3426 2262 3595 2330 chri-

716 2374 956 2441 stianos
1003 2378 1069 2439 et
1109 2371 1448 2438 catholicos
1495 2365 1750 2436 cadere⁸
1795 2370 2135 2455 obprobria
2180 2372 2700 2457 exprobrantium
2732 2371 2981 2439 Christo
3029 2372 3287 2455 debent,
3325 2391 3395 2436 se
3440 2370 3595 2436 viri-

714 2481 862 2547 liter
920 2486 984 2547 et
1046 2483 1339 2565 potenter
1408 2478 1738 2562 accingant
1803 2483 2129 2563 tamquam
2190 2478 2293 2544 dei
2349 2480 2553 2546 zelum
2612 2479 2946 2563 habentes,
3014 2480 3097 2545 ad
3158 2478 3593 2565 ampliandum

571 2582 586 2619 ²
717 2588 984 2673 gloriam
1031 2584 1314 2653 crucifixi
1359 2590 1422 2652 et
1464 2584 1864 2651 liberandum
1909 2586 2235 2671 proximos
2282 2587 2361 2653 de
2404 2586 2695 2653 manibus
2741 2605 3163 2671 paganorum,
3215 2580 3595 2671 profecturi⁴

719 2700 784 2761 et
828 2694 1030 2760 acturi
1075 2692 1416 2759 secundum
1463 2692 1732 2758 fratrum
1779 2692 2045 2758 consilia
2099 2692 2555 2777 predictorum,
2610 2693 2704 2758 ita
2749 2693 2915 2777 quod
2960 2698 3025 2758 et
3066 2692 3225 2778 ipsis
3278 2693 3595 2777 premium

719 2801 1023 2867 debeatur
1069 2806 1356 2865 eternum
1403 2794 1498 2865 et⁵
1543 2797 1828 2864 infideles
1873 2818 2003 2864 non
2034 2782 2328 2885 ‘pessima
2391 2799 2557 2883 quod
2611 2800 2871 2884 impune
2918 2798 3155 2883 Christi
3196 2818 3427 2865 nomen
3471 2800 3596 2864 im-

717 2908 1170 2995 pugnaverint,
1227 2906 1516 2990 gloriari3
1576 2904 1717 2970 illos
1765 2925 1912 2971 vero
1974 2905 2051 2971 de
2110 2906 2451 2992 provinciis
2512 2910 2575 2973 et
2620 2906 2971 2972 diocesibus
3031 2906 3426 2989 memoratiS,
3484 2909 3595 2991 qui

719 3016 923 3080 crucis
971 3012 1292 3097 signaculo
1336 3014 1405 3078 in
1451 3010 1716 3077 Livonie
1761 3013 1896 3078 sive
1939 3010 2198 3078 Pruscie
2256 3012 2605 3079 subsidium
2661 3012 2947 3097 insigniti
3005 3018 3267 3097 propter
3321 3033 3595 3100 pauper-

718 3128 916 3189 tatem
963 3142 1074 3187 seu
1120 3119 1508 3185 debilitatem
1558 3119 1706 3185 illuc
1750 3123 2071 3204 nequeunt
2116 3120 2531 3204 personaliter
2578 3118 2908 3205 proficisci,
2956 3139 2995 3184 a
3038 3125 3184 3184 voto
3231 3120 3435 3185 crucis
3482 3120 3595 3186 ab-

719 3224 1024 3311 solvant⁸,
1081 3226 1418 3292 dummodo
1466 3226 1543 3291 de
1589 3225 1771 3291 bonis
1817 3225 1949 3291 suis
1994 3226 2175 3291 iuxta
2225 3226 2516 3312 proprias
2559 3226 2891 3293 facultates
2936 3246 3279 3309 congruam
3322 3226 3594 3293 subven-

717 3337 958 3402 tionem
1006 3333 1343 3400 exhibeant
1388 3352 1500 3418 per
1546 3352 1772 3397 manus
1819 3332 2159 3398 eorundem
2204 3332 2472 3399 fratrum
2518 3333 2586 3398 in
2630 3333 2799 3400 idem
2844 3333 3195 3399 subsidium
3224 3338 3594 3401 converten-

719 3442 886 3507 dam.
959 3440 1088 3506 Nos
1121 3440 1309 3522 enim,
1346 3445 1438 3523 ut,
1480 3439 1646 3523 quod
1677 3458 1792 3524 pro
1823 3440 2079 3505 nomine
2107 3421 2526 3526 redemptoris
2557 3448 2691 3505 tam
2723 3440 2909 3523 digne
2940 3440 3323 3527 deposcitur,
3370 3438 3593 3507 effectu

717 3548 890 3615 facili
935 3546 1344 3632 compleatur,
1392 3566 1608 3612 omnes
1641 3545 1952 3612 dictarum
1998 3547 2460 3631 provinciarum
2496 3552 2561 3613 et
2590 3546 2931 3613 diocesium
2959 3548 3028 3612 in
3058 3544 3457 3613 succursum⁷
3488 3568 3590 3614 eo-

718 3655 983 3721 rundem
1013 3652 1294 3719 fidelium
1326 3658 1616 3739 suscepto
1648 3660 1908 3738 propter
1929 3652 2048 3719 hoc
2079 3654 2281 3720 crucis
2314 3654 2636 3737 signaculo
2667 3674 3069 3740 processuros
3100 3674 3347 3719 necnon
3374 3674 3587 3721 eorum

717 3761 1026 3828 familiam
1076 3763 1139 3825 et
1181 3759 1349 3824 bona
1394 3760 1626 3841 omnia,
1673 3758 1870 3825 donec
1915 3760 1993 3825 de
2037 3760 2321 3845 ipsorum
2365 3761 2573 3826 reditu
2603 3760 2705 3826 vel
2750 3761 2923 3827 obitu
2968 3760 3321 3827 certissime
3364 3782 3591 3846 cogno-

720 3875 952 3951 scatur,
999 3866 1113 3932 sub
1161 3866 1550 3952 protectione
1584 3885 1658 3932 ac
1687 3864 2049 3932 defensione
2084 3866 2252 3931 sedis
2298 3867 2637 3953 apostolice
2685 3868 3089 3934 admittentes
3134 3867 3263 3933 illis
3309 3888 3385 3934 ac
3430 3868 3595 3952 aliis,

721 3976 828 4060 qui
872 3976 1054 4041 iuxta
1097 3972 1463 4039 facultatem
1521 3978 1584 4039 et
1629 3972 1999 4057 qualitatem
2046 3994 2224 4041 suam
2280 3974 2431 4040 illuc
2478 3974 2811 4042 bellatores
2858 3974 3134 4060 ydoneos
3178 3975 3249 4040 in
3294 3976 3593 4061 expensis

717 4082 996 4167 propriis
1043 4080 1340 4145 duxerint
1384 4079 1790 4145 destinandos
1834 4100 2110 4165 necnon,
2169 4082 2277 4165 qui
2324 4081 2402 4146 ad
2448 4081 2926 4148 subventionem
2972 4081 3282 4147 dictarum
3327 4080 3597 4149 Livonie

717 4188 820 4253 vel
857 4187 1113 4252 Pruscie
1161 4186 1239 4251 de
1285 4185 1464 4252 bonis
1511 4187 1786 4271 propriis
1833 4206 2107 4270 congrue
2154 4188 2575 4254 ministrarint
2618 4189 2719 4255 vel
2764 4188 2869 4273 qui
2915 4188 2983 4253 in
3028 4187 3251 4253 alienis
3298 4189 3594 4274 expensis

717 4294 872 4359 illuc
927 4293 1306 4359 accesserint
1359 4292 1596 4357 ibidem
1653 4292 1732 4358 ad
1790 4293 2000 4359 minus
2058 4314 2172 4380 per
2228 4296 2415 4361 unius
2476 4297 2625 4362 anni
2681 4296 2969 4382 spacium
3028 4294 3355 4379 servituri,
3413 4294 3595 4361 iuxta

720 4400 1138 4487 quantitatem
1184 4399 1452 4466 subsidii
1497 4404 1562 4464 et
1604 4400 1957 4465 devotionis
2004 4400 2327 4485 affectum,
2385 4402 2559 4468 illam
2615 4402 3073 4486 indulgentiam
3116 4401 3411 4485 idemque
3462 4401 3593 4487 pri·

715 4508 1014 4590 vilegium
1063 4506 1425 4589 elargimur,
1473 4526 1596 4591 que
1639 4506 2110 4573 transeuntibus
2158 4511 2223 4573 et
2263 4507 2775 4574 subvenientibus
2819 4505 2921 4574 in³
2968 4515 3137 4574 terre
3182 4512 3400 4573 sancte
3446 4506 3593 4574 sub-

719 4614 951 4682 sidium
998 4613 1442 4679 conceduntur.
1522 4612 1820 4680 Preterea
1876 4609 1984 4678 ut⁹
2031 4616 2409 4702 prephatum
2454 4617 2818 4698 negocium,
2876 4634 2999 4699 quo
3056 4614 3345 4699 pluribus
3390 4615 3593 4680 conti·

715 4716 861 4805 git¹⁰
919 4720 1123 4786 iuvari
1178 4720 1505 4803 remediiS,
1575 4720 2016 4807 prosperitatis
2076 4727 2291 4809 optate
2348 4722 2655 4808 suscipiat
2710 4722 3203 4804 incrementum,
3273 4722 3589 4807 prioribus

717 4832 782 4894 et
824 4826 1128 4893 fratribus
1173 4846 1286 4913 per
1317 4832 1380 4892 te
1412 4827 1771 4911 supradicto
1801 4828 2062 4911 negocio
2095 4829 2473 4915 deputandis
2517 4828 2904 4915 presentium
2950 4828 3327 4895 auctoritate
3370 4848 3591 4895 conce-

717 4934 954 5017 dimus,
1018 4934 1185 5017 quod
1239 4932 1367 4999 illis
1427 4933 1766 5000 earundem
1825 4934 2297 5019 provinciarum
2346 4940 2411 5003 et
2454 4935 2829 5019 diocesium,
2888 4936 2999 5021 qui
3051 4934 3135 5001 ad
3190 4954 3409 5002 eorum
3464 4933 3591 5001 sol-
