3892 5609
729 344 771 414 2
784 342 878 415 72
1697 350 2123 405 Pon‘rmtcuu
2166 326 2611 403 nonai-tonum

726 512 1122 585 303.1216
1165 516 1293 581 doc.
1317 515 1364 581 8
1395 515 1636 580 Romae
1680 538 1786 602 ap.
1818 538 1868 580 s.
1893 516 2172 581 Petrum.
2246 516 2573 583 Honorius
2598 515 2721 581 III
2748 513 3075 597 confirmat
3104 512 3351 579 ordinis
3380 510 3595 577 Theu-

946 625 1140 690 tonici
1181 622 1346 689 bona
1383 622 1746 709 poivileqia,
1796 627 2277 690 constitutiones.

945 746 1260 813 Honorius
1290 745 1621 834 episcopus
1668 767 1886 814 servus
1923 768 2247 815 servorum
2280 748 2381 814 dei
2428 746 2670 821 dilectis
2706 745 2855 813 filiis
2887 744 3247 812 Hermanno
3278 742 3594 827 magistro

721 854 1054 941 hospitalis
1089 860 1303 922 sancte
1333 852 1532 921 Mario
1559 854 2057 921 Alamannorum
2086 854 2571 922 Ierosolimitani
2616 854 2874 939 eiusque
2916 852 3219 919 fratribus
3260 858 3393 916 tam
3441 870 3595 937 pre-

724 961 1006 1029 sentibus
1038 982 1226 1047 quam
1255 962 1482 1029 futuris
1511 961 1885 1045 regulariter
1913 962 2365 1029 substituendis
2406 961 2473 1028 in
2514 965 2908 1048 perpetuum.
3062 958 3375 1027 Effectum
3416 958 3595 1024 iusta.

723 1068 1188 1156 postulantibus
1241 1067 1567 1153 indulgere
1621 1075 1686 1136 et
1727 1071 1907 1153 vigor
1964 1070 2259 1154 equitatis
2315 1074 2380 1147 et
2436 1069 2587 1135 ordo
2642 1068 2842 1152 exigit
2892 1067 3188 1151 rationis,
3244 1066 3593 1153 presertim

724 1176 972 1261 quando
1020 1175 1365 1262 petentium
1410 1177 1796 1243 voluntatem
1845 1182 1910 1243 et
1952 1179 2155 1263 pictas
2202 1176 2460 1243 adiuvat
2504 1181 2569 1242 et
2610 1176 2846 1241 veritas
2888 1194 3017 1240 non
3060 1174 3380 1259 relinquit.
3458 1172 3595 1239 Ea-

723 1288 1004 1369 propter,
1057 1283 1265 1349 dilecti
1311 1284 1380 1349 in
1425 1282 1677 1350 domino
1719 1282 1857 1369 filii,
1901 1285 2129 1351 vestris
2173 1284 2356 1351 iustis
2402 1280 2930 1371 postulationibus
2974 1282 3315 1349 clementer
3360 1280 3591 1347 annui—

723 1410 864 1457 mus
911 1396 975 1457 et
1017 1391 1330 1476 prefatum
1376 1390 1687 1477 hospitale
1717 1397 1932 1459 sancte
1960 1390 2158 1458 Marie
2188 1391 2681 1458 Alamannorum
2712 1388 3300 1473 lerosolimitanum,
3344 1387 3417 1453 in
3462 1407 3589 1473 quo

723 1496 936 1563 divino
982 1498 1325 1585 mancipati
1371 1498 1522 1565 estis
1569 1497 1886 1583 obsequio,
1941 1499 2021 1565 ad
2066 1499 2390 1585 exemplar
2432 1498 2633 1565 felicis
2675 1497 3129 1564 recordationis
3174 1494 3477 1563 Gelestini
3520 1500 3591 1561 et

724 1604 1094 1690 Innocentii‚
1149 1604 1658 1691 predecessorum
1703 1612 2083 1692 nostrorum,
2126 1606 2553 1673 Romanorum
2596 1604 2985 1691 pontificum,
3032 1604 3149 1671 sub
3192 1603 3366 1671 beati
3406 1601 3587 1668 Petri

725 1718 790 1779 et
832 1717 1050 1779 nostra
1092 1713 1478 1799 protectione
1523 1714 1898 1801 suscipimus
1954 1718 2019 1781 et
2072 1714 2382 1801 presentis
2440 1712 2659 1799 scripti
2715 1712 3045 1798 privilegio
3098 1712 3583 1793 communimus,

723 1824 1092 1904 statuentes,
1139 1824 1212 1885 ut
1238 1840 1638 1907 quascunque
1684 1822 2131 1907 possessiones,
2179 1840 2545 1906 quecunque
2590 1819 2757 1885 bona
2799 1818 2963 1886 idem
3010 1818 3323 1906 hospitale
3366 1818 3583 1905 inpre—

723 1928 1066 1995 sentiarum
1119 1926 1286 1995 iuste
1339 1933 1404 1995 et
1458 1929 1754 1996 canonice
1808 1929 2089 2015 possidet
2145 1934 2255 1995 aut
2306 1928 2373 1994 in
2418 1927 2700 1994 futurum
2744 1926 3145 1995 concessione
3186 1924 3579 2013 pontificum,

719 2034 1053 2131 largitione
1097 2055 1316 2119 regum
1361 2035 1464 2102 vel
1506 2036 1882 2123 principum,
1931 2034 2245 2102 oblatione
2287 2022 2587 2101 fidelium
2612 2054 2725 2101 seu
2770 2034 2911 2101 aliis
2956 2034 3141 2101 iustis
3184 2034 3393 2101 modis
3432 2053 3577 2119 pre-

722 2148 931 2209 stante
975 2141 1226 2208 domino
1271 2143 1506 2229 poterit
1550 2143 1834 2231 adipisci,
1879 2142 2064 2211 firma
2102 2141 2281 2209 vobis
2324 2142 2675 2227 vestrisque
2721 2142 3181 2209 successoribus
3226 2146 3295 2208 et
3332 2137 3577 2207 illibata

719 2254 1149 2338 permaneant.
1235 2248 1308 2315 In
1365 2248 1590 2335 quibus
1643 2250 1758 2317 hec
1811 2252 2088 2338 propriis
2144 2250 2439 2317 duximus
2478 2249 2909 2336 'exprimenda
2960 2249 3313 2317 vocabulis:
3372 2248 3573 2313 locum

719 2358 929 2446 ipsum
943 2408 962 2445 ,
1018 2358 1086 2425 in
1132 2378 1253 2443 quo
1308 2358 1623 2445 prefatum
1666 2357 1978 2445 hospitale
2022 2358 2215 2425 situm
2261 2361 2383 2442 est,
2443 2377 2585 2423 cum
2634 2357 2922 2424 omnibus
2968 2355 3368 2443 pertinentiis
3412 2356 3573 2437 suis3

722 2466 976 2533 domum
990 2515 1009 2550 ,
1072 2485 1260 2552 quam
1314 2464 1560 2532 habetis
1608 2464 1901 2551 Scalone,
1960 2486 2098 2533 cum
2146 2458 2349 2532 vineis'
2407 2470 2471 2531 et
2515 2464 2803 2532 omnibus
2850 2464 3245 2552 pertinentiis
3290 2462 3457 2545 suis3
3514 2467 3575 2528 et

719 2570 943 2641 Zanzi¹
988 2594 1126 2640 cum
1185 2573 1474 2640 omnibus
1526 2574 1925 2660 pertinentiis
1979 2573 2141 2655 suis3
2200 2579 2263 2640 et
2306 2571 2559 2657 domos,
2618 2592 2774 2657 quas
2829 2572 3077 2639 habetis
3130 2570 3301 2658 apud
3344 2569 3571 2637 Ramas

719 2700 864 2749 cum
910 2680 1198 2747 omnibus
1243 2680 1642 2771 pertinentiis
1687 2682 1848 2763 suis3
1907 2680 2163 2747 domum
2179 2730 2198 2765 ,
2244 2679 2462 2746 vineas
2508 2685 2572 2746 et
2612 2681 3071 2765 possessioneS,
3128 2699 3287 2765 quas
3332 2677 3570 2745 habetis

720 2787 888 2875 apud
942 2782 1236 2874 Iaphaz¹‚
1295 2806 1438 2854 cum
1495 2788 1783 2854 omnibus
1841 2788 2241 2874 pertinentiis
2296 2788 2459 2869 suis3
2519 2787 2801 2872 domum,
2860 2808 3049 2871 quam
3104 2785 3351 2853 habetis
3408 2784 3571 2871 apud

718 2894 935 2961 Accon
988 2895 1339 2979 civitatem,
1395 2914 1540 2961 cum
1597 2894 1886 2962 omnibus
1941 2896 2337 2982 pertinentiis
2395 2894 2557 2976 suis3
2616 2899 2681 2961 et
2736 2893 2943 2961 casale
2996 2894 3075 2961 de
3120 2886 3456 2975 Gafirsin⁸3
3512 2896 3573 2959 et

719 3002 954 3069 voltam
998 3021 1197 3088 prope
1240 3006 1491 3089 portam
1529 3002 1741 3068 sancti
1783 3002 2070 3070 Nicholai
2115 3022 2255 3069 cum
2303 3002 2591 3069 omnibus
2636 3002 3035 3088 pertinentiis
3079 3001 3240 3082 suis3
3296 3000 3568 3082 domum,

720 3129 909 3195 quam
952 3108 1197 3175 habetis
1239 3109 1308 3176 in
1353 3108 1540 3197 Tyr0,
1589 3129 1732 3177 cum
1777 3110 2066 3177 omnibus
2111 3108 2507 3197 pertinentiis
2552 3110 2715 3190 suis;
2772 3108 3048 3193 domum,
3094 3126 3285 3193 quam
3326 3107 3569 3175 habetis

719 3216 890 3304 apud
933 3215 1263 3283 Gesaream
1280 3266 1299 3301 ,
1357 3236 1500 3283 cum
1548 3216 1836 3283 omnibus
1879 3217 2278 3304 pertinentiis
2324 3218 2484 3299 suis3
2543 3216 2778 3301 casale,
2834 3216 3001 3301 quod
3044 3215 3272 3282 dicitur
3314 3210 3567 3293 Bezal⁴3

717 3324 976 3407 curiam,
1023 3344 1212 3409 quam
1256 3323 1524 3391 habetis·
1547 3324 1616 3389 in
1645 3322 1894 3411 Cypro,
1923 3345 2046 3412 que
2090 3326 2317 3392 dicitur
2352 3324 2553 3391 sancti
2584 3322 2859 3408 Georgii,
2906 3342 3046 3389 cum
3094 3321 3385 3388 omnibus
3429 3342 3569 3408 per-

521 3394 532 3412 *
597 3432 608 3447 '
716 3430 1000 3498 tinentiis
1045 3432 1210 3514 suis3
1265 3431 1424 3499 duas
1471 3431 1654 3497 villas
1667 3482 1687 3516 ,
1733 3452 1890 3517 quas
1935 3432 2181 3500 habetis
2223 3433 2292 3498 in
2335 3431 2671 3515 Armenia,
2716 3430 3010 3531 videlicet
3051 3428 3467 3496 Combedefor
3508 3434 3571 3496 et

716 3537 960 3625 Heyon,
1005 3559 1149 3605 cum
1180 3538 1468 3605 omnibus
1514 3539 1911 3625 pertinentiis
1943 3539 2094 3606 suis.
2167 3539 2331 3607 Sane
2362 3538 2681 3605 novalium
2713 3542 3084 3621 vestrorum,
3132 3556 3253 3621 que
3294 3536 3571 3623 propriis

716 3645 1006 3712 manibus
1053 3651 1164 3712 aut
1205 3646 1559 3733 sumptibus
1589 3646 1814 3732 colitis,
1861 3646 1995 3714 sive
2026 3648 2103 3713 de
2131 3646 2534 3731 nutrimentis
2568 3645 2936 3712 animalium
2966 3652 3317 3713 vestrorum
3360 3642 3569 3709 nullus

715 3772 758 3819 a
800 3752 978 3820 vobis
1023 3752 1298 3819 decimas
1343 3754 1594 3837 exigere
1647 3760 1757 3820 aut
1801 3760 2173 3838 extorquere
2228 3759 2569 3840 presumat.
2648 3752 2897 3819 Crisma
2938 3772 3085 3819 vero
3098 3801 3118 3836 ,
3172 3752 3383 3818 oleum
3426 3770 3568 3817 san·

716 3865 908 3944 otum,
954 3860 1449 3927 consecrationes
1495 3860 1788 3927 altarium
1834 3880 1944 3928 seu
1990 3860 2389 3927 basilicarum
2424 3866 2797 3944 vestrarum,
2844 3859 3271 3927 ordinationes
3316 3858 3567 3925 clerico-

713 3988 855 4035 rum
889 3973 1259 4052 vestrorum,
1308 3968 1416 4052 qui
1453 3968 1531 4034 ad
1561 3988 1772 4035 sacros
1819 3968 2071 4035 ordines
2114 3968 2351 4035 fuerint
2396 3966 2827 4055 promovendi,
2874 3971 2940 4033 et
2980 3966 3109 4033 alia
3152 3964 3569 4036 ecclesiastica

715 4081 1111 4141 sacramenta
1157 4098 1196 4141 a
1238 4074 1568 4142 diocesano
1613 4078 1941 4163 episcopo,
1988 4075 2295 4160 siquidem
2342 4076 2684 4143 catholicus
2726 4074 2919 4141 fuerit
2962 4080 3025 4140 et
3067 4073 3338 4156 gratiam
3386 4078 3567 4157 atque

715 4182 1218 4249 communionem
1267 4183 1610 4268 apostolice
1657 4182 1824 4250 sedis
1869 4182 2190 4268 habuerit,
2246 4182 2423 4249 vobis
2468 4184 2666 4267 gratis
2712 4186 2777 4249 et
2820 4180 2956 4247 sine
2999 4182 3315 4268 pravitate
3362 4179 3567 4264 aliqua

713 4289 1098 4377 precipimus
1145 4289 1445 4356 exhiberi.
1517 4289 1919 4377 Sepulturam
1966 4295 2255 4377 preterea
2296 4291 2498 4377 ipsius
2542 4290 2665 4357 loci
2694 4288 2957 4356 liberam
2988 4308 3125 4354 esse
3154 4287 3563 4369 decernimus,

712 4402 786 4463 ut
830 4415 1045 4463 eorum
1090 4395 1408 4463 devotioni
1463 4403 1526 4464 et
1570 4403 1848 4465 extreme
1893 4396 2201 4465 voluntati
2216 4446 2235 4481 ‚
2292 4400 2401 4483 qui
2458 4418 2527 4464 se
2580 4396 2713 4463 illic
2766 4396 3023 4483 sepeliri
3066 4380 3569 4475 deliberaverint,

712 4504 837 4570 nisi
880 4503 1094 4570 forsan
1140 4504 1662 4571 excommunicati
1697 4504 1798 4571 vel
1841 4504 2162 4572 interdicti
2206 4505 2354 4589 sint,
2400 4504 2609 4571 nullus
2655 4503 2940 4589 obsistat,
2998 4502 3173 4569 salva
3216 4508 3431 4569 tamen
3471 4502 3563 4567 iu-

713 4610 899 4679 sticia
940 4610 1191 4677 illarum
1237 4609 1670 4696 ecclesiarum,
1719 4632 1757 4677 a
1803 4610 2027 4697 quibus
2074 4617 2463 4678 mortuorum
2509 4632 2773 4699 corpora
2819 4616 3242 4677 assumuntur.
3308 4609 3413 4677 Ad
3456 4609 3566 4675 hec

713 4719 1172 4813 ordinationem
1214 4716 1443 4785 factam
1491 4718 1555 4785 in
1604 4718 1868 4785 ecclesia
1903 4725 2117 4786 vestra
2158 4720 2339 4785 iuxta
2382 4720 2634 4787 modum
2668 4717 3169 4804 Templariorum
3214 4718 3281 4784 in
3328 4717 3563 4783 clericis

713 4831 779 4893 et
822 4826 1125 4893 militibus
1172 4831 1236 4892 et
1279 4824 1419 4891 aliis
1463 4824 1784 4910 fratribus,
1833 4832 1896 4893 et
1939 4826 2020 4891 ad
2064 4826 2423 4913 exemplum
2460 4824 3031 4912 Hospitalariorum
3073 4825 3143 4891 in
3186 4823 3561 4912 pauperibus

713 4938 778 5001 et
821 4932 1088 5000 infirmis
1101 4982 1120 5017 ,
1177 4932 1340 4999 sicut
1391 4931 1652 5019 provide
1693 4932 1863 4999 facta
1907 4938 2005 5001 est
2050 4938 2114 4999 et
2160 4952 2197 4999 a
2240 4933 2417 5000 vobis
2461 4939 2719 5019 recepta
2763 4938 2827 5000 et
2870 4932 3173 4999 hactenus
3218 4932 3559 5014 observata,

713 5038 1031 5107 devotioni
1075 5046 1283 5107 vestre
1329 5039 1702 5107 auctoritate
1747 5039 2093 5129 apostolica
2138 5039 2599 5109 confirmamus.
2668 5038 2819 5108 Paci
2865 5059 3110 5127 quoque
3154 5044 3221 5106 et
3260 5035 3558 5124 tranquil-
