3892 5609
1295 422 1686 473 pervasam
1733 424 2125 473 emmanu
2984 410 3132 483 337

277 583 358 649 de
401 584 560 669 ipsis
607 582 696 649 eis
741 584 834 649 ita
879 582 1225 650 districtam
1275 584 1576 651 iustitiam
1623 584 1888 671 faciatis,
1937 586 2105 672 quod
2152 586 2317 651 bona
2362 602 2578 651 eorum
2623 602 2737 670 per
2771 578 3138 649 sollicitudi-

277 710 426 757 nem
481 696 758 757 vestram
815 712 852 757 a
907 711 1242 777 pravorum
1301 692 1430 757 sint
1485 693 1812 759 vexatione
1869 695 2101 777 quieta.
2192 692 2296 759 Ad
2348 691 2463 757 hec
2521 690 2904 778 presentium
2961 689 3137 755 vobis

279 800 654 865 auctoritate
696 795 1105 881 iniungimu8‚
1157 804 1232 865 ut
1273 798 1718 885 parrochianos
1763 804 2024 884 vestros,
2074 801 2181 884 qui
2224 800 2292 865 in
2336 799 2561 866 ultima
2604 798 2927 864 voluntate
2974 796 3140 883 apud

279 905 575 972 ecclesias
619 904 1046 991 predictorum
1088 906 1354 971 fratrum
1401 905 1704 989 elegerint
1749 905 2020 993 sepeliri,
2064 908 2191 973 nisi
2237 905 2757 973 excommunicati
2797 903 2895 971 vel
2940 904 3140 969 nomi-

281 1012 481 1078 natim
525 1013 759 1078 fuerint
803 1011 1120 1091 interdicti
1167 1017 1276 1078 aut
1315 1013 1508 1079 etiam
1555 1013 1802 1101 publice
1846 1014 2140 1097 usurarii,
2188 1014 2355 1099 apud
2403 1013 2697 1080 ecclesias
2724 1013 2899 1098 ipsas
2906 1009 3155 1121 ‘sepul--

280 1122 490 1195 turam
545 1118 778 1186 habere
819 1118 1016 1186 libere
1061 1120 1478 1205 permittatis,
1537 1120 1715 1187 salva
1756 1126 1970 1187 tamen
2014 1121 2265 1188 iusticia
2308 1121 2563 1187 illarum
2608 1120 3007 1187 ecclesiarum
3026 1170 3044 1204 ,
3102 1139 3143 1185 a

281 1226 508 1309 quibus
555 1231 944 1293 mortuorum
989 1246 1253 1312 corpora
1297 1231 1718 1294 assumuntur.
1791 1227 2029 1295 Datum
2076 1234 2190 1304 etc.

497 1366 618 1419 Sine
656 1368 800 1419 dato:
835 1368 902 1429 11,
931 1367 1034 1419 114
1067 1386 1120 1419 n.
1144 1367 1213 1419 69
1225 1386 1240 1429 ς
1276 1368 1341 1419 A.
1367 1367 1438 1420 20
1471 1386 1522 1419 n.
1543 1366 1612 1419 '77
1648 1368 1828 1421 Latine
1863 1378 1917 1421 et
1954 1370 2280 1431 Germanice3
2315 1366 2382 1421 D.
2405 1366 2475 1419 78
2512 1366 2825 1421 Germanice.

284 1661 466 1733 410.
508 1662 724 1755 (Inter-
758 1663 934 1731 1216
977 1665 1128 1730 iulii
1162 1666 1251 1730 24
1297 1676 1354 1729 et
1395 1665 1579 1730 1227
1621 1669 1842 1731 mai-tii
1876 1664 2017 1746 18.)
2092 1666 2419 1731 Honorius
2451 1665 2576 1730 III
2611 1665 2889 1730 concedit
2934 1664 3148 1729 ordini

513 1770 923 1871 Theutom'oo,
981 1785 1052 1838 ut
1104 1776 1174 1837 in
1231 1772 1382 1837 locis
1439 1773 1516 1837 de
1562 1771 2027 1838 Saracenorum
2078 1772 2369 1839 manibus
2425 1774 2649 1859 erepte}
2696 1773 2979 1837 ecclesias
3024 1771 3149 1837 soli

507 1901 746 1945 summo
785 1882 1076 1967 pontiflci
1117 1880 1536 1945 subiiciendas
1583 1892 1962 1947 commeant.

509 2020 825 2087 Honorius
884 2021 1216 2109 episcopus
1275 2041 1491 2087 servus
1553 2042 1876 2088 servorum
1936 2020 2038 2088 dei
2095 2008 2340 2087 dilectis
2395 2018 2543 2087 filiis
2599 2070 2616 2087 .
2651 2070 2668 2088 .
2724 2020 3026 2104 magistro
3084 2025 3149 2087 et

283 2128 587 2194 fratribus
631 2128 962 2215 hospitalis
1010 2136 1222 2196 sancte
1251 2126 1450 2195 Marie
1482 2128 2007 2195 Theotonicorum
2049 2127 2528 2195 lerosolimitani
2575 2128 2841 2195 salutem
2888 2133 2953 2194 et
2996 2147 3147 2213 apo-

287 2235 573 2301 stolicam
641 2235 1153 2303 benedictionem.
1467 2234 1712 2313 Quanto
1770 2238 2011 2303 maiora
2072 2256 2185 2321 pro
2246 2236 2603 2302 defensione
2669 2234 3146 2302 christianitatis

287 2342 655 2409 discrimina
701 2343 1044 2427 sustinetis,
1096 2346 1270 2409 tanto
1318 2343 1670 2426 benigniori
1716 2363 1824 2411 vos
1869 2343 2169 2409 debemus
2216 2342 2392 2409 oculo
2438 2342 2671 2409 intueri
2715 2346 2778 2409 et
2820 2342 3146 2426 libencius,

287 2450 398 2517 ubi
428 2470 569 2516 cum
598 2450 850 2516 iusticia
880 2471 1232 2537 possumuS,
1254 2450 1480 2517 vestris
1505 2456 1978 2536 vestrorumque
2008 2450 2351 2517 commodis
2373 2450 2721 2537 providere.
2769 2448 3147 2536 Eapropter‚

289 2553 530 2624 dilecti¹
573 2556 641 2622 in
687 2556 938 2623 domino
983 2557 1119 2642 filii,
1165 2558 1390 2637 vestris
1438 2557 1961 2644 postulationibus
2009 2562 2354 2625 annuentes
2400 2557 2795 2644 presentibus
2827 2556 3002 2623 vobis
3044 2555 3149 2622 lit-

287 2664 444 2731 teris
497 2663 927 2749 indulgemuS‚
991 2670 1064 2731 ut
1119 2666 1186 2731 in
1238 2664 1423 2749 lociS‚
1482 2685 1602 2750 que
1659 2666 1736 2733 de
1783 2666 2274 2733 Sarracenorum
2335 2664 2625 2731 manibus
2670 2664 2959 2751 poteritis
2984 2684 3149 2730 cum

289 2771 527 2839 auxilio
575 2770 822 2838 celestis
867 2773 1075 2855 gracie
1119 2770 1409 2857 liberare,
1456 2773 1510 2838 si
1556 2793 1681 2838 non
1711 2773 1945 2840 fuerint
1975 2773 2154 2841 sedes
2187 2772 2571 2860 episcopales
2602 2773 2666 2838 in
2699 2772 2812 2857 eie,
2856 2771 3149 2837 ecclesias

289 2880 690 2963 construatis,
739 2899 859 2962 que
904 2878 1023 2944 soli
1065 2878 1342 2945 Romane
1389 2878 1646 2946 ecclesie
1692 2881 1960 2947 debeant
2005 2880 2347 2963 subiacere,
2393 2880 2484 2946 ita
2529 2886 2601 2945 ut
2646 2900 2685 2945 a
2726 2878 2898 2945 nullo
2944 2877 3152 2965 prela-

289 2993 498 3053 torum
545 2986 804 3053 ecclesie
848 2991 993 3073 post
1021 2984 1369 3052 Romanum
1417 2986 1774 3072 pontificem
1822 2987 2057 3073 aliquid
2102 2988 2259 3054 iuris
2303 2986 2373 3052 in
2419 2988 2507 3054 eis
2540 2982 2781 3054 valeat²
2811 2984 3149 3051 vendicari.

288 3092 464 3159 Nulli
510 3114 655 3176 ergo
703 3094 956 3160 omnino
1002 3094 1325 3160 hominum
1369 3093 1556 3160 liceat
1599 3094 1760 3161 hanc
1789 3095 2086 3181 paginam
2116 3106 2331 3161 nostre
2362 3093 2780 3161 concessionis
2810 3092 3153 3175 infringere

292 3201 393 3267 vel
438 3202 494 3267 ei
541 3222 698 3267 ausu
744 3201 1076 3267 temerario
1123 3202 1454 3267 contraire.
1533 3200 1602 3267 Si
1648 3201 1787 3285 quis
1833 3208 2042 3268 autem
2089 3201 2206 3268 hoc
2253 3206 2629 3288 attemptare
2674 3199 3149 3287 presumpserit,

291 3308 790 3392 indignationem
849 3308 1295 3393 omnipotentis
1351 3308 1456 3375 dei
1499 3315 1564 3375 et
1621 3309 1943 3376 beatorum
1988 3308 2163 3377 Petri
2210 3314 2273 3375 et
2315 3307 2498 3375 Pauli
2543 3306 2971 3394 apostolorum
3015 3306 3150 3373 eius

293 3436 363 3483 se
405 3414 653 3483 noverit
696 3416 1114 3482 incursurum.
1143 3408 1148 3415 ’
1183 3415 1419 3482 Datum
1467 3420 1584 3483 etc.

507 3557 628 3609 Sine
665 3557 808 3609 dato:
844 3557 897 3620 1,
923 3556 1020 3618 70;
1066 3556 1145 3619 11,
1175 3556 1334 3610 110v.
1371 3574 1422 3609 n.
1448 3556 1543 3621 683
1590 3558 1654 3609 A.
1680 3557 1750 3610 20
1783 3575 1834 3610 n.
1854 3556 1924 3609 66
1964 3558 2145 3609 Latine
2180 3566 2234 3609 et
2268 3556 2612 3617 Germanice3·
2641 3555 2707 3607 D.
2730 3553 2799 3607 67
2837 3554 3153 3608 Germanico.

297 3646 345 3699 1.
383 3645 528 3699 deest
563 3646 604 3698 1.
781 3646 832 3700 2.
869 3646 1072 3699 valeant
1106 3646 1148 3699 L

1406 3764 2037 3775 —————————--—-—

295 3958 477 4028 411.
519 3958 726 4041 (Inter
771 3961 945 4027 1216
987 3962 1137 4026 iulii
1163 3961 1250 4027 24
1295 3974 1352 4027 et
1396 3960 1578 4026 1227
1621 3962 1842 4025 martii
1867 3959 2009 4039 18.)
2073 3960 2399 4027 Honorius
2429 3958 2554 4025 ΙΙΙ
2588 3960 2891 4025 bonorum
2935 3958 3013 4022 ab
3047 3978 3151 4023 or·

519 4070 666 4134 dine
714 4066 1090 4134 Theutonico
1137 4089 1571 4154 possessorum
1607 4071 2054 4153 protectionem
2098 4071 2378 4156 suscepit.

519 4226 835 4293 Honorius
879 4227 1208 4314 episcopus
1254 4210 1495 4293 servus'
1517 4245 1840 4293 servorum
1887 4226 1989 4293 dei
2034 4226 2277 4294 dilectis
2306 4226 2453 4294 filiis
2496 4276 2511 4292 .
2540 4274 2555 4292 .
2602 4225 2904 4308 magistro
2937 4227 3001 4290 et
3027 4223 3156 4288 fra-

295 4335 500 4403 tribus
558 4333 889 4421 hospitalis
947 4338 1161 4401 sancte
1213 4332 1414 4401 Marie
1460 4332 1982 4401 Theotonicorum
2027 4334 2508 4401 Ierosolimitani
2562 4332 2829 4399 salutem
2886 4335 2952 4398 et
3006 4350 3156 4417 apo-

297 4442 586 4510 stolicam
631 4440 1145 4509 benedictionem.
1413 4440 1720 4519 Quociens
1767 4462 1804 4507 a
1850 4442 1999 4509 sede
2045 4441 2387 4529 apostolica
2430 4438 2806 4527 postulatur,
2864 4438 3031 4523 quod
3077 4436 3159 4504 ad

295 4570 518 4637 pacem
563 4549 997 4633 religiosorum
1041 4548 1320 4615 locorum
1364 4548 1625 4635 respicit
1670 4555 1732 4615 et
1760 4550 2131 4635 profectum,
2178 4549 2357 4614 iuxta
2391 4547 2739 4634 petentium
2770 4545 3158 4611 voluntatem

297 4662 786 4724 consentaneum
852 4655 1090 4723 racioni
1156 4655 1424 4722 libenter
1484 4656 1896 4741 apostolicum
1963 4656 2363 4742 impertimur
2418 4672 2739 4720 assensum
2812 4656 2875 4717 et
2930 4652 3159 4718 effectu

295 4769 716 4852 prosequente
771 4762 1174 4848 complemus.
1275 4760 1633 4848 Eapropter
1687 4764 1912 4830 vestris
1972 4764 2154 4829 iustis
2224 4760 2751 4849 postulationibus
2813 4761 3157 4825 annuentes

298 4872 518 4937 domos
565 4876 805 4937 vestros
869 4874 932 4935 et
987 4889 1201 4934 omnes
1259 4867 1415 4934 alias
1459 4875 1700 4935 vestras
1758 4871 2187 4955 possessiones
2244 4890 2353 4937 seu
2408 4888 2771 4954 quecunque
2814 4866 2981 4933 bona
3024 4871 3158 4932 tam

297 4980 398 5045 in·
422 4976 940 5045 decimationibus
998 4996 1186 5061 quam
1241 4976 1306 5041 in
1369 4974 1510 5053 aliis
1555 4975 1742 5043 rebus
1789 4976 2227 5044 ecclesiasticis
2270 4976 2626 5044 racionibus
2670 4974 3005 5063 possidetis
3052 4976 3162 5039 aut

296 5086 365 5153 in
409 5087 692 5153 futurum
737 5088 1059 5171 prestante
1105 5082 1358 5149 domino
1403 5082 1586 5149 iustis
1631 5084 1834 5152 modis
1879 5086 2167 5189 poteritis
2216 5084 2498 5171 adipisci,
2546 5084 2663 5150 sub
2693 5083 2864 5149 beati
2891 5080 3066 5149 Petri
3096 5084 3161 5147 et

2663 5188 2735 5243 22
