3892 5609
619 280 716 353 52
1405 294 1632 340 ’11111οΑ
1681 294 1965 341 ssi-tom.
2038 292 2369 339 Annam.
2440 290 2708 339 crrrms

613 470 942 518 manorum
990 449 1331 518 Ierusalem
1387 456 1449 517 et
1495 451 1707 519 Sicilie
1753 472 1868 519 rex
1914 451 2080 518 dicte
2126 451 2341 517 domui
2386 450 2647 515 donavit
2690 455 2760 516 et
2798 448 3108 517 concessit
3152 468 3266 534 pro
3310 448 3501 515 feudo

613 578 776 641 meo,
825 557 990 644 quod
1033 558 1319 641 legitima
1361 561 1754 626 successione
1783 560 2023 625 matris
2070 578 2227 642 mee,
2274 554 2428 623 filie¹
2462 557 2711 623 comitis
2742 554 3059 641 Iozcelini,
3108 576 3210 621 me
3256 556 3502 623 contin-

613 664 818 747 gebat.
902 663 1106 730 Huius
1151 664 1324 731 feudi
1370 666 1603 733 casalia
1647 672 1797 733 sunt
1837 666 1983 732 hec:
2044 665 2285 731 scilicet
2326 663 2610 749 Mobilir,
2660 662 2827 747 quod
2872 662 3086 728 datum
3136 669 3233 729 est
3276 664 3345 728 in
3391 682 3502 728 ex-

615 770 931 838 cambium
975 771 1132 837 mihi
1179 778 1242 838 et
1284 772 1620 841 heredibus
1665 774 1826 840 meis
1855 793 1973 860 pro
2004 771 2231 838 Trefile
2261 777 2325 838 et
2364 778 2570 838 castro
2602 789 2786 853 novo,
2835 768 3003 854 quod
3034 768 3264 836 dicitur
3292 768 3500 835 Mont-

613 878 771 961 fort,
829 878 998 963 quod
1057 879 1254 945 eciam
1313 878 1534 947 eadem
1592 880 1816 947 domus
1869 878 2175 963 firmavit,
2238 880 2327 945 ita
2372 884 2444 944 ut
2487 876 2643 944 illud
2690 882 2967 943 castrum
3015 876 3242 943 debeat
3286 876 3502 942 domui

614 989 920 1071 perpetuo
965 1005 1312 1071 remanere,
1361 991 1426 1054 et
1470 1008 1586 1074 pro
1618 994 1755 1053 orto
1795 991 1859 1053 et
1885 985 2269 1070 molendin0,
2316 1005 2437 1071 que
2482 990 2633 1051 sunt
2675 984 2743 1050 in
2789 984 3195 1084 pertinenciis
3239 983 3315 1049 de
3348 982 3501 1048 Tre-

613 1089 738 1175 file,
787 1096 851 1158 01
893 1112 1010 1177 pro
1057 1092 1198 1159 aliis
1243 1093 1578 1177 casalibuS,
1627 1114 1747 1179 que
1791 1094 2166 1159 nominatim
2213 1092 2649 1179 exprimimus,
2696 1090 2937 1157 scilicet
2978 1089 3157 1158 Ialim
3206 1094 3272 1156 et
3300 1088 3501 1155 Thar-

615 1197 820 1265 bucha
877 1204 940 1265 et
986 1198 1296 1267 Tarbosta
1339 1206 1405 1267 et
1451 1200 1616 1267 Sura
1661 1206 1726 1267 et
1767 1200 2013 1267 Beauer
2058 1205 2123 1265 et
2166 1199 2470 1265 Camesru
2518 1205 2583 1265 et
2627 1199 2989 1265 Tetramme
3035 1201 3099 1263 et
3142 1195 3193 1261 F
3196 1216 3389 1263 onnes
3438 1200 3504 1261 et

615 1302 868 1371 Tersias
917 1310 982 1372 et
1025 1304 1206 1373 Ianot
1250 1313 1314 1373 et
1359 1305 1517 1374 Getz
1565 1313 1630 1373 01
1674 1306 1964 1374 Gabbara
2008 1311 2073 1373 et
2114 1328 2243 1373 una
2286 1306 2570 1389 gastina,
2627 1324 2747 1395 que
2794 1304 3025 1371 dicitur
3070 1302 3390 1389 Camesie,
3436 1308 3505 1369 01

505 1460 510 1474 .
614 1409 819 1477 Iunite
866 1418 929 1479 et
972 1411 1210 1478 Blutun
1257 1418 1320 1480 et
1361 1435 1490 1481 una
1535 1414 1660 1481 alia
1703 1413 1988 1498 gastina,
2048 1434 2169 1498 que
2213 1414 2443 1479 dicitur
2490 1412 2807 1496 Hemelie,
2866 1432 2986 1496 que
3044 1416 3142 1478 est
3190 1412 3257 1476 in
3304 1409 3503 1497 perti-

613 1519 856 1584 nenciis
904 1518 982 1584 de
1026 1517 1247 1585 Ianoth
1307 1526 1371 1586 et
1417 1520 1711 1587 Castrum
1753 1520 1975 1604 Regis,
2036 1519 2228 1587 salvis
2282 1526 2499 1586 tamen
2543 1518 2865 1602 omnibus,
2922 1538 3043 1603 que
3088 1518 3393 1601 magister
3438 1522 3507 1583 et

617 1623 840 1691 domus
884 1625 1173 1711 predicta
1218 1626 1744 1694 Theutonicorum
1803 1627 2107 1693 tenebant
2148 1628 2213 1692 in
2262 1625 2551 1693 domibus
2596 1627 2729 1693 sive
2775 1626 2965 1691 terris
3010 1626 3143 1691 sive
3188 1625 3387 1690 vineis
3431 1624 3503 1688 in

615 1731 980 1798 tenimentis
1027 1733 1305 1799 eiusdem
1337 1732 1546 1801 Castri
1575 1734 1786 1817 Regis,
1834 1734 2201 1820 priusquam
2246 1733 2417 1799 illius
2460 1738 2627 1808 terre
2658 1732 3007 1799 dominium
3037 1732 3391 1814 habuerint,
3438 1736 3505 1797 et

617 1838 809 1905 salvis
857 1838 1168 1925 omnibuS,
1215 1861 1338 1925 que
1382 1862 1498 1927 pro
1543 1862 1762 1909 eorum
1807 1841 2115 1928 peccunia
2144 1846 2669 1926 comparaverant
2714 1845 2777 1905 et
2822 1860 2945 1925 que
2976 1840 3189 1906 domui
3220 1838 3504 1925 predicte

614 1946 682 2011 in
738 1944 1190 2013 helemosinam
1250 1948 1399 2015 data
1461 1948 1714 2013 fuerant
1779 1949 1849 2013 in
1905 1948 2230 2032 domibus,
2288 1946 2477 2013 terris
2534 1952 2599 2012 et
2652 1947 2873 2013 vineis.
2966 1946 3291 2014 Predictos
3349 1964 3501 2010 vero

615 2052 928 2120 bisancios
987 2054 1183 2121 debeo
1229 2060 1293 2120 et
1350 2054 1612 2121 heredes
1667 2055 1791 2121 mei
1838 2056 2123 2140 recipere
2166 2055 2236 2120 in
2279 2055 2587 2124 reditibus
2634 2055 2897 2123 00111000
2944 2060 3009 2121 01
3050 2053 3243 2119 funde
3287 2051 3503 2118 Acko-

613 2161 904 2227 nensium
954 2161 1282 2227 annuatim
1311 2162 1391 2227 de
1417 2162 1622 2228 tribus
1666 2162 1733 2227 in
1769 2167 1900 2228 tres
1929 2182 2199 2244 menseS,
2247 2161 2543 2229 videlicet
2585 2163 2653 2227 in
2698 2167 2965 2245 utroque
3006 2160 3279 2226 termino
3325 2158 3503 2225 mille

617 2273 682 2333 et
726 2267 804 2333 dc
849 2268 1181 2335 bisancios.
1250 2266 1394 2337 Etsi
1437 2268 1774 2351 contigerit
1801 2269 1904 2335 vel
1945 2289 2063 2355 per
2094 2268 2415 2335 dominum
2462 2270 2645 2353 regni
2676 2266 3161 2335 lerosolimitani
3208 2270 3320 2333 aut
3348 2286 3503 2351 quo-

617 2394 861 2459 cunque
906 2375 1094 2440 modo
1139 2396 1240 2443 me
1286 2376 1401 2441 hos
1432 2374 1745 2442 bisancios
1775 2393 1900 2441 non
1933 2376 2233 2461 recipere,
2280 2376 2583 2459 magister
2613 2376 3013 2441 Hermannus
3048 2373 3146 2441 vel
3178 2392 3503 2439 successor

617 2482 753 2547 eius
801 2486 864 2546 01
907 2480 1130 2547 domus
1176 2481 1462 2567 predicta
1490 2480 2019 2548 Theutonicorum
2066 2486 2315 2549 tenetur
2344 2482 2513 2549 infra
2556 2502 2670 2549 sex
2714 2501 2964 2549 menses
3009 2480 3166 2547 mihi
3195 2479 3298 2546 vel
3342 2481 3501 2547 meis

614 2587 952 2654 heredibus
982 2587 1228 2672 integre
1261 2588 1622 2676 persolvere
1651 2589 1779 2654 tria
1807 2588 1985 2654 milia
2026 2594 2091 2655 01
2131 2608 2201 2655 00
2230 2589 2545 2656 bisancios
2576 2594 3031 2655 sarracenatos.
3088 2588 3177 2654 Et
3206 2589 3261 2655 si
3293 2592 3501 2653 trans-

618 2696 774 2761 actis
805 2715 917 2761 sex
949 2695 1272 2762 mensibus
1316 2696 1484 2762 infra
1514 2695 1649 2763 dies
1679 2696 1796 2761 xx“
1827 2696 2143 2763 bisancios
2190 2696 2539 2763 antedictos
2576 2695 2733 2761 mihi
2766 2715 2893 2762 non
2928 2694 3249 2777 solverint,
3296 2694 3501 2761 dictus

615 2802 921 2885 magister
966 2802 1366 2869 Hermannus
1425 2807 1490 2870 et
1543 2802 1767 2869 domus
1813 2802 2339 2869 Theutonicorum
2399 2809 2691 2871 tenentur
2748 2802 2905 2869 mihi
2950 2802 3052 2868 vel
3108 2804 3267 2869 meis
3324 2802 3501 2869 11010-

619 2908 801 2976 dibus
860 2909 1194 2975 restituere
1253 2910 1498 2993 integre
1545 2916 1608 2976 et
1663 2910 1798 2975 sine
1845 2910 2337 2977 contradictione
2394 2915 2597 2975 totum
2651 2909 2908 2977 feudum
2962 2908 3253 2995 superius
3296 2910 3501 2975 nomi-

619 3021 842 3083 natum
889 3022 1152 3103 excepto
1199 3022 1405 3083 castro
1451 3015 1776 3097 Montfort,
1835 3016 2001 3101 quod
2047 3016 2263 3082 domui
2308 3017 2473 3083 dicte
2520 3016 2707 3083 debet
2748 3037 3097 3100 remanere,
3152 3016 3299 3101 quia
3344 3014 3501 3081 illud

619 3143 735 3211 pro
781 3124 1007 3207 casali,
1068 3123 1236 3209 quod
1281 3122 1512 3189 dicitur
1556 3122 1842 3207 Mobilis,
1907 3122 2124 3189 datum
2173 3129 2271 3189 est
2325 3124 2391 3189 in
2446 3124 2872 3207 excambium,
2930 3129 2994 3189 et
3038 3123 3117 3189 ad
3164 3122 3285 3189 hoc
3326 3123 3504 3189 curia

619 3232 788 3314 regis
846 3248 952 3297 eos
1009 3252 1123 3318 per
1168 3230 1484 3296 iusticiam
1543 3229 1882 3311 coartabit,
1943 3230 1999 3296 si
2054 3230 2483 3297 contradicere
2528 3229 2791 3314 vellent,
2852 3236 2917 3297 et
2972 3230 3203 3297 debent
3254 3248 3357 3295 me
3400 3227 3503 3295 vel

619 3336 884 3404 heredes
929 3358 1103 3403 meos
1149 3337 1403 3402 mittere
1457 3336 1526 3401 in
1575 3337 1864 3403 assisiam
1909 3336 2081 3403 feudi
2136 3337 2465 3421 antedicti,
2524 3336 2800 3421 cambio,
2856 3337 3024 3421 quod
3080 3324 3268 3403 inter'
3290 3356 3393 3403 me
3440 3341 3505 3402 et

619 3445 795 3530 ipsos
840 3444 1078 3510 factum
1123 3444 1352 3525 fuerat,
1398 3443 1652 3529 penitus
1699 3443 2104 3525 adnichilatO,
2150 3444 2242 3511 ita
2272 3443 2440 3528 quod
2485 3442 2748 3511 bisancii
2786 3444 3073 3529 predicti,
3121 3442 3363 3509 scilicet
3389 3462 3501 3509 sex

619 3552 802 3617 milia
830 3556 896 3617 et
925 3549 1362 3635 quadraginta,
1407 3549 1487 3616 ad
1517 3550 1740 3616 domus
1772 3550 1935 3617 dicte
1966 3570 2150 3616 usum
2182 3550 2615 3618 remanebunt.
2674 3549 2799 3615 Pro
2829 3551 3031 3617 tribus
3061 3571 3212 3617 vero
3244 3550 3501 3616 milibus

623 3664 689 3725 01
717 3658 1000 3724 ducentis
1031 3656 1330 3723 bisanciis
1374 3656 1532 3723 mihi
1575 3676 1701 3723 non
1749 3656 1971 3723 solutis
2014 3657 2183 3723 infra
2210 3657 2345 3724 dies
2376 3658 2493 3722 xx²¹
2524 3659 2814 3743 proximo
2846 3658 3296 3743 subsequentes
3326 3662 3501 3723 tene·

622 3770 728 3831 tur
771 3764 1073 3848 magister
1105 3762 1462 3829 Hermanus
1509 3763 1610 3830 vel
1655 3783 1981 3831 successor
2026 3764 2161 3831 eius
2206 3770 2271 3829 et
2302 3763 2471 3831 dicta
2514 3764 2737 3831 domus
2770 3764 3299 3831 Theutonicorum
3346 3762 3504 3831 mihi

625 3877 691 3939 01
731 3872 890 3937 meis
935 3870 1272 3939 heredibus
1317 3872 1442 3937 tria
1489 3870 1654 3937 dicte
1699 3870 1921 3937 domus
1970 3870 2204 3937 casalia
2232 3871 2301 3936 in
2330 3871 2595 3959 pignore
2626 3870 2924 3955 obligare,
2972 3870 3213 3937 scilicet
3240 3870 3498 3953 Erchat,

625 3978 864 4065 Saphet
909 3984 973 4045 et
998 3978 1229 4061 Ancre,
1277 3976 1392 4045 tali
1435 3978 1814 4063 conditione,
1863 3978 2032 4063 quod
2074 3980 2131 4044 si
2177 3977 2345 4044 infra
2388 3976 2721 4045 dimidium
2764 3998 2999 4045 annum
3028 3978 3186 4043 mihi
3215 3978 3317 4045 vel
3344 3979 3505 4045 meis

622 4084 960 4151 heredibus
1017 4105 1144 4161 non
1189 4084 1494 4151 solverint
1538 4084 1852 4153 bisancios
1896 4086 2287 4169 nominatoS,
2343 4084 2589 4152 licitum
2642 4085 2728 4151 sit
2770 4084 2928 4151 mihi
2974 4085 3074 4152 vel
3116 4086 3279 4152 meis
3322 4083 3503 4152 here-

625 4191 810 4258 dibus
876 4190 1163 4278 predicta
1221 4192 1346 4258 tria
1400 4192 1634 4259 casalia
1687 4192 1756 4260 in
1811 4192 2170 4259 vadimonio
2225 4214 2461 4280 ponere
2518 4198 2631 4259 aut
2685 4193 2988 4277 vendere,
3054 4192 3150 4259 ita
3201 4196 3275 4260 ut
3328 4211 3503 4259 meos

624 4298 938 4366 bisancios
993 4297 1142 4367 inde
1195 4298 1534 4366 rehabeam
1591 4300 1830 4385 absque
1873 4298 2369 4367 contradictione
2414 4299 2678 4366 alicuius
2722 4304 3025 4385 tanquam
3068 4318 3282 4365 meum
3328 4298 3507 4365 vadi-

621 4405 908 4472 monium
965 4404 1140 4470 salvo
1186 4425 1302 4491 per
1347 4406 1560 4472 omnia
1603 4406 1900 4491 servici0,
1959 4408 2123 4494 quod
2172 4427 2286 4490 ego
2330 4405 2432 4473 vel
2475 4408 2604 4473 mei
2649 4406 2911 4473 heredes
2956 4411 3246 4473 tenemur
3291 4406 3505 4473 domui

622 4512 773 4579 inde
815 4512 1021 4579 facere
1067 4512 1522 4597 prenominato,
1577 4514 1712 4580 sive
1757 4513 2055 4581 bisanciis
2102 4514 2237 4581 sive
2282 4519 2453 4581 terra
2498 4516 2919 4600 perfruantur.
3006 4514 3091 4581 Ut
3134 4520 3345 4581 autem
3392 4513 3507 4580 hec

626 4621 869 4703 omnia,
926 4640 1046 4704 que
1092 4619 1456 4707 supradicta
1499 4626 1666 4703 sunt,
1711 4619 1898 4686 firma
1943 4626 2007 4687 01
2048 4621 2419 4687 inconvulsa
2461 4626 2895 4709 permaneant,
2942 4641 3203 4707 presens
3247 4620 3507 4708 privile-

624 4728 800 4810 gium
856 4747 996 4792 meo
1051 4726 1258 4809 sigillo
1306 4726 1670 4792 roboratum
1727 4728 1819 4793 eis
1873 4727 2130 4795 tradidi.
2224 4728 2443 4795 Testes
2480 4747 2635 4815 ,vero
2690 4733 2870 4793 sunt:
2938 4726 3137 4794 frater
3179 4726 3505 4813 Ludolfus,

623 4838 776 4901 tunc
832 4834 1136 4920 temporis
1200 4832 1606 4900 comendator
1661 4854 1959 4919 magnus3
2024 4834 2223 4901 frater
2282 4833 2675 4919 Guntherus,
2734 4840 2883 4901 tunc
2940 4836 3241 4921 temporis
3297 4854 3507 4901 mare-

626 4939 900 5023 scalcus;
955 4940 1153 5013 frater
1197 4940 1600 5025 counradus,
1657 4942 2051 5029 trapparius3
2110 4942 2307 5009 frater
2362 4941 2708 5026 Henricus,
2766 4941 3248 5028 hospitalarius3
3308 4942 3508 5009 frater
