<?xml version="1.0" encoding="UTF-8"?>
<!DOCTYPE html PUBLIC "-//W3C//DTD XHTML 1.0 Transitional//EN"
    "http://www.w3.org/TR/xhtml1/DTD/xhtml1-transitional.dtd">
<html xmlns="http://www.w3.org/1999/xhtml" xml:lang="en" lang="en">
 <head>
  <title>
</title>
<meta http-equiv="Content-Type" content="text/html;charset=utf-8" />
  <meta name='ocr-system' content='tesseract 3.04.00' />
  <meta name='ocr-capabilities' content='ocr_page ocr_carea ocr_par ocr_line ocrx_word'/>
</head>
<body>
  <div class='ocr_page' id='page_1' title='image "./tabulaeordinist00stregoog_0464.png"; bbox 0 0 3892 5609; ppageno 0'>
   <div class='ocr_carea' id='block_1_1' title="bbox 724 329 2603 401">
    <p class='ocr_par' dir='ltr' id='par_1_1' title="bbox 724 329 2603 401">
     <span class='ocr_line' id='line_1_1' title="bbox 724 329 2603 401; baseline -0.005 -2"><span class='ocrx_word' id='word_1_1' title='bbox 724 329 874 401; x_wconf 88' lang='lat'><strong>448</strong></span> <span class='ocrx_word' id='word_1_2' title='bbox 1693 341 2117 390; x_wconf 69' lang='lat' dir='ltr'><strong>Pon-rnucum</strong></span> <span class='ocrx_word' id='word_1_3' title='bbox 2158 341 2603 390; x_wconf 68' lang='lat' dir='ltr'><strong>Roufflontm</strong></span> 
     </span>
    </p>
   </div>
   <div class='ocr_carea' id='block_1_2' title="bbox 719 493 3597 1122">
    <p class='ocr_par' dir='ltr' id='par_1_2' title="bbox 719 493 3597 1122">
     <span class='ocr_line' id='line_1_2' title="bbox 721 493 3593 586; baseline -0.003 -18"><span class='ocrx_word' id='word_1_4' title='bbox 721 499 1178 568; x_wconf 85' lang='lat' dir='ltr'><strong>communimus</strong></span> <span class='ocrx_word' id='word_1_5' title='bbox 1225 499 1585 586; x_wconf 79' lang='lat' dir='ltr'><strong>supplentes</strong></span> <span class='ocrx_word' id='word_1_6' title='bbox 1630 520 1846 567; x_wconf 89' lang='lat' dir='ltr'><strong>omnes</strong></span> <span class='ocrx_word' id='word_1_7' title='bbox 1893 501 2202 585; x_wconf 83' lang='lat' dir='ltr'><strong>defectus,</strong></span> <span class='ocrx_word' id='word_1_8' title='bbox 2264 501 2318 566; x_wconf 89' lang='lat' dir='ltr'><strong>si</strong></span> <span class='ocrx_word' id='word_1_9' title='bbox 2377 502 2485 585; x_wconf 92' lang='lat' dir='ltr'><strong>qui</strong></span> <span class='ocrx_word' id='word_1_10' title='bbox 2528 501 2847 566; x_wconf 74' lang='lat' dir='ltr'><strong>commissi</strong></span> <span class='ocrx_word' id='word_1_11' title='bbox 2890 501 3124 567; x_wconf 85' lang='lat' dir='ltr'><strong>fuerint</strong></span> <span class='ocrx_word' id='word_1_12' title='bbox 3170 500 3235 564; x_wconf 91' lang='lat' dir='ltr'><strong>in</strong></span> <span class='ocrx_word' id='word_1_13' title='bbox 3282 497 3533 564; x_wconf 86' lang='lat' dir='ltr'><strong>eisdem</strong></span> <span class='ocrx_word' id='word_1_14' title='bbox 3546 493 3593 560; x_wconf 73' lang='lat'><strong>⁸.</strong></span> 
     </span>
     <span class='ocr_line' id='line_1_3' title="bbox 719 607 3597 695; baseline -0.002 -21"><span class='ocrx_word' id='word_1_15' title='bbox 719 607 892 674; x_wconf 88' lang='lat' dir='ltr'><strong>Nulli</strong></span> <span class='ocrx_word' id='word_1_16' title='bbox 939 627 1086 690; x_wconf 85' lang='lat' dir='ltr'><strong>ergo</strong></span> <span class='ocrx_word' id='word_1_17' title='bbox 1132 607 1385 672; x_wconf 90' lang='lat' dir='ltr'><strong>omnino</strong></span> <span class='ocrx_word' id='word_1_18' title='bbox 1429 607 1753 673; x_wconf 89' lang='lat' dir='ltr'><strong>hominum</strong></span> <span class='ocrx_word' id='word_1_19' title='bbox 1798 608 1986 675; x_wconf 87' lang='lat' dir='ltr'><strong>liceat</strong></span> <span class='ocrx_word' id='word_1_20' title='bbox 2029 608 2191 674; x_wconf 89' lang='lat' dir='ltr'><strong>hanc</strong></span> <span class='ocrx_word' id='word_1_21' title='bbox 2232 608 2529 695; x_wconf 84' lang='lat' dir='ltr'><strong>paginam</strong></span> <span class='ocrx_word' id='word_1_22' title='bbox 2562 613 2773 674; x_wconf 89' lang='lat' dir='ltr'><strong>nostre</strong></span> <span class='ocrx_word' id='word_1_23' title='bbox 2808 607 3301 674; x_wconf 87' lang='lat' dir='ltr'><strong>confirmationis</strong></span> <span class='ocrx_word' id='word_1_24' title='bbox 3332 611 3401 671; x_wconf 88' lang='lat' dir='ltr'><strong>et</strong></span> <span class='ocrx_word' id='word_1_25' title='bbox 3430 625 3597 689; x_wconf 86' lang='lat' dir='ltr'><strong>sup-</strong></span> 
     </span>
     <span class='ocr_line' id='line_1_4' title="bbox 721 713 3595 802; baseline -0.002 -21"><span class='ocrx_word' id='word_1_26' title='bbox 721 714 1023 802; x_wconf 89' lang='lat' dir='ltr'><strong>plementi</strong></span> <span class='ocrx_word' id='word_1_27' title='bbox 1067 714 1408 797; x_wconf 82' lang='lat' dir='ltr'><strong>infringere</strong></span> <span class='ocrx_word' id='word_1_28' title='bbox 1454 714 1554 781; x_wconf 87' lang='lat' dir='ltr'><strong>vel</strong></span> <span class='ocrx_word' id='word_1_29' title='bbox 1599 735 1753 780; x_wconf 90' lang='lat' dir='ltr'><strong>ausu</strong></span> <span class='ocrx_word' id='word_1_30' title='bbox 1799 714 2132 781; x_wconf 90' lang='lat' dir='ltr'><strong>temerario</strong></span> <span class='ocrx_word' id='word_1_31' title='bbox 2163 715 2492 781; x_wconf 87' lang='lat' dir='ltr'><strong>contraire.</strong></span> <span class='ocrx_word' id='word_1_32' title='bbox 2562 714 2628 780; x_wconf 88' lang='lat' dir='ltr'><strong>Si</strong></span> <span class='ocrx_word' id='word_1_33' title='bbox 2660 716 2799 799; x_wconf 89' lang='lat' dir='ltr'><strong>quis</strong></span> <span class='ocrx_word' id='word_1_34' title='bbox 2846 721 3053 780; x_wconf 87' lang='lat' dir='ltr'><strong>autem</strong></span> <span class='ocrx_word' id='word_1_35' title='bbox 3099 713 3219 780; x_wconf 89' lang='lat' dir='ltr'><strong>hoc</strong></span> <span class='ocrx_word' id='word_1_36' title='bbox 3264 717 3595 779; x_wconf 82' lang='lat' dir='ltr'><strong>attentare</strong></span> 
     </span>
     <span class='ocr_line' id='line_1_5' title="bbox 722 817 3595 909; baseline -0.002 -21"><span class='ocrx_word' id='word_1_37' title='bbox 722 823 1204 908; x_wconf 79' lang='lat' dir='ltr'><strong>presumpserit,</strong></span> <span class='ocrx_word' id='word_1_38' title='bbox 1277 821 1768 904; x_wconf 81' lang='lat' dir='ltr'><strong>indignationem</strong></span> <span class='ocrx_word' id='word_1_39' title='bbox 1841 822 2285 909; x_wconf 86' lang='lat' dir='ltr'><strong>omnipotentis</strong></span> <span class='ocrx_word' id='word_1_40' title='bbox 2352 823 2453 888; x_wconf 89' lang='lat' dir='ltr'><strong>dei</strong></span> <span class='ocrx_word' id='word_1_41' title='bbox 2522 827 2585 889; x_wconf 91' lang='lat' dir='ltr'><strong>et</strong></span> <span class='ocrx_word' id='word_1_42' title='bbox 2658 821 2981 888; x_wconf 87' lang='lat' dir='ltr'><strong>beatorum</strong></span> <span class='ocrx_word' id='word_1_43' title='bbox 3038 820 3209 887; x_wconf 88' lang='lat' dir='ltr'><strong>Petri</strong></span> <span class='ocrx_word' id='word_1_44' title='bbox 3278 827 3345 886; x_wconf 88' lang='lat' dir='ltr'><strong>et</strong></span> <span class='ocrx_word' id='word_1_45' title='bbox 3398 817 3595 886; x_wconf 87' lang='lat' dir='ltr'><strong>Pauli</strong></span> 
     </span>
     <span class='ocr_line' id='line_1_6' title="bbox 723 926 3591 1016; baseline -0.001 -22"><span class='ocrx_word' id='word_1_46' title='bbox 723 929 1144 1016; x_wconf 85' lang='lat' dir='ltr'><strong>apostolorum</strong></span> <span class='ocrx_word' id='word_1_47' title='bbox 1195 929 1326 994; x_wconf 89' lang='lat' dir='ltr'><strong>eius</strong></span> <span class='ocrx_word' id='word_1_48' title='bbox 1373 949 1440 994; x_wconf 90' lang='lat' dir='ltr'><strong>se</strong></span> <span class='ocrx_word' id='word_1_49' title='bbox 1483 931 1729 996; x_wconf 88' lang='lat' dir='ltr'><strong>noverit</strong></span> <span class='ocrx_word' id='word_1_50' title='bbox 1771 931 2187 996; x_wconf 88' lang='lat' dir='ltr'><strong>incursurum.</strong></span> <span class='ocrx_word' id='word_1_51' title='bbox 2264 929 2497 996; x_wconf 90' lang='lat' dir='ltr'><strong>Datum</strong></span> <span class='ocrx_word' id='word_1_52' title='bbox 2544 929 2741 996; x_wconf 89' lang='lat' dir='ltr'><strong>Rome</strong></span> <span class='ocrx_word' id='word_1_53' title='bbox 2786 929 2952 1016; x_wconf 86' lang='lat' dir='ltr'><strong>apud</strong></span> <span class='ocrx_word' id='word_1_54' title='bbox 2998 933 3289 995; x_wconf 86' lang='lat' dir='ltr'><strong>sanctum</strong></span> <span class='ocrx_word' id='word_1_55' title='bbox 3318 926 3591 994; x_wconf 86' lang='lat' dir='ltr'><strong>Petrum</strong></span> 
     </span>
     <span class='ocr_line' id='line_1_7' title="bbox 720 1034 2424 1122; baseline 0 -20"><span class='ocrx_word' id='word_1_56' title='bbox 720 1037 862 1103; x_wconf 91' lang='lat' dir='ltr'><strong>idus</strong></span> <span class='ocrx_word' id='word_1_57' title='bbox 910 1035 1126 1122; x_wconf 80' lang='lat' dir='ltr'><strong>aprilis</strong></span> <span class='ocrx_word' id='word_1_58' title='bbox 1171 1034 1570 1122; x_wconf 86' lang='lat' dir='ltr'><strong>pontificatus</strong></span> <span class='ocrx_word' id='word_1_59' title='bbox 1614 1038 1814 1104; x_wconf 85' lang='lat' dir='ltr'><strong>nostri</strong></span> <span class='ocrx_word' id='word_1_60' title='bbox 1861 1057 2024 1103; x_wconf 85' lang='lat' dir='ltr'><strong>anno</strong></span> <span class='ocrx_word' id='word_1_61' title='bbox 2078 1037 2424 1103; x_wconf 89' lang='lat' dir='ltr'><strong>undecimo.</strong></span> 
     </span>
    </p>
   </div>
   <div class='ocr_carea' id='block_1_3' title="bbox 930 1172 3591 1244">
    <p class='ocr_par' dir='ltr' id='par_1_3' title="bbox 930 1172 3591 1244">
     <span class='ocr_line' id='line_1_8' title="bbox 930 1172 3591 1244; baseline -0.002 -17"><span class='ocrx_word' id='word_1_62' title='bbox 930 1176 1038 1227; x_wconf 89' lang='lat' dir='ltr'><strong>Ioh.</strong></span> <span class='ocrx_word' id='word_1_63' title='bbox 1063 1177 1149 1226; x_wconf 84' lang='lat'><strong>41.</strong></span> <span class='ocrx_word' id='word_1_64' title='bbox 1205 1175 1334 1226; x_wconf 79' lang='lat' dir='ltr'><strong>Edd.</strong></span> <span class='ocrx_word' id='word_1_65' title='bbox 1361 1175 1626 1228; x_wconf 81' lang='lat' dir='ltr'><strong>Caorsinus</strong></span> <span class='ocrx_word' id='word_1_66' title='bbox 1663 1193 1705 1228; x_wconf 87' lang='lat' dir='ltr'><strong>c.</strong></span> <span class='ocrx_word' id='word_1_67' title='bbox 1727 1178 1759 1228; x_wconf 82' lang='lat'>6</span> <span class='ocrx_word' id='word_1_68' title='bbox 1769 1196 1786 1238; x_wconf 70' lang='grc' dir='ltr'><strong><em>ς</em></strong></span> <span class='ocrx_word' id='word_1_69' title='bbox 1822 1177 2018 1228; x_wconf 86' lang='lat' dir='ltr'><strong>Senner</strong></span> <span class='ocrx_word' id='word_1_70' title='bbox 2040 1177 2096 1228; x_wconf 69' lang='lat'><strong>1³¹.</strong></span> <span class='ocrx_word' id='word_1_71' title='bbox 2124 1195 2169 1227; x_wconf 72' lang='grc' dir='ltr'><strong>ν.</strong></span> <span class='ocrx_word' id='word_1_72' title='bbox 2184 1195 2199 1238; x_wconf 84' lang='grc'><strong>;</strong></span> <span class='ocrx_word' id='word_1_73' title='bbox 2236 1177 2462 1228; x_wconf 82' lang='lat' dir='ltr'><strong>Duellius</strong></span> <span class='ocrx_word' id='word_1_74' title='bbox 2498 1177 2549 1228; x_wconf 88' lang='lat' dir='ltr'><strong>in</strong></span> <span class='ocrx_word' id='word_1_75' title='bbox 2574 1177 2855 1244; x_wconf 77' lang='lat' dir='ltr'><strong>appendice</strong></span> <span class='ocrx_word' id='word_1_76' title='bbox 2884 1177 2951 1228; x_wconf 91' lang='lat'><strong>10</strong></span> <span class='ocrx_word' id='word_1_77' title='bbox 2982 1194 3033 1227; x_wconf 90' lang='lat' dir='ltr'><strong>n.</strong></span> <span class='ocrx_word' id='word_1_78' title='bbox 3057 1176 3116 1227; x_wconf 90' lang='lat'><strong>11</strong></span> <span class='ocrx_word' id='word_1_79' title='bbox 3158 1173 3311 1225; x_wconf 80' lang='lat' dir='ltr'><strong>valde</strong></span> <span class='ocrx_word' id='word_1_80' title='bbox 3332 1172 3591 1224; x_wconf 80' lang='lat' dir='ltr'><strong>mutilum.</strong></span> 
     </span>
    </p>
   </div>
   <div class='ocr_carea' id='block_1_4' title="bbox 721 1261 3589 1508">
    <p class='ocr_par' dir='ltr' id='par_1_4' title="bbox 721 1261 3589 1508">
     <span class='ocr_line' id='line_1_9' title="bbox 723 1261 3589 1333; baseline -0.002 -15"><span class='ocrx_word' id='word_1_81' title='bbox 723 1265 798 1318; x_wconf 79' lang='lat' dir='ltr'><strong>cf.</strong></span> <span class='ocrx_word' id='word_1_82' title='bbox 823 1283 872 1316; x_wconf 89' lang='grc'><strong>11.</strong></span> <span class='ocrx_word' id='word_1_83' title='bbox 893 1265 1014 1317; x_wconf 82' lang='lat'><strong>697.</strong></span> <span class='ocrx_word' id='word_1_84' title='bbox 1197 1265 1242 1314; x_wconf 91' lang='lat'><strong>1.</strong></span> <span class='ocrx_word' id='word_1_85' title='bbox 1280 1265 1587 1316; x_wconf 87' lang='lat' dir='ltr'><strong>dominorum</strong></span> <span class='ocrx_word' id='word_1_86' title='bbox 1623 1265 1686 1316; x_wconf 89' lang='lat' dir='ltr'><strong>D.</strong></span> <span class='ocrx_word' id='word_1_87' title='bbox 1838 1265 1886 1316; x_wconf 82' lang='lat'><strong>2.</strong></span> <span class='ocrx_word' id='word_1_88' title='bbox 1923 1282 2016 1332; x_wconf 88' lang='lat' dir='ltr'><strong>pro</strong></span> <span class='ocrx_word' id='word_1_89' title='bbox 2054 1267 2335 1318; x_wconf 77' lang='lat' dir='ltr'><strong>annuatim:</strong></span> <span class='ocrx_word' id='word_1_90' title='bbox 2372 1277 2431 1317; x_wconf 87' lang='lat' dir='ltr'><strong>ut</strong></span> <span class='ocrx_word' id='word_1_91' title='bbox 2462 1267 2711 1333; x_wconf 79' lang='lat' dir='ltr'><strong>prefertur</strong></span> <span class='ocrx_word' id='word_1_92' title='bbox 2746 1267 2799 1317; x_wconf 89' lang='lat' dir='ltr'><strong>S.</strong></span> <span class='ocrx_word' id='word_1_93' title='bbox 2952 1267 3003 1316; x_wconf 83' lang='lat'><strong>3.</strong></span> <span class='ocrx_word' id='word_1_94' title='bbox 3040 1281 3101 1316; x_wconf 81' lang='lat' dir='ltr'><strong>ac</strong></span> <span class='ocrx_word' id='word_1_95' title='bbox 3132 1265 3187 1316; x_wconf 83' lang='lat' dir='ltr'><strong>S.</strong></span> <span class='ocrx_word' id='word_1_96' title='bbox 3344 1262 3427 1314; x_wconf 75' lang='lat'><strong>3*</strong></span> <span class='ocrx_word' id='word_1_97' title='bbox 3466 1261 3589 1312; x_wconf 78' lang='lat' dir='ltr'><strong>Pri-</strong></span> 
     </span>
     <span class='ocr_line' id='line_1_10' title="bbox 721 1351 3589 1422; baseline -0.002 -16"><span class='ocrx_word' id='word_1_98' title='bbox 721 1354 905 1422; x_wconf 78' lang='lat' dir='ltr'><strong>vilegia</strong></span> <span class='ocrx_word' id='word_1_99' title='bbox 945 1384 1004 1392; x_wconf 93' lang='lat'><em>-</em></span> <span class='ocrx_word' id='word_1_100' title='bbox 1045 1354 1112 1404; x_wconf 86' lang='lat' dir='ltr'><strong>Et</strong></span> <span class='ocrx_word' id='word_1_101' title='bbox 1147 1353 1292 1406; x_wconf 81' lang='lat' dir='ltr'><strong>deest</strong></span> <span class='ocrx_word' id='word_1_102' title='bbox 1326 1353 1390 1404; x_wconf 91' lang='lat' dir='ltr'><strong>D.</strong></span> <span class='ocrx_word' id='word_1_103' title='bbox 1532 1355 1583 1404; x_wconf 86' lang='lat'><strong>4.</strong></span> <span class='ocrx_word' id='word_1_104' title='bbox 1620 1371 1680 1405; x_wconf 80' lang='lat' dir='ltr'><strong>ac</strong></span> <span class='ocrx_word' id='word_1_105' title='bbox 1714 1383 1780 1392; x_wconf 90' lang='lat'><strong>—-</strong></span> <span class='ocrx_word' id='word_1_106' title='bbox 1817 1363 1870 1406; x_wconf 88' lang='lat' dir='ltr'><strong>et</strong></span> <span class='ocrx_word' id='word_1_107' title='bbox 1903 1355 2048 1406; x_wconf 80' lang='lat' dir='ltr'><strong>deest</strong></span> <span class='ocrx_word' id='word_1_108' title='bbox 2082 1355 2145 1406; x_wconf 87' lang='lat' dir='ltr'><strong>D.</strong></span> <span class='ocrx_word' id='word_1_109' title='bbox 2323 1357 2373 1406; x_wconf 92' lang='lat'><strong>5.</strong></span> <span class='ocrx_word' id='word_1_110' title='bbox 2416 1365 2532 1422; x_wconf 85' lang='lat' dir='ltr'><strong>post</strong></span> <span class='ocrx_word' id='word_1_111' title='bbox 2566 1355 2629 1406; x_wconf 92' lang='lat' dir='ltr'><strong>D.</strong></span> <span class='ocrx_word' id='word_1_112' title='bbox 2808 1355 2855 1405; x_wconf 82' lang='lat'><strong>6.</strong></span> <span class='ocrx_word' id='word_1_113' title='bbox 2906 1353 3171 1406; x_wconf 81' lang='lat' dir='ltr'><strong>dummodo</strong></span> <span class='ocrx_word' id='word_1_114' title='bbox 3211 1383 3275 1390; x_wconf 91' lang='lat'><strong>—-—</strong></span> <span class='ocrx_word' id='word_1_115' title='bbox 3316 1351 3589 1402; x_wconf 74' lang='lat' dir='ltr'><strong>deberent.</strong></span> 
     </span>
     <span class='ocr_line' id='line_1_11' title="bbox 721 1440 3335 1508; baseline -0.001 -14"><span class='ocrx_word' id='word_1_116' title='bbox 721 1445 791 1494; x_wconf 74' lang='lat' dir='ltr'><strong>Et</strong></span> <span class='ocrx_word' id='word_1_117' title='bbox 825 1443 970 1495; x_wconf 85' lang='lat' dir='ltr'><strong>deest</strong></span> <span class='ocrx_word' id='word_1_118' title='bbox 1003 1442 1066 1494; x_wconf 93' lang='lat' dir='ltr'><strong>D.</strong></span> <span class='ocrx_word' id='word_1_119' title='bbox 1246 1441 1295 1494; x_wconf 84' lang='lat'><strong>7.</strong></span> <span class='ocrx_word' id='word_1_120' title='bbox 1342 1441 1422 1492; x_wconf 81' lang='lat' dir='ltr'><strong>vel</strong></span> <span class='ocrx_word' id='word_1_121' title='bbox 1457 1441 1557 1492; x_wconf 84' lang='lat' dir='ltr'><strong>alia</strong></span> <span class='ocrx_word' id='word_1_122' title='bbox 1593 1443 1764 1508; x_wconf 78' lang='lat' dir='ltr'><strong>quavis</strong></span> <span class='ocrx_word' id='word_1_123' title='bbox 1800 1443 1850 1494; x_wconf 88' lang='lat'><strong>11</strong></span> <span class='ocrx_word' id='word_1_124' title='bbox 1886 1444 2045 1496; x_wconf 82' lang='lat' dir='ltr'><strong>deest.</strong></span> <span class='ocrx_word' id='word_1_125' title='bbox 2222 1446 2271 1496; x_wconf 89' lang='lat'><strong>8.</strong></span> <span class='ocrx_word' id='word_1_126' title='bbox 2312 1447 2434 1496; x_wconf 81' lang='lat' dir='ltr'><strong>Cum</strong></span> <span class='ocrx_word' id='word_1_127' title='bbox 2470 1453 2635 1497; x_wconf 83' lang='lat' dir='ltr'><strong>antem</strong></span> <span class='ocrx_word' id='word_1_128' title='bbox 2676 1475 2735 1482; x_wconf 91' lang='lat'><em>-</em></span> <span class='ocrx_word' id='word_1_129' title='bbox 2776 1444 2829 1494; x_wconf 88' lang='lat' dir='ltr'><strong>in</strong></span> <span class='ocrx_word' id='word_1_130' title='bbox 2864 1443 3053 1495; x_wconf 86' lang='lat' dir='ltr'><strong>eisdem</strong></span> <span class='ocrx_word' id='word_1_131' title='bbox 3087 1443 3233 1494; x_wconf 81' lang='lat' dir='ltr'><strong>deest</strong></span> <span class='ocrx_word' id='word_1_132' title='bbox 3266 1440 3335 1491; x_wconf 90' lang='lat' dir='ltr'><strong>D.</strong></span> 
     </span>
    </p>
   </div>
   <div class='ocr_carea' id='block_1_5' title="bbox 729 1667 3583 1969">
    <p class='ocr_par' dir='ltr' id='par_1_5' title="bbox 729 1667 3583 1969">
     <span class='ocr_line' id='line_1_12' title="bbox 729 1667 3583 1756; baseline -0.002 -20"><span class='ocrx_word' id='word_1_133' title='bbox 729 1667 903 1736; x_wconf 87' lang='grc'><strong>700.</strong></span> <span class='ocrx_word' id='word_1_134' title='bbox 943 1667 1122 1735; x_wconf 81' lang='grc'>1400</span> <span class='ocrx_word' id='word_1_135' title='bbox 1153 1670 1318 1732; x_wconf 79' lang='lat' dir='ltr'><strong>iunii</strong></span> <span class='ocrx_word' id='word_1_136' title='bbox 1339 1668 1424 1732; x_wconf 89' lang='grc'><strong>16</strong></span> <span class='ocrx_word' id='word_1_137' title='bbox 1458 1668 1696 1732; x_wconf 82' lang='lat' dir='ltr'><strong>Romae</strong></span> <span class='ocrx_word' id='word_1_138' title='bbox 1719 1671 1895 1756; x_wconf 79' lang='lat' dir='ltr'><strong>apud</strong></span> <span class='ocrx_word' id='word_1_139' title='bbox 1923 1693 1973 1732; x_wconf 78' lang='lat' dir='ltr'><strong>s.</strong></span> <span class='ocrx_word' id='word_1_140' title='bbox 1998 1671 2275 1734; x_wconf 65' lang='lat' dir='ltr'><strong>Petrum.</strong></span> <span class='ocrx_word' id='word_1_141' title='bbox 2326 1670 2702 1754; x_wconf 58' lang='lat' dir='ltr'><strong>Bonifacius</strong></span> <span class='ocrx_word' id='word_1_142' title='bbox 2722 1669 2825 1733; x_wconf 88' lang='lat' dir='ltr'><strong>IX</strong></span> <span class='ocrx_word' id='word_1_143' title='bbox 2852 1668 3152 1752; x_wconf 56' lang='lat' dir='ltr'><strong>inclama,</strong></span> <span class='ocrx_word' id='word_1_144' title='bbox 3190 1667 3365 1752; x_wconf 78' lang='lat' dir='ltr'><strong>quod</strong></span> <span class='ocrx_word' id='word_1_145' title='bbox 3388 1668 3583 1751; x_wconf 82' lang='lat' dir='ltr'><strong>prior</strong></span> 
     </span>
     <span class='ocr_line' id='line_1_13' title="bbox 944 1774 3583 1862; baseline -0.001 -23"><span class='ocrx_word' id='word_1_146' title='bbox 944 1777 1162 1840; x_wconf 76' lang='lat' dir='ltr'><strong>domus</strong></span> <span class='ocrx_word' id='word_1_147' title='bbox 1209 1776 1450 1840; x_wconf 76' lang='lat' dir='ltr'><strong>ordinis</strong></span> <span class='ocrx_word' id='word_1_148' title='bbox 1495 1774 1861 1841; x_wconf 70' lang='lat' dir='ltr'><strong>Tlteutonici</strong></span> <span class='ocrx_word' id='word_1_149' title='bbox 1899 1779 1969 1840; x_wconf 79' lang='lat' dir='ltr'><strong>in</strong></span> <span class='ocrx_word' id='word_1_150' title='bbox 2000 1777 2408 1862; x_wconf 69' lang='lat' dir='ltr'><strong>Mar-ienbwy</strong></span> <span class='ocrx_word' id='word_1_151' title='bbox 2454 1778 2667 1842; x_wconf 79' lang='lat' dir='ltr'><strong>diebus</strong></span> <span class='ocrx_word' id='word_1_152' title='bbox 2712 1776 3129 1861; x_wconf 65' lang='lat' dir='ltr'><strong>solempnibus</strong></span> <span class='ocrx_word' id='word_1_153' title='bbox 3176 1796 3395 1840; x_wconf 81' lang='lat' dir='ltr'><strong>eoram</strong></span> <span class='ocrx_word' id='word_1_154' title='bbox 3440 1796 3583 1837; x_wconf 81' lang='lat' dir='ltr'><strong>ma-</strong></span> 
     </span>
     <span class='ocr_line' id='line_1_14' title="bbox 939 1882 2993 1969; baseline -0.001 -21"><span class='ocrx_word' id='word_1_155' title='bbox 939 1886 1135 1969; x_wconf 69' lang='lat' dir='ltr'><strong>yistro</strong></span> <span class='ocrx_word' id='word_1_156' title='bbox 1182 1883 1400 1948; x_wconf 80' lang='lat' dir='ltr'><strong>divina</strong></span> <span class='ocrx_word' id='word_1_157' title='bbox 1445 1882 1754 1948; x_wconf 71' lang='lat' dir='ltr'><strong>celebrans</strong></span> <span class='ocrx_word' id='word_1_158' title='bbox 1799 1886 1895 1948; x_wconf 76' lang='lat' dir='ltr'><strong>uti</strong></span> <span class='ocrx_word' id='word_1_159' title='bbox 1931 1885 2133 1969; x_wconf 74' lang='lat' dir='ltr'><strong>possit</strong></span> <span class='ocrx_word' id='word_1_160' title='bbox 2174 1883 2634 1968; x_wconf 78' lang='lat' dir='ltr'><strong>pontificalibus</strong></span> <span class='ocrx_word' id='word_1_161' title='bbox 2678 1885 2993 1968; x_wconf 60' lang='lat' dir='ltr'><strong>insiqnii&amp;</strong></span> 
     </span>
    </p>
   </div>
   <div class='ocr_carea' id='block_1_6' title="bbox 721 2021 3583 3608">
    <p class='ocr_par' dir='ltr' id='par_1_6' title="bbox 721 2021 3583 3608">
     <span class='ocr_line' id='line_1_15' title="bbox 942 2021 3583 2110; baseline -0.001 -21"><span class='ocrx_word' id='word_1_162' title='bbox 942 2023 1299 2089; x_wconf 87' lang='lat' dir='ltr'><strong>Bonifacius</strong></span> <span class='ocrx_word' id='word_1_163' title='bbox 1355 2023 1682 2110; x_wconf 88' lang='lat' dir='ltr'><strong>episcopus</strong></span> <span class='ocrx_word' id='word_1_164' title='bbox 1741 2044 2061 2090; x_wconf 85' lang='lat' dir='ltr'><strong>servorum</strong></span> <span class='ocrx_word' id='word_1_165' title='bbox 2121 2024 2220 2090; x_wconf 88' lang='lat' dir='ltr'><strong>dei</strong></span> <span class='ocrx_word' id='word_1_166' title='bbox 2278 2023 2503 2091; x_wconf 88' lang='lat' dir='ltr'><strong>dilecto</strong></span> <span class='ocrx_word' id='word_1_167' title='bbox 2558 2023 2687 2089; x_wconf 88' lang='lat' dir='ltr'><strong>filio</strong></span> <span class='ocrx_word' id='word_1_168' title='bbox 2738 2023 2936 2110; x_wconf 86' lang='lat' dir='ltr'><strong>priori</strong></span> <span class='ocrx_word' id='word_1_169' title='bbox 2982 2023 3201 2088; x_wconf 88' lang='lat' dir='ltr'><strong>domus</strong></span> <span class='ocrx_word' id='word_1_170' title='bbox 3246 2021 3583 2108; x_wconf 86' lang='lat' dir='ltr'><strong>hospitalis</strong></span> 
     </span>
     <span class='ocr_line' id='line_1_16' title="bbox 723 2129 3579 2214; baseline -0.001 -19"><span class='ocrx_word' id='word_1_171' title='bbox 723 2132 902 2198; x_wconf 83' lang='lat' dir='ltr'><strong>beate</strong></span> <span class='ocrx_word' id='word_1_172' title='bbox 933 2130 1131 2196; x_wconf 87' lang='lat' dir='ltr'><strong>Marie</strong></span> <span class='ocrx_word' id='word_1_173' title='bbox 1161 2129 1681 2196; x_wconf 88' lang='lat' dir='ltr'><strong>Theutonicorum</strong></span> <span class='ocrx_word' id='word_1_174' title='bbox 1718 2130 2197 2196; x_wconf 79' lang='lat' dir='ltr'><strong>ierosolimitani</strong></span> <span class='ocrx_word' id='word_1_175' title='bbox 2244 2130 2309 2196; x_wconf 90' lang='lat' dir='ltr'><strong>in</strong></span> <span class='ocrx_word' id='word_1_176' title='bbox 2340 2130 2743 2214; x_wconf 86' lang='lat' dir='ltr'><strong>Marienburg</strong></span> <span class='ocrx_word' id='word_1_177' title='bbox 2772 2129 3280 2196; x_wconf 87' lang='lat' dir='ltr'><strong>Pomezaniensis</strong></span> <span class='ocrx_word' id='word_1_178' title='bbox 3310 2129 3579 2194; x_wconf 85' lang='lat' dir='ltr'><strong>diocesis</strong></span> 
     </span>
     <span class='ocr_line' id='line_1_17' title="bbox 723 2237 3579 2323; baseline -0.001 -19"><span class='ocrx_word' id='word_1_179' title='bbox 723 2238 989 2304; x_wconf 89' lang='lat' dir='ltr'><strong>salutem</strong></span> <span class='ocrx_word' id='word_1_180' title='bbox 1038 2244 1102 2304; x_wconf 91' lang='lat' dir='ltr'><strong>et</strong></span> <span class='ocrx_word' id='word_1_181' title='bbox 1145 2237 1548 2323; x_wconf 84' lang='lat' dir='ltr'><strong>apostolicam</strong></span> <span class='ocrx_word' id='word_1_182' title='bbox 1597 2237 2109 2304; x_wconf 84' lang='lat' dir='ltr'><strong>benedictionem.</strong></span> <span class='ocrx_word' id='word_1_183' title='bbox 2312 2238 2412 2303; x_wconf 91' lang='lat' dir='ltr'><strong>Ad</strong></span> <span class='ocrx_word' id='word_1_184' title='bbox 2458 2238 2861 2304; x_wconf 88' lang='lat' dir='ltr'><strong>ecclesiastici</strong></span> <span class='ocrx_word' id='word_1_185' title='bbox 2894 2237 3137 2304; x_wconf 90' lang='lat' dir='ltr'><strong>decoris</strong></span> <span class='ocrx_word' id='word_1_186' title='bbox 3170 2241 3579 2319; x_wconf 83' lang='lat' dir='ltr'><strong>augmentum</strong></span> 
     </span>
     <span class='ocr_line' id='line_1_18' title="bbox 721 2343 3581 2430; baseline -0.001 -20"><span class='ocrx_word' id='word_1_187' title='bbox 721 2345 997 2428; x_wconf 87' lang='lat' dir='ltr'><strong>insignia</strong></span> <span class='ocrx_word' id='word_1_188' title='bbox 1039 2350 1293 2430; x_wconf 86' lang='lat' dir='ltr'><strong>reperta</strong></span> <span class='ocrx_word' id='word_1_189' title='bbox 1337 2351 1484 2411; x_wconf 89' lang='lat' dir='ltr'><strong>sunt</strong></span> <span class='ocrx_word' id='word_1_190' title='bbox 1527 2345 1922 2427; x_wconf 79' lang='lat' dir='ltr'><strong>dignitatum,</strong></span> <span class='ocrx_word' id='word_1_191' title='bbox 1972 2365 2090 2429; x_wconf 90' lang='lat' dir='ltr'><strong>que</strong></span> <span class='ocrx_word' id='word_1_192' title='bbox 2138 2351 2355 2411; x_wconf 84' lang='lat' dir='ltr'><strong>sancta</strong></span> <span class='ocrx_word' id='word_1_193' title='bbox 2396 2345 2678 2410; x_wconf 86' lang='lat' dir='ltr'><strong>Romana</strong></span> <span class='ocrx_word' id='word_1_194' title='bbox 2722 2343 2985 2410; x_wconf 87' lang='lat' dir='ltr'><strong>ecclesia</strong></span> <span class='ocrx_word' id='word_1_195' title='bbox 3028 2363 3306 2427; x_wconf 87' lang='lat' dir='ltr'><strong>congrua</strong></span> <span class='ocrx_word' id='word_1_196' title='bbox 3352 2345 3418 2408; x_wconf 91' lang='lat' dir='ltr'><strong>in</strong></span> <span class='ocrx_word' id='word_1_197' title='bbox 3450 2345 3581 2407; x_wconf 89' lang='lat' dir='ltr'><strong>sin-</strong></span> 
     </span>
     <span class='ocr_line' id='line_1_19' title="bbox 723 2449 3583 2539; baseline -0.001 -22"><span class='ocrx_word' id='word_1_198' title='bbox 723 2452 902 2536; x_wconf 86' lang='lat' dir='ltr'><strong>gulos</strong></span> <span class='ocrx_word' id='word_1_199' title='bbox 946 2451 1235 2519; x_wconf 89' lang='lat' dir='ltr'><strong>libertate</strong></span> <span class='ocrx_word' id='word_1_200' title='bbox 1281 2451 1603 2518; x_wconf 86' lang='lat' dir='ltr'><strong>distribuit</strong></span> <span class='ocrx_word' id='word_1_201' title='bbox 1645 2457 1708 2518; x_wconf 95' lang='lat' dir='ltr'><strong>et</strong></span> <span class='ocrx_word' id='word_1_202' title='bbox 1753 2451 2099 2518; x_wconf 87' lang='lat' dir='ltr'><strong>devotionis</strong></span> <span class='ocrx_word' id='word_1_203' title='bbox 2146 2451 2313 2536; x_wconf 87' lang='lat' dir='ltr'><strong>filiis,</strong></span> <span class='ocrx_word' id='word_1_204' title='bbox 2362 2460 2550 2539; x_wconf 88' lang='lat' dir='ltr'><strong>prout</strong></span> <span class='ocrx_word' id='word_1_205' title='bbox 2583 2452 2839 2535; x_wconf 86' lang='lat' dir='ltr'><strong>dignum</strong></span> <span class='ocrx_word' id='word_1_206' title='bbox 2872 2451 3127 2534; x_wconf 87' lang='lat' dir='ltr'><strong>iudicat,</strong></span> <span class='ocrx_word' id='word_1_207' title='bbox 3174 2449 3583 2536; x_wconf 83' lang='lat' dir='ltr'><strong>suscipienda</strong></span> 
     </span>
     <span class='ocr_line' id='line_1_20' title="bbox 726 2557 3578 2644; baseline -0.002 -17"><span class='ocrx_word' id='word_1_208' title='bbox 726 2564 790 2627; x_wconf 89' lang='lat' dir='ltr'><strong>et</strong></span> <span class='ocrx_word' id='word_1_209' title='bbox 835 2559 1172 2625; x_wconf 88' lang='lat' dir='ltr'><strong>obtinenda</strong></span> <span class='ocrx_word' id='word_1_210' title='bbox 1216 2560 1518 2627; x_wconf 85' lang='lat' dir='ltr'><strong>concedit.</strong></span> <span class='ocrx_word' id='word_1_211' title='bbox 1598 2558 1763 2625; x_wconf 88' lang='lat' dir='ltr'><strong>Hinc</strong></span> <span class='ocrx_word' id='word_1_212' title='bbox 1807 2564 1931 2642; x_wconf 89' lang='lat' dir='ltr'><strong>est,</strong></span> <span class='ocrx_word' id='word_1_213' title='bbox 1982 2559 2144 2644; x_wconf 90' lang='lat' dir='ltr'><strong>quod</strong></span> <span class='ocrx_word' id='word_1_214' title='bbox 2190 2581 2304 2625; x_wconf 91' lang='lat' dir='ltr'><strong>nos</strong></span> <span class='ocrx_word' id='word_1_215' title='bbox 2350 2558 2561 2625; x_wconf 89' lang='lat' dir='ltr'><strong>dilecti</strong></span> <span class='ocrx_word' id='word_1_216' title='bbox 2604 2559 2720 2624; x_wconf 84' lang='lat' dir='ltr'><strong>filii</strong></span> <span class='ocrx_word' id='word_1_217' title='bbox 2766 2558 3037 2624; x_wconf 86' lang='lat' dir='ltr'><strong>Conradi</strong></span> <span class='ocrx_word' id='word_1_218' title='bbox 3082 2557 3161 2624; x_wconf 91' lang='lat' dir='ltr'><strong>de</strong></span> <span class='ocrx_word' id='word_1_219' title='bbox 3204 2557 3578 2641; x_wconf 85' lang='lat' dir='ltr'><strong>Iungingen,</strong></span> 
     </span>
     <span class='ocr_line' id='line_1_21' title="bbox 723 2662 3581 2752; baseline -0.001 -20"><span class='ocrx_word' id='word_1_220' title='bbox 723 2665 1010 2748; x_wconf 82' lang='lat' dir='ltr'><strong>magistri</strong></span> <span class='ocrx_word' id='word_1_221' title='bbox 1056 2667 1364 2749; x_wconf 85' lang='lat' dir='ltr'><strong>generalis</strong></span> <span class='ocrx_word' id='word_1_222' title='bbox 1411 2665 1740 2752; x_wconf 88' lang='lat' dir='ltr'><strong>hospitalis</strong></span> <span class='ocrx_word' id='word_1_223' title='bbox 1787 2665 1967 2732; x_wconf 89' lang='lat' dir='ltr'><strong>beate</strong></span> <span class='ocrx_word' id='word_1_224' title='bbox 1998 2665 2195 2734; x_wconf 79' lang='lat' dir='ltr'><strong>Maris</strong></span> <span class='ocrx_word' id='word_1_225' title='bbox 2227 2666 2751 2734; x_wconf 88' lang='lat' dir='ltr'><strong>Theutonicorum</strong></span> <span class='ocrx_word' id='word_1_226' title='bbox 2782 2665 3285 2747; x_wconf 88' lang='lat' dir='ltr'><strong>lerosolimitani,</strong></span> <span class='ocrx_word' id='word_1_227' title='bbox 3333 2662 3581 2751; x_wconf 88' lang='lat' dir='ltr'><strong>snppli-</strong></span> 
     </span>
     <span class='ocr_line' id='line_1_22' title="bbox 724 2771 3581 2858; baseline -0.001 -20"><span class='ocrx_word' id='word_1_228' title='bbox 724 2772 1080 2838; x_wconf 85' lang='lat' dir='ltr'><strong>cacionibus</strong></span> <span class='ocrx_word' id='word_1_229' title='bbox 1137 2772 1454 2857; x_wconf 85' lang='lat' dir='ltr'><strong>inclinati,</strong></span> <span class='ocrx_word' id='word_1_230' title='bbox 1511 2779 1582 2838; x_wconf 90' lang='lat' dir='ltr'><strong>ut</strong></span> <span class='ocrx_word' id='word_1_231' title='bbox 1633 2777 1734 2855; x_wconf 91' lang='lat' dir='ltr'><strong>tu,</strong></span> <span class='ocrx_word' id='word_1_232' title='bbox 1791 2771 1880 2838; x_wconf 84' lang='lat' dir='ltr'><strong>fili</strong></span> <span class='ocrx_word' id='word_1_233' title='bbox 1925 2774 2099 2858; x_wconf 88' lang='lat' dir='ltr'><strong>prior</strong></span> <span class='ocrx_word' id='word_1_234' title='bbox 2144 2779 2208 2840; x_wconf 87' lang='grc'><strong>61</strong></span> <span class='ocrx_word' id='word_1_235' title='bbox 2252 2795 2639 2840; x_wconf 83' lang='lat' dir='ltr'><strong>successores</strong></span> <span class='ocrx_word' id='word_1_236' title='bbox 2680 2773 2807 2856; x_wconf 78' lang='lat' dir='ltr'><strong>tui,</strong></span> <span class='ocrx_word' id='word_1_237' title='bbox 2864 2773 3106 2858; x_wconf 87' lang='lat' dir='ltr'><strong>priores</strong></span> <span class='ocrx_word' id='word_1_238' title='bbox 3152 2771 3379 2838; x_wconf 90' lang='lat' dir='ltr'><strong>domus</strong></span> <span class='ocrx_word' id='word_1_239' title='bbox 3424 2771 3581 2837; x_wconf 85' lang='lat' dir='ltr'><strong>dicti</strong></span> 
     </span>
     <span class='ocr_line' id='line_1_23' title="bbox 723 2878 3583 2966; baseline 0 -21"><span class='ocrx_word' id='word_1_240' title='bbox 723 2879 1052 2965; x_wconf 86' lang='lat' dir='ltr'><strong>hospitalis</strong></span> <span class='ocrx_word' id='word_1_241' title='bbox 1097 2880 1164 2946; x_wconf 91' lang='lat' dir='ltr'><strong>in</strong></span> <span class='ocrx_word' id='word_1_242' title='bbox 1195 2879 1598 2962; x_wconf 85' lang='lat' dir='ltr'><strong>Marienburg</strong></span> <span class='ocrx_word' id='word_1_243' title='bbox 1625 2879 2130 2947; x_wconf 85' lang='lat' dir='ltr'><strong>Pomezaniensis</strong></span> <span class='ocrx_word' id='word_1_244' title='bbox 2176 2881 2460 2966; x_wconf 82' lang='grc'>(11666313,</span> <span class='ocrx_word' id='word_1_245' title='bbox 2506 2881 2610 2948; x_wconf 85' lang='grc'>11111</span> <span class='ocrx_word' id='word_1_246' title='bbox 2660 2882 2938 2966; x_wconf 88' lang='lat' dir='ltr'><strong>prefatus</strong></span> <span class='ocrx_word' id='word_1_247' title='bbox 2968 2880 3269 2962; x_wconf 83' lang='lat' dir='ltr'><strong>magister</strong></span> <span class='ocrx_word' id='word_1_248' title='bbox 3300 2878 3583 2946; x_wconf 84' lang='lat' dir='ltr'><strong>residere</strong></span> 
     </span>
     <span class='ocr_line' id='line_1_24' title="bbox 723 2986 3581 3074; baseline -0 -22"><span class='ocrx_word' id='word_1_249' title='bbox 723 2987 1078 3071; x_wconf 85' lang='lat' dir='ltr'><strong>consuevit,</strong></span> <span class='ocrx_word' id='word_1_250' title='bbox 1137 2987 1244 3072; x_wconf 90' lang='lat' dir='ltr'><strong>qui</strong></span> <span class='ocrx_word' id='word_1_251' title='bbox 1299 3007 1413 3074; x_wconf 90' lang='lat' dir='ltr'><strong>pro</strong></span> <span class='ocrx_word' id='word_1_252' title='bbox 1470 2993 1753 3073; x_wconf 88' lang='lat' dir='ltr'><strong>tempore</strong></span> <span class='ocrx_word' id='word_1_253' title='bbox 1795 2988 2061 3071; x_wconf 87' lang='lat' dir='ltr'><strong>fuerint,</strong></span> <span class='ocrx_word' id='word_1_254' title='bbox 2118 2989 2183 3054; x_wconf 91' lang='lat' dir='ltr'><strong>in</strong></span> <span class='ocrx_word' id='word_1_255' title='bbox 2228 2988 2587 3054; x_wconf 88' lang='lat' dir='ltr'><strong>solennibus</strong></span> <span class='ocrx_word' id='word_1_256' title='bbox 2644 2986 3122 3070; x_wconf 82' lang='lat' dir='ltr'><strong>festivitatibus,</strong></span> <span class='ocrx_word' id='word_1_257' title='bbox 3180 3007 3325 3052; x_wconf 91' lang='lat' dir='ltr'><strong>cum</strong></span> <span class='ocrx_word' id='word_1_258' title='bbox 3370 2987 3441 3052; x_wconf 86' lang='lat' dir='ltr'><strong>in</strong></span> <span class='ocrx_word' id='word_1_259' title='bbox 3484 2987 3581 3052; x_wconf 87' lang='lat' dir='ltr'><strong>eis</strong></span> 
     </span>
     <span class='ocr_line' id='line_1_25' title="bbox 721 3093 3579 3178; baseline 0 -20"><span class='ocrx_word' id='word_1_260' title='bbox 721 3093 1058 3159; x_wconf 86' lang='lat' dir='ltr'><strong>missarum</strong></span> <span class='ocrx_word' id='word_1_261' title='bbox 1117 3093 1398 3161; x_wconf 83' lang='lat' dir='ltr'><strong>solennia</strong></span> <span class='ocrx_word' id='word_1_262' title='bbox 1455 3100 1518 3160; x_wconf 89' lang='lat' dir='ltr'><strong>et</strong></span> <span class='ocrx_word' id='word_1_263' title='bbox 1575 3094 1698 3160; x_wconf 87' lang='lat' dir='ltr'><strong>alia</strong></span> <span class='ocrx_word' id='word_1_264' title='bbox 1752 3094 1967 3160; x_wconf 88' lang='lat' dir='ltr'><strong>divina</strong></span> <span class='ocrx_word' id='word_1_265' title='bbox 2022 3093 2227 3160; x_wconf 85' lang='lat' dir='ltr'><strong>officia</strong></span> <span class='ocrx_word' id='word_1_266' title='bbox 2284 3094 2723 3178; x_wconf 76' lang='lat' dir='ltr'><strong>celebraveriS,</strong></span> <span class='ocrx_word' id='word_1_267' title='bbox 2794 3095 3012 3178; x_wconf 89' lang='lat' dir='ltr'><strong>mitra,</strong></span> <span class='ocrx_word' id='word_1_268' title='bbox 3072 3093 3290 3177; x_wconf 88' lang='lat' dir='ltr'><strong>anulo,</strong></span> <span class='ocrx_word' id='word_1_269' title='bbox 3352 3093 3579 3159; x_wconf 85' lang='grc'>11661116</span> 
     </span>
     <span class='ocr_line' id='line_1_26' title="bbox 722 3199 3575 3287; baseline 0 -21"><span class='ocrx_word' id='word_1_270' title='bbox 722 3200 1028 3286; x_wconf 86' lang='lat' dir='ltr'><strong>pastorali</strong></span> <span class='ocrx_word' id='word_1_271' title='bbox 1075 3205 1138 3266; x_wconf 89' lang='lat' dir='ltr'><strong>et</strong></span> <span class='ocrx_word' id='word_1_272' title='bbox 1183 3199 1322 3266; x_wconf 86' lang='lat' dir='ltr'><strong>aliis</strong></span> <span class='ocrx_word' id='word_1_273' title='bbox 1370 3201 1828 3287; x_wconf 88' lang='lat' dir='ltr'><strong>pontificalibus</strong></span> <span class='ocrx_word' id='word_1_274' title='bbox 1861 3203 2147 3285; x_wconf 84' lang='lat' dir='ltr'><strong>insigniis</strong></span> <span class='ocrx_word' id='word_1_275' title='bbox 2178 3202 2271 3266; x_wconf 90' lang='lat' dir='ltr'><strong>uti</strong></span> <span class='ocrx_word' id='word_1_276' title='bbox 2300 3202 2493 3268; x_wconf 88' lang='lat' dir='ltr'><strong>libere</strong></span> <span class='ocrx_word' id='word_1_277' title='bbox 2525 3209 2589 3268; x_wconf 91' lang='lat' dir='ltr'><strong>et</strong></span> <span class='ocrx_word' id='word_1_278' title='bbox 2616 3201 2785 3267; x_wconf 89' lang='lat' dir='ltr'><strong>licite</strong></span> <span class='ocrx_word' id='word_1_279' title='bbox 2817 3200 3044 3284; x_wconf 80' lang='lat' dir='ltr'><strong>valeaS,</strong></span> <span class='ocrx_word' id='word_1_280' title='bbox 3090 3201 3208 3266; x_wconf 90' lang='lat' dir='ltr'><strong>tibi</strong></span> <span class='ocrx_word' id='word_1_281' title='bbox 3240 3206 3306 3266; x_wconf 88' lang='lat' dir='ltr'><strong>et</strong></span> <span class='ocrx_word' id='word_1_282' title='bbox 3335 3199 3575 3266; x_wconf 88' lang='lat' dir='ltr'><strong>eisdem</strong></span> 
     </span>
     <span class='ocr_line' id='line_1_27' title="bbox 723 3305 3579 3396; baseline 0 -24"><span class='ocrx_word' id='word_1_283' title='bbox 723 3307 1184 3374; x_wconf 86' lang='lat' dir='ltr'><strong>successoribus</strong></span> <span class='ocrx_word' id='word_1_284' title='bbox 1232 3307 1602 3374; x_wconf 86' lang='lat' dir='ltr'><strong>auctoritate</strong></span> <span class='ocrx_word' id='word_1_285' title='bbox 1650 3309 1993 3394; x_wconf 85' lang='lat' dir='ltr'><strong>apostolica</strong></span> <span class='ocrx_word' id='word_1_286' title='bbox 2036 3314 2251 3376; x_wconf 89' lang='lat' dir='ltr'><strong>tenore</strong></span> <span class='ocrx_word' id='word_1_287' title='bbox 2298 3309 2680 3396; x_wconf 89' lang='lat' dir='ltr'><strong>presentium</strong></span> <span class='ocrx_word' id='word_1_288' title='bbox 2726 3307 2803 3374; x_wconf 89' lang='lat' dir='ltr'><strong>de</strong></span> <span class='ocrx_word' id='word_1_289' title='bbox 2850 3307 3103 3393; x_wconf 81' lang='lat' dir='ltr'><strong>speciali</strong></span> <span class='ocrx_word' id='word_1_290' title='bbox 3132 3309 3339 3391; x_wconf 85' lang='lat' dir='ltr'><strong>gratia</strong></span> <span class='ocrx_word' id='word_1_291' title='bbox 3365 3305 3579 3373; x_wconf 89' lang='lat' dir='ltr'><strong>indul·</strong></span> 
     </span>
     <span class='ocr_line' id='line_1_28' title="bbox 723 3413 3575 3501; baseline 0 -21"><span class='ocrx_word' id='word_1_292' title='bbox 723 3433 959 3497; x_wconf 84' lang='lat' dir='ltr'><strong>gemus.</strong></span> <span class='ocrx_word' id='word_1_293' title='bbox 1029 3413 1200 3481; x_wconf 90' lang='lat' dir='ltr'><strong>Nulli</strong></span> <span class='ocrx_word' id='word_1_294' title='bbox 1233 3434 1380 3497; x_wconf 84' lang='lat' dir='ltr'><strong>ergo</strong></span> <span class='ocrx_word' id='word_1_295' title='bbox 1413 3419 1528 3480; x_wconf 91' lang='grc'>616.</span> <span class='ocrx_word' id='word_1_296' title='bbox 1601 3413 1669 3481; x_wconf 91' lang='lat' dir='ltr'><strong>Si</strong></span> <span class='ocrx_word' id='word_1_297' title='bbox 1701 3417 1840 3500; x_wconf 88' lang='lat' dir='ltr'><strong>quis</strong></span> <span class='ocrx_word' id='word_1_298' title='bbox 1887 3423 2093 3482; x_wconf 87' lang='lat' dir='ltr'><strong>autem</strong></span> <span class='ocrx_word' id='word_1_299' title='bbox 2127 3420 2243 3482; x_wconf 90' lang='lat' dir='ltr'><strong>etc.</strong></span> <span class='ocrx_word' id='word_1_300' title='bbox 2313 3417 2547 3482; x_wconf 87' lang='lat' dir='ltr'><strong>Datum</strong></span> <span class='ocrx_word' id='word_1_301' title='bbox 2577 3416 2773 3482; x_wconf 91' lang='lat' dir='ltr'><strong>Rome</strong></span> <span class='ocrx_word' id='word_1_302' title='bbox 2801 3414 2968 3501; x_wconf 89' lang='lat' dir='ltr'><strong>apud</strong></span> <span class='ocrx_word' id='word_1_303' title='bbox 2998 3420 3283 3482; x_wconf 87' lang='lat' dir='ltr'><strong>sanctum</strong></span> <span class='ocrx_word' id='word_1_304' title='bbox 3315 3413 3575 3480; x_wconf 88' lang='lat' dir='ltr'><strong>Petrum</strong></span> 
     </span>
     <span class='ocr_line' id='line_1_29' title="bbox 723 3519 2472 3608; baseline 0.001 -22"><span class='ocrx_word' id='word_1_305' title='bbox 723 3521 831 3587; x_wconf 86' lang='lat' dir='ltr'><strong>xvi</strong></span> <span class='ocrx_word' id='word_1_306' title='bbox 875 3519 1002 3587; x_wconf 89' lang='lat' dir='ltr'><strong>kal.</strong></span> <span class='ocrx_word' id='word_1_307' title='bbox 1049 3520 1187 3587; x_wconf 90' lang='lat' dir='ltr'><strong>iulii</strong></span> <span class='ocrx_word' id='word_1_308' title='bbox 1228 3520 1628 3608; x_wconf 87' lang='lat' dir='ltr'><strong>pontificatus</strong></span> <span class='ocrx_word' id='word_1_309' title='bbox 1672 3523 1871 3589; x_wconf 88' lang='lat' dir='ltr'><strong>nostri</strong></span> <span class='ocrx_word' id='word_1_310' title='bbox 1916 3543 2079 3589; x_wconf 89' lang='lat' dir='ltr'><strong>anno</strong></span> <span class='ocrx_word' id='word_1_311' title='bbox 2126 3523 2472 3590; x_wconf 89' lang='lat' dir='ltr'><strong>undecimo.</strong></span> 
     </span>
    </p>
   </div>
   <div class='ocr_carea' id='block_1_7' title="bbox 935 3661 2251 3730">
    <p class='ocr_par' dir='ltr' id='par_1_7' title="bbox 935 3661 2251 3730">
     <span class='ocr_line' id='line_1_30' title="bbox 935 3661 2251 3730; baseline 0.001 -17"><span class='ocrx_word' id='word_1_312' title='bbox 935 3661 1191 3729; x_wconf 75' lang='lat' dir='ltr'><strong>originale</strong></span> <span class='ocrx_word' id='word_1_313' title='bbox 1227 3679 1339 3713; x_wconf 85' lang='grc'>611111</span> <span class='ocrx_word' id='word_1_314' title='bbox 1375 3661 1510 3714; x_wconf 83' lang='lat' dir='ltr'><strong>bulla</strong></span> <span class='ocrx_word' id='word_1_315' title='bbox 1545 3663 1596 3713; x_wconf 93' lang='lat' dir='ltr'><strong>in</strong></span> <span class='ocrx_word' id='word_1_316' title='bbox 1634 3663 1831 3715; x_wconf 71' lang='lat' dir='ltr'><strong>archivo</strong></span> <span class='ocrx_word' id='word_1_317' title='bbox 1868 3663 2251 3730; x_wconf 83' lang='lat' dir='ltr'><strong>Regimontano.</strong></span> 
     </span>
    </p>
   </div>
   <div class='ocr_carea' id='block_1_8' title="bbox 730 3886 3570 4189">
    <p class='ocr_par' dir='ltr' id='par_1_8' title="bbox 730 3886 3570 4189">
     <span class='ocr_line' id='line_1_31' title="bbox 730 3886 3570 3976; baseline -0.001 -22"><span class='ocrx_word' id='word_1_318' title='bbox 730 3886 903 3958; x_wconf 89' lang='grc'>701.</span> <span class='ocrx_word' id='word_1_319' title='bbox 945 3888 1121 3955; x_wconf 83' lang='grc'>1402</span> <span class='ocrx_word' id='word_1_320' title='bbox 1164 3889 1497 3954; x_wconf 76' lang='lat' dir='ltr'><strong>decembris</strong></span> <span class='ocrx_word' id='word_1_321' title='bbox 1529 3890 1617 3954; x_wconf 85' lang='lat'><strong>10</strong></span> <span class='ocrx_word' id='word_1_322' title='bbox 1663 3889 1902 3954; x_wconf 83' lang='lat' dir='ltr'><strong>Romae</strong></span> <span class='ocrx_word' id='word_1_323' title='bbox 1947 3891 2123 3976; x_wconf 77' lang='lat' dir='ltr'><strong>apud</strong></span> <span class='ocrx_word' id='word_1_324' title='bbox 2166 3912 2214 3953; x_wconf 77' lang='grc' dir='ltr'><strong>ε.</strong></span> <span class='ocrx_word' id='word_1_325' title='bbox 2246 3889 2524 3953; x_wconf 78' lang='lat' dir='ltr'><strong>Petrum.</strong></span> <span class='ocrx_word' id='word_1_326' title='bbox 2594 3887 2971 3972; x_wconf 67' lang='lat' dir='ltr'><strong>Bonffacius</strong></span> <span class='ocrx_word' id='word_1_327' title='bbox 3005 3887 3111 3953; x_wconf 89' lang='lat' dir='ltr'><strong>IX</strong></span> <span class='ocrx_word' id='word_1_328' title='bbox 3152 3891 3369 3953; x_wconf 67' lang='lat' dir='ltr'><strong>eximit</strong></span> <span class='ocrx_word' id='word_1_329' title='bbox 3396 3889 3570 3952; x_wconf 70' lang='lat' dir='ltr'><strong>ordi-</strong></span> 
     </span>
     <span class='ocr_line' id='line_1_32' title="bbox 941 3995 3569 4082; baseline -0.001 -22"><span class='ocrx_word' id='word_1_330' title='bbox 941 4017 1082 4060; x_wconf 80' lang='lat' dir='ltr'><strong>nem</strong></span> <span class='ocrx_word' id='word_1_331' title='bbox 1134 3995 1578 4062; x_wconf 72' lang='lat' dir='ltr'><strong>Theutonicum</strong></span> <span class='ocrx_word' id='word_1_332' title='bbox 1631 4008 1698 4061; x_wconf 74' lang='lat' dir='ltr'><strong>ut</strong></span> <span class='ocrx_word' id='word_1_333' title='bbox 1753 3999 1832 4062; x_wconf 83' lang='lat' dir='ltr'><strong>ab</strong></span> <span class='ocrx_word' id='word_1_334' title='bbox 1891 3999 2173 4061; x_wconf 74' lang='lat' dir='ltr'><strong>omnibus</strong></span> <span class='ocrx_word' id='word_1_335' title='bbox 2229 3997 2649 4060; x_wconf 71' lang='lat' dir='ltr'><strong>exactionibus</strong></span> <span class='ocrx_word' id='word_1_336' title='bbox 2695 3997 3129 4082; x_wconf 75' lang='lat' dir='ltr'><strong>episcoporum</strong></span> <span class='ocrx_word' id='word_1_337' title='bbox 3172 3998 3265 4060; x_wconf 72' lang='lat' dir='ltr'><strong>ita</strong></span> <span class='ocrx_word' id='word_1_338' title='bbox 3308 4019 3351 4060; x_wconf 84' lang='grc' dir='ltr'><strong>α-</strong></span> <span class='ocrx_word' id='word_1_339' title='bbox 3394 3995 3569 4060; x_wconf 76' lang='lat' dir='ltr'><strong>Bur-</strong></span> 
     </span>
     <span class='ocr_line' id='line_1_33' title="bbox 944 4103 1604 4189; baseline 0 -22"><span class='ocrx_word' id='word_1_340' title='bbox 944 4103 1134 4168; x_wconf 79' lang='lat' dir='ltr'><strong>kardi</strong></span> <span class='ocrx_word' id='word_1_341' title='bbox 1175 4104 1604 4189; x_wconf 73' lang='lat' dir='ltr'><strong>Anqustensis.</strong></span> 
     </span>
    </p>
   </div>
   <div class='ocr_carea' id='block_1_9' title="bbox 719 4243 3569 5081">
    <p class='ocr_par' dir='ltr' id='par_1_9' title="bbox 941 4243 3565 4331">
     <span class='ocr_line' id='line_1_34' title="bbox 941 4243 3565 4331; baseline -0.001 -21"><span class='ocrx_word' id='word_1_342' title='bbox 941 4243 1300 4311; x_wconf 86' lang='lat' dir='ltr'><strong>Bonifacius</strong></span> <span class='ocrx_word' id='word_1_343' title='bbox 1357 4243 1684 4331; x_wconf 87' lang='lat' dir='ltr'><strong>episcopus</strong></span> <span class='ocrx_word' id='word_1_344' title='bbox 1729 4265 1946 4313; x_wconf 85' lang='lat' dir='ltr'><strong>servus</strong></span> <span class='ocrx_word' id='word_1_345' title='bbox 1992 4264 2315 4311; x_wconf 87' lang='lat' dir='ltr'><strong>servorum</strong></span> <span class='ocrx_word' id='word_1_346' title='bbox 2363 4243 2463 4308; x_wconf 89' lang='lat' dir='ltr'><strong>dei</strong></span> <span class='ocrx_word' id='word_1_347' title='bbox 2508 4243 2587 4309; x_wconf 90' lang='lat' dir='ltr'><strong>ad</strong></span> <span class='ocrx_word' id='word_1_348' title='bbox 2631 4248 2995 4329; x_wconf 85' lang='lat' dir='ltr'><strong>perpetuam</strong></span> <span class='ocrx_word' id='word_1_349' title='bbox 3043 4243 3137 4310; x_wconf 90' lang='lat' dir='ltr'><strong>rei</strong></span> <span class='ocrx_word' id='word_1_350' title='bbox 3180 4243 3565 4310; x_wconf 85' lang='lat' dir='ltr'><strong>memoriam.</strong></span> 
     </span>
    </p>

    <p class='ocr_par' dir='ltr' id='par_1_10' title="bbox 719 4349 3569 5081">
     <span class='ocr_line' id='line_1_35' title="bbox 941 4349 3569 4438; baseline 0 -22"><span class='ocrx_word' id='word_1_351' title='bbox 941 4349 1082 4416; x_wconf 87' lang='lat' dir='ltr'><strong>Etsi</strong></span> <span class='ocrx_word' id='word_1_352' title='bbox 1143 4351 1522 4436; x_wconf 86' lang='lat' dir='ltr'><strong>quibuslibet</strong></span> <span class='ocrx_word' id='word_1_353' title='bbox 1567 4353 1850 4438; x_wconf 87' lang='lat' dir='ltr'><strong>personis</strong></span> <span class='ocrx_word' id='word_1_354' title='bbox 1897 4357 1961 4417; x_wconf 90' lang='lat' dir='ltr'><strong>et</strong></span> <span class='ocrx_word' id='word_1_355' title='bbox 2003 4351 2157 4417; x_wconf 87' lang='lat' dir='ltr'><strong>locis</strong></span> <span class='ocrx_word' id='word_1_356' title='bbox 2202 4350 2513 4433; x_wconf 82' lang='lat' dir='ltr'><strong>religiosis</strong></span> <span class='ocrx_word' id='word_1_357' title='bbox 2558 4371 2639 4416; x_wconf 83' lang='lat' dir='ltr'><strong>ex</strong></span> <span class='ocrx_word' id='word_1_358' title='bbox 2681 4350 2960 4416; x_wconf 87' lang='lat' dir='ltr'><strong>iniuncto</strong></span> <span class='ocrx_word' id='word_1_359' title='bbox 3004 4350 3187 4416; x_wconf 87' lang='lat' dir='ltr'><strong>nobis</strong></span> <span class='ocrx_word' id='word_1_360' title='bbox 3234 4349 3569 4436; x_wconf 88' lang='lat' dir='ltr'><strong>apostolice</strong></span> 
     </span>
     <span class='ocr_line' id='line_1_36' title="bbox 725 4457 3569 4545; baseline -0.001 -21"><span class='ocrx_word' id='word_1_361' title='bbox 725 4457 1048 4524; x_wconf 83' lang='lat' dir='ltr'><strong>servitutis</strong></span> <span class='ocrx_word' id='word_1_362' title='bbox 1108 4457 1310 4524; x_wconf 85' lang='lat' dir='ltr'><strong>officio</strong></span> <span class='ocrx_word' id='word_1_363' title='bbox 1367 4457 1744 4526; x_wconf 83' lang='lat' dir='ltr'><strong>defensionis</strong></span> <span class='ocrx_word' id='word_1_364' title='bbox 1802 4459 2075 4545; x_wconf 87' lang='lat' dir='ltr'><strong>presidio</strong></span> <span class='ocrx_word' id='word_1_365' title='bbox 2132 4459 2425 4524; x_wconf 80' lang='lat' dir='ltr'><strong>assistere</strong></span> <span class='ocrx_word' id='word_1_366' title='bbox 2480 4463 2837 4541; x_wconf 87' lang='lat' dir='ltr'><strong>teneamur,</strong></span> <span class='ocrx_word' id='word_1_367' title='bbox 2894 4459 3197 4540; x_wconf 84' lang='lat' dir='ltr'><strong>magistro</strong></span> <span class='ocrx_word' id='word_1_368' title='bbox 3252 4464 3459 4524; x_wconf 87' lang='lat' dir='ltr'><strong>tamen</strong></span> <span class='ocrx_word' id='word_1_369' title='bbox 3508 4463 3569 4522; x_wconf 86' lang='lat' dir='ltr'><strong>et</strong></span> 
     </span>
     <span class='ocr_line' id='line_1_37' title="bbox 721 4563 3568 4651; baseline 0 -21"><span class='ocrx_word' id='word_1_370' title='bbox 721 4565 1024 4631; x_wconf 82' lang='lat' dir='ltr'><strong>fratribus</strong></span> <span class='ocrx_word' id='word_1_371' title='bbox 1084 4564 1412 4650; x_wconf 78' lang='lat' dir='ltr'><strong>hospitalis</strong></span> <span class='ocrx_word' id='word_1_372' title='bbox 1459 4565 1638 4632; x_wconf 87' lang='lat' dir='ltr'><strong>beate</strong></span> <span class='ocrx_word' id='word_1_373' title='bbox 1681 4565 1880 4633; x_wconf 77' lang='lat' dir='ltr'><strong>Mar-ie</strong></span> <span class='ocrx_word' id='word_1_374' title='bbox 1925 4565 2445 4631; x_wconf 87' lang='lat' dir='ltr'><strong>Theotonicorum</strong></span> <span class='ocrx_word' id='word_1_375' title='bbox 2492 4563 2973 4632; x_wconf 86' lang='lat' dir='ltr'><strong>lerosolimitani</strong></span> <span class='ocrx_word' id='word_1_376' title='bbox 3016 4570 3193 4632; x_wconf 88' lang='lat' dir='ltr'><strong>tanto</strong></span> <span class='ocrx_word' id='word_1_377' title='bbox 3240 4564 3568 4651; x_wconf 87' lang='lat' dir='ltr'><strong>specialius</strong></span> 
     </span>
     <span class='ocr_line' id='line_1_38' title="bbox 722 4669 3569 4760; baseline -0 -21"><span class='ocrx_word' id='word_1_378' title='bbox 722 4677 788 4739; x_wconf 88' lang='lat' dir='ltr'><strong>et</strong></span> <span class='ocrx_word' id='word_1_379' title='bbox 833 4669 1142 4740; x_wconf 87' lang='lat' dir='ltr'><strong>efficacius</strong></span> <span class='ocrx_word' id='word_1_380' title='bbox 1188 4673 1252 4737; x_wconf 91' lang='lat' dir='ltr'><strong>in</strong></span> <span class='ocrx_word' id='word_1_381' title='bbox 1299 4693 1513 4738; x_wconf 88' lang='lat' dir='ltr'><strong>eorum</strong></span> <span class='ocrx_word' id='word_1_382' title='bbox 1559 4672 2089 4760; x_wconf 86' lang='lat' dir='ltr'><strong>oportunitatibus</strong></span> <span class='ocrx_word' id='word_1_383' title='bbox 2136 4672 2354 4738; x_wconf 87' lang='lat' dir='ltr'><strong>adesse</strong></span> <span class='ocrx_word' id='word_1_384' title='bbox 2400 4692 2513 4738; x_wconf 88' lang='lat' dir='ltr'><strong>nos</strong></span> <span class='ocrx_word' id='word_1_385' title='bbox 2558 4672 2866 4753; x_wconf 84' lang='lat' dir='ltr'><strong>convenit,</strong></span> <span class='ocrx_word' id='word_1_386' title='bbox 2914 4679 3147 4757; x_wconf 87' lang='lat' dir='ltr'><strong>quanto</strong></span> <span class='ocrx_word' id='word_1_387' title='bbox 3176 4671 3569 4758; x_wconf 86' lang='lat' dir='ltr'><strong>frequencius</strong></span> 
     </span>
     <span class='ocr_line' id='line_1_39' title="bbox 721 4779 3569 4865; baseline 0 -21"><span class='ocrx_word' id='word_1_388' title='bbox 721 4798 838 4864; x_wconf 87' lang='lat' dir='ltr'><strong>pro</strong></span> <span class='ocrx_word' id='word_1_389' title='bbox 911 4779 1387 4846; x_wconf 87' lang='lat' dir='ltr'><strong>conservacione</strong></span> <span class='ocrx_word' id='word_1_390' title='bbox 1462 4787 1526 4846; x_wconf 91' lang='lat' dir='ltr'><strong>et</strong></span> <span class='ocrx_word' id='word_1_391' title='bbox 1591 4787 1922 4865; x_wconf 80' lang='lat' dir='ltr'><strong>augmento</strong></span> <span class='ocrx_word' id='word_1_392' title='bbox 1989 4779 2136 4846; x_wconf 90' lang='lat' dir='ltr'><strong>fidei</strong></span> <span class='ocrx_word' id='word_1_393' title='bbox 2202 4779 2545 4846; x_wconf 83' lang='lat' dir='ltr'><strong>orthodoxe</strong></span> <span class='ocrx_word' id='word_1_394' title='bbox 2610 4784 2831 4862; x_wconf 77' lang='lat' dir='ltr'><strong>contra</strong></span> <span class='ocrx_word' id='word_1_395' title='bbox 2896 4779 3230 4846; x_wconf 86' lang='lat' dir='ltr'><strong>acerrimos</strong></span> <span class='ocrx_word' id='word_1_396' title='bbox 3295 4779 3569 4846; x_wconf 86' lang='lat' dir='ltr'><strong>nominis</strong></span> 
     </span>
     <span class='ocr_line' id='line_1_40' title="bbox 721 4884 3569 4974; baseline 0 -23"><span class='ocrx_word' id='word_1_397' title='bbox 721 4884 1047 4951; x_wconf 85' lang='lat' dir='ltr'><strong>christiani</strong></span> <span class='ocrx_word' id='word_1_398' title='bbox 1091 4885 1380 4952; x_wconf 88' lang='lat' dir='ltr'><strong>inimicos</strong></span> <span class='ocrx_word' id='word_1_399' title='bbox 1425 4907 1493 4953; x_wconf 89' lang='lat' dir='ltr'><strong>se</strong></span> <span class='ocrx_word' id='word_1_400' title='bbox 1536 4908 1743 4953; x_wconf 87' lang='lat' dir='ltr'><strong>rerum</strong></span> <span class='ocrx_word' id='word_1_401' title='bbox 1798 4895 1863 4955; x_wconf 89' lang='lat' dir='ltr'><strong>et</strong></span> <span class='ocrx_word' id='word_1_402' title='bbox 1905 4907 2235 4974; x_wconf 87' lang='lat' dir='ltr'><strong>corporum</strong></span> <span class='ocrx_word' id='word_1_403' title='bbox 2282 4885 2575 4972; x_wconf 85' lang='lat' dir='ltr'><strong>periculis</strong></span> <span class='ocrx_word' id='word_1_404' title='bbox 2629 4887 2938 4974; x_wconf 85' lang='lat' dir='ltr'><strong>promptis</strong></span> <span class='ocrx_word' id='word_1_405' title='bbox 2984 4887 3213 4953; x_wconf 87' lang='lat' dir='ltr'><strong>animis</strong></span> <span class='ocrx_word' id='word_1_406' title='bbox 3258 4907 3569 4972; x_wconf 82' lang='lat' dir='ltr'><strong>exponere</strong></span> 
     </span>
     <span class='ocr_line' id='line_1_41' title="bbox 719 4991 3568 5081; baseline 0.001 -24"><span class='ocrx_word' id='word_1_407' title='bbox 719 5011 846 5058; x_wconf 92' lang='lat' dir='ltr'><strong>non</strong></span> <span class='ocrx_word' id='word_1_408' title='bbox 889 4991 1249 5060; x_wconf 83' lang='lat' dir='ltr'><strong>formidant.</strong></span> <span class='ocrx_word' id='word_1_409' title='bbox 1331 4993 1495 5062; x_wconf 87' lang='lat' dir='ltr'><strong>Sane</strong></span> <span class='ocrx_word' id='word_1_410' title='bbox 1553 4995 1633 5061; x_wconf 89' lang='lat' dir='ltr'><strong>ad</strong></span> <span class='ocrx_word' id='word_1_411' title='bbox 1677 5000 1963 5062; x_wconf 87' lang='lat' dir='ltr'><strong>nostrum</strong></span> <span class='ocrx_word' id='word_1_412' title='bbox 2008 5014 2211 5081; x_wconf 90' lang='lat' dir='ltr'><strong>nuper</strong></span> <span class='ocrx_word' id='word_1_413' title='bbox 2253 4994 2541 5080; x_wconf 85' lang='lat' dir='ltr'><strong>pervenit</strong></span> <span class='ocrx_word' id='word_1_414' title='bbox 2584 4994 2896 5079; x_wconf 84' lang='lat' dir='ltr'><strong>auditum,</strong></span> <span class='ocrx_word' id='word_1_415' title='bbox 2951 4994 3147 5079; x_wconf 89' lang='lat' dir='ltr'><strong>quod,</strong></span> <span class='ocrx_word' id='word_1_416' title='bbox 3194 4993 3343 5061; x_wconf 89' lang='lat' dir='ltr'><strong>licet</strong></span> <span class='ocrx_word' id='word_1_417' title='bbox 3384 4993 3568 5060; x_wconf 81' lang='lat' dir='ltr'><strong>dictis</strong></span> 
     </span>
    </p>
   </div>
   <div class='ocr_carea' id='block_1_10' title="bbox 3819 169 3825 2042">
    <p class='ocr_par' dir='ltr' id='par_1_11' title="bbox 3819 169 3825 2042">
     <span class='ocr_line' id='line_1_42' title="bbox 3819 169 3825 2042; baseline 0 0"><span class='ocrx_word' id='word_1_418' title='bbox 3819 169 3825 2042; x_wconf 95' lang='lat' dir='ltr'><strong> </strong></span> 
     </span>
    </p>
   </div>
   <div class='ocr_carea' id='block_1_11' title="bbox 3820 2187 3824 4382">
    <p class='ocr_par' dir='ltr' id='par_1_12' title="bbox 3820 2187 3824 4382">
     <span class='ocr_line' id='line_1_43' title="bbox 3820 2187 3824 4382; baseline 0 0"><span class='ocrx_word' id='word_1_419' title='bbox 3820 2187 3824 4382; x_wconf 95' lang='lat' dir='ltr'><strong> </strong></span> 
     </span>
    </p>
   </div>
   <div class='ocr_carea' id='block_1_12' title="bbox 3819 2187 3825 5428">
    <p class='ocr_par' dir='ltr' id='par_1_13' title="bbox 3819 2187 3825 5428">
     <span class='ocr_line' id='line_1_44' title="bbox 3819 2187 3825 5428; baseline 0 0"><span class='ocrx_word' id='word_1_420' title='bbox 3819 2187 3825 5428; x_wconf 95' lang='lat' dir='ltr'><strong> </strong></span> 
     </span>
    </p>
   </div>
  </div>
 </body>
</html>
