3892 5609
1324 370 1716 421 vamneu
1758 371 2147 421 cananum
2346 332 2354 339 ⁵
3008 360 3049 432 3
3065 360 3100 431 1
3116 358 3157 431 3

314 529 489 601 354.
533 533 702 599 1221
732 533 1064 618 februarii
1105 534 1147 598 5
1203 531 1525 598 Laterani.
1615 532 1940 598 Honorius
1984 532 2109 598 III
2152 535 2429 599 concedit
2477 508 2699 599 'ordini
2760 532 3160 615 Theutonic0‚

535 642 704 727 quod
749 644 808 706 ei
850 642 1054 727 leqata
1097 641 1366 706 duorum
1409 640 1507 705 vel
1548 643 1738 705 mum
1783 644 2029 706 testium
2071 641 2254 707 verbo
2298 641 2569 727 probare
2611 644 2829 728 possit.

532 781 846 848 Honorius
893 782 1224 868 episcopus
1280 801 1496 847 servus
1553 801 1875 848 servorum
1933 782 2035 848 dei
2078 782 2321 848 dilectis
2373 780 2520 848 filiis
2566 782 2867 867 magistro
2929 787 2991 848 et
3033 781 3191 848 fra-x

311 888 513 955 tribus
569 888 898 975 hospitalis
955 894 1169 955 sancte
1225 887 1422 954 Marie
1477 876 1995 955 Theotonicorum
2051 888 2531 956 lerosolimitani
2588 890 2852 956 salutem
2900 894 2963 955 et
3014 908 3165 975 apo·-

313 995 598 1062 stolicam
647 996 1158 1065 benedictionem.
1429 995 1604 1062 Sicut
1658 995 2036 1079 ewangelica
2076 997 2338 1062 veritate
2400 993 2759 1062 attestante²
2815 995 3164 1079 didicimuS‚

313 1107 443 1170 stat
486 1104 553 1168 in
599 1121 705 1169 ore
751 1104 1016 1169 duorum
1060 1102 1160 1169 vel
1205 1103 1395 1168 trium
1443 1104 1695 1169 testium
1745 1123 1927 1169 omne
1973 1102 2249 1169 verbum.
2322 1102 2481 1181 Quia
2538 1123 2684 1186 ergo
2744 1102 2864 1189 piis
2933 1108 2997 1169 et
3050 1102 3165 1169 deo

313 1211 539 1276 dicatis
597 1210 749 1276 locis
807 1230 884 1276 ex
939 1210 1512 1276 amministracione
1568 1210 1843 1295 suscepti
1897 1210 2218 1293 regiminis
2276 1209 2612 1293 benignum
2667 1208 2963 1276 debemus
3018 1228 3164 1274 con-

312 1317 478 1384 ferre
524 1316 894 1400 consultum,
941 1317 1082 1403 paci
1127 1322 1191 1383 et
1233 1316 1572 1382 humilitati
1610 1323 1815 1382 vestre
1857 1318 2269 1404 imposterum
2316 1316 2653 1383 clementer
2696 1316 3023 1401 providere
3060 1336 3168 1383 vo-

313 1424 516 1491 lentes
561 1424 838 1510 presenti
883 1424 1130 1490 decreto
1177 1424 1531 1506 statuimuS,
1579 1428 1651 1488 ut
1692 1444 1786 1506 ea,
1834 1444 1953 1507 que
1998 1424 2063 1490 in
2111 1424 2502 1491 testamentis
2532 1423 2631 1490 vel
2663 1423 2941 1508 quolibet
2967 1422 3170 1489 relicti

315 1550 544 1615 genere
593 1549 632 1596 a
673 1530 1002 1597 devotione
1044 1529 1320 1596 fidelium
1352 1538 1559 1597 vestro
1605 1529 1990 1596 xenodochio
2023 1530 2387 1597 racionabili
2418 1530 2819 1617 providencia
2845 1530 3169 1597 dimittun-

317 1643 422 1705 tur
449 1638 552 1704 vel
595 1637 946 1721 largiuntur
987 1639 1056 1705 in
1101 1638 1425 1725 presencia
1471 1637 1732 1703 duorum
1766 1636 1864 1703 vel
1910 1638 2101 1702 trium
2146 1637 2400 1703 testium
2436 1636 2909 1720 legittimorum,
2954 1642 3169 1702 aucto-

316 1746 508 1812 ritate
571 1750 786 1811 nostra
853 1745 1234 1832 suscipiendi
1301 1744 1584 1810 habeatis
1653 1743 1914 1810 liberam
1984 1742 2365 1810 facultatem.
2470 1742 2642 1809 Nulli
2710 1763 2855 1827 ergo
2916 1744 3170 1809 omnino

318 1852 643 1917 hominum
686 1852 874 1919 liceat
916 1853 1077 1918 hanc
1121 1852 1417 1937 paginam
1463 1855 1677 1916 nostre
1721 1851 2139 1916 concessionis
2185 1850 2525 1933 infringere
2553 1849 2655 1916 vel
2686 1851 2743 1916 ei
2789 1870 2944 1917 ausu
2975 1858 3171 1916 teme-
3222 1928 3228 1935 ι

318 1959 489 2025 rario
545 1954 874 2025 contraire.
949 1957 1018 2025 Si
1072 1959 1213 2042 quis
1271 1963 1480 2024 autem
1533 1957 1650 2023 hoc
1697 1962 2073 2043 attemptare
2124 1958 2609 2044 presumpserit,
2665 1956 3169 2039 indignacionem

321 2066 768 2151 omnipotentis
825 2065 927 2132 dei
971 2072 1036 2132 ct
1089 2065 1413 2131 beatorum
1457 2062 1629 2131 Petri
1675 2071 1737 2131 et
1779 2063 1962 2131 Pauli
2016 2063 2440 2150 apostolorum
2492 2062 2627 2129 eius
2674 2083 2741 2130 se
2786 2064 3032 2129 noverit
3073 2062 3173 2127 in-

320 2192 668 2239 cursurum.
736 2172 971 2239 Datum
1008 2169 1305 2238 Laterani
1350 2192 1492 2237 non.
1526 2172 1826 2239 februarii
1871 2170 2267 2257 pontificatus
2314 2170 2514 2236 nostri
2560 2190 2720 2236 anno
2767 2191 2825 2235 v.

534 2312 653 2364 Sine
690 2304 832 2363 dato:
867 2313 932 2374 11,
964 2314 1119 2363 113v.
1157 2330 1206 2363 n.
1233 2312 1326 2373 673
1365 2313 1426 2363 A.
1453 2310 1522 2363 20
1559 2331 1607 2363 n.
1628 2312 1695 2363 75
1734 2312 1912 2363 Latine
1949 2320 2001 2362 et
2026 2311 2322 2362 Germanice
2360 2327 2471 2361 cum
2500 2320 2647 2362 nota:
2684 2312 2737 2361 iu
2772 2310 3173 2377 Mergintheymg

320 2402 386 2454 D.
411 2400 497 2454 76.
527 2432 587 2439 -
629 2403 751 2453 Cum
787 2402 929 2453 dato:
967 2401 1054 2463 IV,
1086 2402 1185 2452 188
1197 2420 1242 2453 v.
1279 2420 1329 2453 n.
1355 2400 1450 2461 21;
1487 2401 1551 2452 R.
1577 2401 1642 2452 67
1681 2400 1810 2451 inter
1846 2400 2337 2467 Mergenthemensia
2372 2398 2420 2451 7.
2463 2430 2523 2439 -—
2568 2400 2854 2467 Originale,
2891 2417 3000 2449 cum
3036 2399 3177 2451 bulla

321 2492 374 2543 in
409 2490 508 2543 filis
544 2490 744 2542 sericeis
781 2490 1119 2557 appendente,
1156 2490 1406 2557 quondam
1440 2490 1834 2556 Mergenthemi,
1871 2506 2003 2540 nunc
2040 2488 2367 2540 vindobonae
2403 2488 2454 2539 in
2491 2486 2689 2540 archivo
2726 2488 2912 2540 ordinis
2948 2488 3171 2539 'l'heuto-

321 2580 425 2632 nici
459 2588 760 2631 asservatur.
816 2579 924 2632 Iob.
947 2580 1032 2631 31.
1087 2579 1218 2631 Edd.
1247 2580 1514 2645 Caorsinffl
1549 2579 1634 2630 fol.
1662 2579 1716 2630 C.
1741 2596 1817 2640 v.;
1857 2578 2053 2629 Senner
2088 2577 2173 2629 fol.
2198 2577 2259 2628 E.
2284 2594 2331 2629 ν.
2512 2578 2560 2628 1.
2594 2576 2777 2629 Matth.
2807 2577 2888 2639 18,
2917 2576 2998 2628 16.

331 2848 506 2921 355.
549 2851 720 2917 1221
750 2850 1080 2935 februarii
1120 2848 1166 2915 8
1207 2847 1530 2914 Laterani.
1609 2848 1933 2915 Honorius
1981 2848 2102 2915 III
2146 2849 2532 2914 commendat
2584 2847 2888 2934 praelatis
2935 2847 3177 2912 ordinis

557 2956 928 3024 Theutonioi
969 2956 1370 3043 confram-ias,
1418 2957 1724 3037 ecclesias,
1773 2958 2027 3021 clericos
2072 2958 2347 3023 tuendos.

554 3099 870 3167 Honorius
917 3099 1246 3187 episcopus
1301 3119 1519 3166 servus
1575 3118 1894 3165 servorum
1954 3098 2057 3165 dei
2110 3095 2567 3163 venerabilibus
2620 3094 2921 3161 fratribus
2978 3094 3179 3162 archi-

330 3207 642 3297 episcopis
689 3212 754 3275 et
797 3207 1073 3293 epicopis
1120 3213 1184 3273 et
1227 3208 1471 3274 dilectis
1527 3206 1674 3272 filiis
1721 3204 2080 3288 abbatibus,
2138 3202 2485 3290 prioribus,
2543 3202 3016 3286 archidiaconiS,
3071 3201 3179 3268 de-

329 3316 504 3383 canis
547 3320 614 3381 et
655 3314 795 3381 aliis
843 3314 1243 3381 ecclesiarum
1277 3313 1555 3401 prelatiS,
1603 3312 1682 3379 ad
1728 3332 1882 3397 quos
1926 3312 2135 3378 littere
2179 3312 2299 3377 iste
2342 3310 2761 3396 pervenerint,
2808 3309 3075 3375 salutem
3118 3314 3181 3375 et

331 3421 741 3510 apostolicam
771 3420 1284 3489 benedictionem.
1511 3420 1613 3487 Ad
1643 3420 1905 3486 iniurias
1935 3426 2001 3485 et
2028 3418 2347 3484 molestias
2379 3416 2856 3504 propulsandas,
2886 3437 3005 3503 que
3034 3416 3181 3483 reli-

329 3531 524 3615 giosis
552 3528 907 3596 hominibus
936 3528 1310 3613 inferuntur,
1335 3527 1539 3595 nullos
1558 3528 1759 3611 magis
1784 3547 1970 3612 quam
2006 3526 2279 3613 prelatos
2302 3524 2705 3591 ecclesiarum
2727 3520 3017 3591 conve'nit
3034 3542 3181 3589 con-

331 3658 554 3721 gruam
599 3636 1077 3704 sollicitudinem
1114 3636 1428 3703 adhibere.
1501 3634 1676 3703 Sicut
1705 3639 1910 3701 autem
1960 3633 2172 3700 dilecti
2200 3631 2315 3699 filii
2342 3633 2568 3699 fratres
2600 3633 2823 3698 domus
2852 3630 3181 3717 hospitalis

333 3750 547 3813 sancte
576 3744 774 3813 Mario
807 3744 1323 3811 Theotonicorum
1373 3742 1852 3809 Ierosolimitani
1897 3762 2012 3808 sua
2056 3740 2238 3808 nobis
2283 3739 2703 3806 insinuatione
2732 3742 3182 3821 monstrarunt,

334 3854 501 3939 quod
559 3872 670 3919 vos
726 3852 802 3918 de
848 3871 1009 3917 novo
1065 3850 1368 3936 quasdam
1425 3849 1798 3916 confratrias
1842 3850 1908 3915 in
1956 3850 2181 3915 vestris
2234 3847 2511 3914 ecclesiis
2560 3850 2903 3913 statuentes
2962 3864 3184 3911 eorun-

337 3962 480 4028 dem
513 3960 884 4027 confratrias
923 3957 1061 4025 fieri
1102 3958 1446 4045 prohibetis
1479 3960 1542 4023 et
1569 3962 1788 4023 contra
1817 3976 1910 4040 ea,
1944 3976 2062 4041 que
2092 3954 2248 4041 ipsis
2278 3953 2672 4039 indulsimuS,
2719 3959 2847 4020 tam
2893 3952 3185 4019 ecclesias

337 4088 525 4154 quam
584 4067 842 4143 clericos
902 4064 1236 4132 eorundem
1297 4065 1619 4131 occasione
1675 4062 1953 4148 qualibet
2006 4068 2361 4146 emergent-e
2416 4061 2766 4148 subponitis
2829 4060 3184 4142 interdicto,

334 4174 479 4242 illos
527 4194 805 4260 quoque,
864 4174 970 4260 qui
1017 4174 1081 4238 in
1127 4173 1324 4238 dictos
1371 4171 1596 4237 fratres
1643 4191 1866 4237 manus
1911 4170 2177 4235 iniciunt
2224 4169 2549 4253 violentae,
2597 4169 2812 4235 domos
2844 4187 3055 4235 eorum
3092 4166 3187 4233 di-

335 4286 530 4349 ruunt
587 4282 686 4349 vel
741 4281 1077 4365 invadunt,
1141 4280 1230 4346 eis
1289 4300 1388 4345 res
1447 4278 1600 4345 alias
1659 4277 2009 4345 auferentes
2066 4277 2165 4342 vel
2219 4278 2390 4363 ipsos
2448 4276 2912 4361 quomodolibet
2967 4294 3187 4358 aggra—

336 4395 558 4457 vantes
603 4390 914 4473 corrigere
959 4408 1084 4454 non
1131 4386 1383 4453 curatis.
1454 4385 1758 4464 Quoniam
1805 4385 1998 4468 igitur
2038 4383 2243 4451 officio
2272 4388 2487 4450 nostro
2518 4383 2785 4449 multum
2817 4382 3187 4465 detrahitur,

335 4498 394 4565 si
455 4498 604 4565 viris
668 4495 978 4580 religiosis
1043 4514 1384 4579 gravamen
1440 4492 1692 4579 aliquod
1754 4492 2060 4559 inferatur
2124 4512 2241 4558 nec
2307 4511 2413 4558 eos
2470 4490 2547 4557 ab
2612 4510 2829 4557 eorum
2885 4489 3188 4555 molestiis

337 4604 697 4688 defensetis,
729 4602 1123 4670 universitati
1154 4606 1358 4668 vestre
1385 4622 1500 4688 per
1531 4599 1874 4686 apostolica
1904 4599 2141 4686 scripta
2170 4598 2540 4665 mandamus
2571 4603 2759 4682 atque
2788 4596 3188 4683 precipimuS,

339 4718 646 4798 quatenus
683 4731 876 4798 opera
905 4709 1182 4797 pietatis,
1217 4728 1336 4793 que
1365 4708 1525 4774 fiunt
1551 4708 1619 4774 in
1648 4704 1790 4773 illo'
1820 4707 2083 4773 fratrum
2115 4706 2535 4793 predictorum
2567 4703 2973 4787 xenodochio,
3004 4722 3190 4769 vene-

338 4820 538 4887 rando
553 4870 574 4903 ,
629 4818 988 4902 diligentins
1033 4816 1428 4884 attendentes
1473 4834 1660 4902 super
1705 4813 2059 4881 confratriis
2112 4834 2327 4881 eorum
2382 4812 2624 4879 nullum
2684 4812 3025 4897 dampnum
3072 4810 3191 4877 eis-

339 4930 486 4997 dem
542 4926 842 4994 fratribus
900 4946 1013 5013 per
1069 4924 1378 5012 quaslibet
1432 4922 1588 4990 alias
1648 4922 2019 4989 confratrias
2080 4941 2191 4989 seu
2262 4920 2675 5007 preiudicium
2738 4919 3023 4985 inferatis
3076 4936 3193 4985 nec

341 5036 424 5103 ab
465 5036 606 5103 aliis
646 5034 1030 5123 permittatis
1067 5033 1288 5101 inferri
1339 5052 1456 5099 nec
1507 5051 1724 5099 eorum
1773 5030 2071 5101 ecclesias
2112 5028 2211 5097 vel
2263 5028 2519 5099 clericos
2571 5031 2790 5096 contra
2840 5025 3191 5113 privilegia,
