3892 5609
732 338 826 409 37
837 340 882 409 Ο
1699 346 2121 395 ron-rmcuu
2166 346 2607 395 nomenoium

733 509 774 579 5
790 508 824 577 l
840 507 907 577 9.
949 510 1126 576 1248
1151 511 1440 575 ianuarii
1466 508 1552 574 19
1583 508 1904 573 Laterani.
1955 507 2352 573 Innocentius
2376 508 2487 573 IV
2505 508 2727 593 repetit
2754 528 2816 569 n.
2832 504 2973 570 473
3002 506 3079 569 de
3100 503 3279 570 1244
3308 526 3454 587 apr.
3472 460 3576 567 20.

949 650 1344 717 Innocentius
1399 654 1514 715 etc.
1739 648 1897 715 Cum
1944 649 2023 715 de
2066 650 2217 715 viris
2264 654 2380 716 etc.
2472 647 2707 715 Datum
2752 644 3051 713 Laterani
3092 664 3235 710 xnu
3278 643 3583 710 kalendas

727 758 1030 826 februarii
1074 756 1473 845 pontificatus
1518 757 1719 823 nostri
1765 776 1930 822 anno
1976 756 2213 842 quinto.

733 1085 909 1157 520.
952 1087 1158 1169 (Inter
1199 1087 1386 1153 1247
1439 1089 1610 1151 iunii
1651 1087 1738 1152 24
1791 1100 1848 1152 et
1899 1085 2078 1151 1248
2134 1088 2302 1151 iunii
2343 1082 2486 1165 23.)
2567 1083 2965 1149 Innocentius
3010 1082 3057 1147 I
3060 1081 3122 1147 V
3166 1083 3397 1167 repetit
3446 1079 3583 1145 Ho-

947 1197 1120 1261 norii
1164 1193 1288 1259 III
1319 1216 1382 1257 n.
1415 1194 1550 1260 339
1594 1194 1670 1257 de
1715 1192 1885 1259 1221
1933 1195 2225 1259 ianuarii
2265 1192 2371 1257 20.

949 1334 1346 1402 Innocentius
1394 1334 1723 1421 episcopus
1768 1354 1985 1399 servus
2030 1353 2352 1400 servorum
2398 1332 2498 1399 dei
2546 1338 2661 1399 etc.
2885 1328 3117 1397 Dilecti
3159 1327 3309 1412 filii,
3356 1328 3587 1393 fratres

731 1442 1061 1530 hospitalis
1112 1478 1193 1488 —
1241 1440 1624 1507 fraternitati
1654 1446 1860 1507 vestre
1887 1460 2003 1527 per
2034 1440 2380 1527 apostolica
2408 1440 2645 1526 scripta
2675 1474 2758 1485 -
2791 1438 3131 1504 dimittant.
3199 1435 3439 1503 Datum
3470 1439 3585 1501 etc.

731 1570 896 1618 anno
941 1550 1176 1637 quinto.

944 1682 1068 1735 Cum
1104 1682 1250 1735 dato:
1288 1699 1335 1733 ι.
1359 1680 1392 1733 5
1435 1679 1711 1747 „Treviris“
1752 1679 1862 1731 sine
1896 1679 2218 1747 inscriptione
2254 1680 2317 1733 A.
2348 1679 2413 1731 16
2448 1698 2499 1747 p.
2523 1678 2639 1731 120.

739 1994 912 2066 521.
955 1997 1127 2063 1251
1175 1997 1464 2061 ianuarii
1491 1994 1579 2060 18
1623 1994 1942 2079 Iquuni.
2014 1993 2411 2059 Innocentius
2443 1994 2490 2059 I
2493 1994 2553 2059 V
2589 1994 2865 2059 concedit
2905 1994 3307 2079 praeceptori
3349 2004 3407 2055 et
3430 1990 3590 2073 fra-

955 2104 1153 2170 tribus
1178 2104 1419 2168 ordinis
1447 2100 1813 2167 sseutonici
1835 2104 1908 2165 in
1926 2101 2139 2166 Iunc-is
2158 2102 2520 2167 Leodiensis
2544 2103 2858 2180 dioecesis,
2885 2101 3055 2186 quod
3076 2100 3347 2163 decimas
3368 2100 3441 2161 in
3465 2120 3591 2184 pa-

954 2212 1187 2277 rochiis
1210 2210 1434 2275 alienis
1457 2212 1534 2275 de
1561 2210 1850 2275 manibus
1881 2210 2186 2273 laicorum
2214 2211 2515 2274 redimere
2538 2210 2805 2295 possint,
2830 2222 3135 2273 rectorum
3166 2206 3589 2283 ecclesias-mn,

953 2323 1024 2385 in
1080 2340 1350 2405 quarum
1394 2318 1721 2405 parochiis
1767 2318 2040 2382 decimae
2080 2318 2259 2403 ipsae
2303 2319 2676 2397 consistunt,
2724 2328 2780 2381 et
2824 2318 3329 2381 dioecesanorum
3376 2334 3593 2377 earum

959 2428 1277 2491 accedente
1321 2446 1638 2490 consensu.

879 2561 887 2570 “
948 2566 1034 2617 Or.
1071 2565 1322 2631 quondam
1359 2564 1780 2629 (confluentinum
1792 2564 1838 2629 2)
1875 2563 2119 2614 Iuncense
2154 2580 2265 2615 cum
2300 2562 2437 2614 bulla
2472 2562 2523 2614 in
2558 2562 2655 2613 filis
2692 2562 2893 2613 sericeis
2928 2562 3088 2613 rubris
3114 2570 3165 2611 et
3185 2560 3338 2611 luteis
3364 2576 3593 2625 appensa.

738 2654 790 2705 in
827 2654 1026 2705 archivo
1063 2654 1250 2707 ordinis
1275 2652 1570 2705 Theutonici
1593 2652 1988 2705 vindobonensi.
2042 2652 2145 2704 Sed
2170 2653 2317 2703 etiam
2348 2650 2585 2717 generale
2610 2651 2851 2703 eiusmodi
2876 2666 3137 2702 emanasse
3160 2649 3399 2715 colligere
3420 2648 3591 2699 forsan

736 2742 857 2793 lieet
889 2742 1023 2804 inde,
1061 2742 1193 2808 quod
1229 2742 1296 2794 ad
1331 2742 1518 2793 calcem
1552 2740 1826 2793 Alexandri
1848 2742 1922 2792 IV
1958 2740 2206 2808 privilegii
2230 2741 2447 2808 (Affectu
2472 2741 2609 2808 sunt)
2644 2740 2711 2793 de
2737 2739 2873 2791 1260
2906 2756 3020 2791 nov,
3051 2737 3115 2790 16
3149 2739 3201 2790 in
3227 2740 3291 2789 A.
3308 2738 3381 2789 20
3416 2756 3471 2789 n.
3492 2736 3593 2789 103

735 2830 920 2896 legitur
960 2831 1314 2897 „Innocencius
1351 2831 1575 2883 eiusdem
1610 2831 1796 2884 tenoris
1831 2832 1882 2883 in
1917 2832 2160 2883 Leodio“.

746 3139 921 3212 522.
961 3144 1133 3210 1251
1183 3146 1467 3209 ianuarii
1507 3144 1596 3209 20
1650 3142 1971 3229 Luyduni.
2056 3144 2453 3209 Innocentius
2498 3142 2608 3210 IV
2656 3144 2920 3209 libemm
2974 3144 3255 3209 declarat
3309 3145 3595 3209 ordinem

972 3249 1417 3316 Theutonicum
1471 3252 1540 3315 in
1585 3250 1968 3316 Alemannia
2022 3250 2101 3317 ab
2148 3252 2569 3317 exactionibus
2611 3272 2728 3338 per
2762 3252 3086 3339 praelatos
3128 3254 3201 3316 in
3243 3252 3595 3317 subsidium

966 3358 1253 3423 ecclesiae
1299 3358 1622 3423 Romanae
1663 3356 1997 3423 solvendis.

965 3498 1360 3567 Innocentius
1413 3500 1742 3585 episcopus
1799 3520 2019 3566 servus
2079 3520 2400 3567 servorum
2457 3499 2559 3567 dei
2617 3498 2859 3567 dilectis
2914 3498 3060 3566 filiis
3118 3500 3477 3588 preceptori
3532 3505 3597 3567 et

743 3606 1044 3674 fratribus
1111 3606 1442 3693 hospitalis
1515 3612 1729 3674 sancte
1781 3606 1983 3675 Marie
2042 3607 2561 3675 Theutonicorum
2630 3608 2697 3674 in
2752 3607 3131 3674 Alemannia
3196 3606 3464 3675 salutem
3532 3614 3595 3673 et

745 3714 1150 3801 apostolicam
1197 3714 1711 3783 benedictionem.
1977 3715 2079 3781 Ex
2122 3722 2339 3783 tenore
2380 3720 2587 3782 vestre
2630 3715 2953 3801 petitionis
2998 3715 3377 3802 accepimus,
3430 3714 3593 3800 quod

743 3820 1028 3889 nonnulli
1073 3820 1479 3889 ecclesiarum
1523 3822 1750 3909 prelati
1795 3842 1870 3890 ac
1912 3823 2127 3890 nuncii
2173 3827 2237 3890 et
2278 3822 2471 3907 legati
2516 3822 2681 3890 sedis
2728 3822 3069 3910 apostolice
3112 3828 3411 3909 pretextu
3448 3822 3595 3889 sub-

745 3929 890 3995 sidii
935 3928 1192 3997 ecclesie
1233 3928 1513 3997 Romane
1560 3930 1894 4016 aliquando
1943 3937 2229 4018 quartam
2245 3980 2265 4015 ,
2312 3931 2682 4016 quandoque
2728 3932 3042 4017 quintam,
3088 3930 3405 3999 interdum
3448 3950 3593 3997 vero

745 4036 1048 4105 decimam
1097 4056 1208 4103 seu
1253 4037 1616 4103 vicesimam
1661 4044 1906 4124 partem
1954 4044 2303 4106 vestrorum
2349 4043 2767 4124 proventuum
2812 4058 2851 4105 a
2893 4038 3069 4106 vobis
3103 4039 3355 4121 exigere
3384 4058 3459 4105 ac
3488 4058 3595 4105 ex-

745 4149 1035 4230 torquere
1080 4149 1468 4230 presumunt.
1539 4144 1699 4211 Cum
1743 4146 1957 4231 itaque
2000 4151 2211 4214 vestra
2250 4146 2566 4213 ferventer
2612 4146 2691 4212 ad
2734 4146 2853 4212 hoc
2895 4146 3158 4213 desudet
3190 4146 3481 4231 intentio,
3528 4151 3597 4213 ut

744 4248 909 4317 bona
951 4250 1129 4317 vobis
1174 4251 1609 4337 provenientia
1653 4253 2003 4320 refundatis
2046 4254 2115 4319 in
2160 4259 2325 4321 terre
2372 4257 2583 4319 sancte
2618 4251 2963 4319 subsidium
2995 4258 3059 4320 et
3086 4254 3467 4321 convertatis
3498 4274 3595 4321 as-

747 4356 924 4423 sidue
965 4358 1033 4423 in
1079 4356 1382 4424 auxilium
1429 4378 1766 4442 egenorum
1781 4410 1800 4444 ,
1856 4366 1919 4427 et
1964 4380 2043 4427 ex
2086 4360 2205 4427 hoc
2249 4360 2509 4444 dignum
2554 4360 2638 4427 sit
2680 4360 2855 4427 vobis
2900 4360 2968 4427 in
3012 4361 3405 4427 necessitatis
3452 4381 3595 4428 con·

743 4464 920 4531 tinue
965 4466 1320 4531 constitutis
1367 4466 1628 4533 articulo
1673 4466 1995 4535 subveniri
2025 4467 2256 4554 potine,
2303 4488 2491 4554 quam
2524 4468 2601 4534 de
2632 4467 3035 4555 proventibus
3064 4468 3219 4555 ipsis
3250 4468 3597 4535 subsidium

745 4571 1080 4659 postulari3
1137 4592 1252 4639 nos
1305 4574 1532 4640 vestris
1591 4574 2152 4661 supplicationibus
2209 4580 2583 4660 annuentes,
2644 4581 2714 4641 ut
2770 4574 2849 4641 ad
2907 4574 3251 4662 predictam
3310 4582 3597 4661 quartam

745 4679 847 4746 vel
900 4680 1182 4765 quintam
1242 4686 1352 4747 aut
1408 4680 1716 4748 decimam
1761 4682 1862 4749 vel
1906 4682 2269 4750 vicesimam
2314 4682 2645 4750 solvendas
2688 4681 2945 4749 minime
2988 4682 3363 4767 teneamini,
3420 4684 3599 4751 vobis

746 4788 1118 4855 auctoritate
1163 4788 1549 4874 presentium
1595 4791 1993 4858 concedimus
2039 4790 2117 4856 de
2160 4790 2365 4875 gratia
2410 4789 2685 4877 speciali.
2776 4789 2950 4856 Nulli
2996 4810 3144 4875 ergo
3188 4791 3445 4858 omnino
3488 4790 3599 4857 ho-

747 4894 988 4961 minum
1043 4895 1232 4963 liceat
1279 4896 1442 4963 hanc
1496 4901 1710 4965 nostre
1755 4896 2174 4965 concessionis
2227 4898 2525 4984 paginam
2568 4898 2909 4982 infringere
2951 4897 3053 4965 vel
3098 4898 3158 4964 ei
3204 4918 3363 4965 ausu
3406 4904 3599 4965 teme-

745 5002 914 5069 rario
980 5004 1310 5071 contraire.
1424 5002 1494 5071 Si
1561 5005 1701 5091 quis
1769 5010 1981 5073 autem
2046 5004 2167 5072 hoc
2232 5009 2608 5092 attemptare
2670 5005 3155 5093 presumpserit,
3220 5005 3599 5091 indignatio-
