<?xml version="1.0" encoding="UTF-8"?>
<!DOCTYPE html PUBLIC "-//W3C//DTD XHTML 1.0 Transitional//EN"
    "http://www.w3.org/TR/xhtml1/DTD/xhtml1-transitional.dtd">
<html xmlns="http://www.w3.org/1999/xhtml" xml:lang="en" lang="en">
 <head>
  <title>
</title>
<meta http-equiv="Content-Type" content="text/html;charset=utf-8" />
  <meta name='ocr-system' content='tesseract 3.04.00' />
  <meta name='ocr-capabilities' content='ocr_page ocr_carea ocr_par ocr_line ocrx_word'/>
</head>
<body>
  <div class='ocr_page' id='page_1' title='image "./tabulaeordinist00stregoog_0177.png"; bbox 0 0 3892 5609; ppageno 0'>
   <div class='ocr_carea' id='block_1_1' title="bbox 1391 301 3213 407">
    <p class='ocr_par' dir='ltr' id='par_1_1' title="bbox 1391 301 3213 407">
     <span class='ocr_line' id='line_1_1' title="bbox 1391 301 3213 407; baseline 0 -35"><span class='ocrx_word' id='word_1_1' title='bbox 1391 325 1811 374; x_wconf 54' lang='lat' dir='ltr'>summm.</span> <span class='ocrx_word' id='word_1_2' title='bbox 1882 325 2196 376; x_wconf 73' lang='lat' dir='ltr'>nonnum</span> <span class='ocrx_word' id='word_1_3' title='bbox 2903 396 2910 407; x_wconf 25' lang='grc' dir='ltr'>ι</span> <span class='ocrx_word' id='word_1_4' title='bbox 3072 316 3107 385; x_wconf 85' lang='grc'>1</span> <span class='ocrx_word' id='word_1_5' title='bbox 3123 301 3213 386; x_wconf 78' lang='lat'>61</span> 
     </span>
    </p>
   </div>
   <div class='ocr_carea' id='block_1_2' title="bbox 356 483 3222 1215">
    <p class='ocr_par' dir='ltr' id='par_1_2' title="bbox 356 483 3222 1108">
     <span class='ocr_line' id='line_1_2' title="bbox 360 483 3219 574; baseline 0.001 -24"><span class='ocrx_word' id='word_1_6' title='bbox 360 483 707 550; x_wconf 87' lang='lat' dir='ltr'>solimitani</span> <span class='ocrx_word' id='word_1_7' title='bbox 752 484 1007 570; x_wconf 87' lang='lat' dir='ltr'>eiusque</span> <span class='ocrx_word' id='word_1_8' title='bbox 1050 483 1351 552; x_wconf 86' lang='lat' dir='ltr'>fratribus</span> <span class='ocrx_word' id='word_1_9' title='bbox 1398 490 1528 552; x_wconf 86' lang='lat' dir='ltr'>tam</span> <span class='ocrx_word' id='word_1_10' title='bbox 1567 486 1962 573; x_wconf 80' lang='lat' dir='ltr'><strong>presentibus</strong></span> <span class='ocrx_word' id='word_1_11' title='bbox 2009 507 2198 572; x_wconf 85' lang='lat' dir='ltr'>quam</span> <span class='ocrx_word' id='word_1_12' title='bbox 2227 486 2458 552; x_wconf 89' lang='lat' dir='ltr'>futuris</span> <span class='ocrx_word' id='word_1_13' title='bbox 2487 487 2554 551; x_wconf 90' lang='lat' dir='ltr'>in</span> <span class='ocrx_word' id='word_1_14' title='bbox 2601 492 2994 574; x_wconf 90' lang='lat' dir='ltr'>perpetuum.</span> <span class='ocrx_word' id='word_1_15' title='bbox 3064 487 3219 554; x_wconf 85' lang='lat' dir='ltr'>Cum</span> 
     </span>
     <span class='ocr_line' id='line_1_3' title="bbox 358 589 3222 681; baseline 0.001 -24"><span class='ocrx_word' id='word_1_16' title='bbox 358 591 537 674; x_wconf 84' lang='lat' dir='ltr'>regie</span> <span class='ocrx_word' id='word_1_17' title='bbox 579 589 1049 676; x_wconf 85' lang='lat' dir='ltr'>magnificencie</span> <span class='ocrx_word' id='word_1_18' title='bbox 1106 597 1171 660; x_wconf 91' lang='lat' dir='ltr'>et</span> <span class='ocrx_word' id='word_1_19' title='bbox 1219 591 1645 660; x_wconf 90' lang='lat' dir='ltr'>munificentie</span> <span class='ocrx_word' id='word_1_20' title='bbox 1687 593 1990 661; x_wconf 84' lang='lat' dir='ltr'>beneficia</span> <span class='ocrx_word' id='word_1_21' title='bbox 2033 599 2152 662; x_wconf 85' lang='lat' dir='ltr'>etc.</span> <span class='ocrx_word' id='word_1_22' title='bbox 2200 617 2396 681; x_wconf 73' lang='lat' dir='ltr'>usque</span> <span class='ocrx_word' id='word_1_23' title='bbox 2437 593 2746 661; x_wconf 90' lang='lat' dir='ltr'>Robertus</span> <span class='ocrx_word' id='word_1_24' title='bbox 2793 594 3222 661; x_wconf 79' lang='lat' dir='ltr'>olomucensis</span> 
     </span>
     <span class='ocr_line' id='line_1_4' title="bbox 360 698 3222 788; baseline 0.001 -24"><span class='ocrx_word' id='word_1_25' title='bbox 360 699 716 785; x_wconf 88' lang='lat' dir='ltr'>episcopus,</span> <span class='ocrx_word' id='word_1_26' title='bbox 764 699 955 766; x_wconf 84' lang='lat' dir='ltr'>abbas</span> <span class='ocrx_word' id='word_1_27' title='bbox 1002 698 1401 768; x_wconf 85' lang='lat' dir='ltr'>Gradicensis</span> <span class='ocrx_word' id='word_1_28' title='bbox 1449 737 1531 746; x_wconf 84' lang='lat'>——</span> <span class='ocrx_word' id='word_1_29' title='bbox 1561 701 1843 769; x_wconf 85' lang='lat' dir='ltr'>Benarus</span> <span class='ocrx_word' id='word_1_30' title='bbox 1890 739 1972 749; x_wconf 94' lang='lat'>—</span> <span class='ocrx_word' id='word_1_31' title='bbox 2015 701 2342 768; x_wconf 89' lang='lat' dir='ltr'>Prozimus</span> <span class='ocrx_word' id='word_1_32' title='bbox 2387 701 2764 770; x_wconf 83' lang='lat' dir='ltr'>castellanus</span> <span class='ocrx_word' id='word_1_33' title='bbox 2808 702 3222 788; x_wconf 74' lang='lat' dir='ltr'>Znoimensi3‚</span> 
     </span>
     <span class='ocr_line' id='line_1_5' title="bbox 356 805 3221 895; baseline 0.001 -24"><span class='ocrx_word' id='word_1_34' title='bbox 356 805 689 874; x_wconf 78' lang='lat' dir='ltr'>Echardus</span> <span class='ocrx_word' id='word_1_35' title='bbox 734 811 799 873; x_wconf 90' lang='lat' dir='ltr'>et</span> <span class='ocrx_word' id='word_1_36' title='bbox 840 807 1037 874; x_wconf 85' lang='lat' dir='ltr'>frater</span> <span class='ocrx_word' id='word_1_37' title='bbox 1064 808 1450 895; x_wconf 86' lang='lat' dir='ltr'>Arthleybus</span> <span class='ocrx_word' id='word_1_38' title='bbox 1480 809 1805 876; x_wconf 84' lang='lat' dir='ltr'>castellani</span> <span class='ocrx_word' id='word_1_39' title='bbox 1833 809 2242 876; x_wconf 88' lang='lat' dir='ltr'>Znoimenses</span> <span class='ocrx_word' id='word_1_40' title='bbox 2271 845 2352 855; x_wconf 92' lang='lat'>——</span> <span class='ocrx_word' id='word_1_41' title='bbox 2386 809 2619 877; x_wconf 89' lang='lat' dir='ltr'>Actum</span> <span class='ocrx_word' id='word_1_42' title='bbox 2651 809 3018 876; x_wconf 89' lang='lat' dir='ltr'>Olomuconi</span> <span class='ocrx_word' id='word_1_43' title='bbox 3059 819 3221 876; x_wconf 83' lang='lat' dir='ltr'>anno</span> 
     </span>
     <span class='ocr_line' id='line_1_6' title="bbox 358 913 3222 1004; baseline 0.001 -25"><span class='ocrx_word' id='word_1_44' title='bbox 358 913 814 982; x_wconf 82' lang='lat' dir='ltr'>incarnationis</span> <span class='ocrx_word' id='word_1_45' title='bbox 843 924 936 980; x_wconf 72' lang='grc' dir='ltr'>111ο</span> <span class='ocrx_word' id='word_1_46' title='bbox 964 923 1059 982; x_wconf 85' lang='lat' dir='ltr'>cc⁰</span> <span class='ocrx_word' id='word_1_47' title='bbox 1090 916 1250 982; x_wconf 83' lang='lat' dir='ltr'>xxii⁰</span> <span class='ocrx_word' id='word_1_48' title='bbox 1282 917 1395 982; x_wconf 84' lang='lat' dir='ltr'>vii⁰</span> <span class='ocrx_word' id='word_1_49' title='bbox 1424 915 1551 982; x_wconf 85' lang='lat' dir='ltr'>kal.</span> <span class='ocrx_word' id='word_1_50' title='bbox 1586 916 1960 1004; x_wconf 78' lang='lat' dir='ltr'><strong>septembris</strong></span> <span class='ocrx_word' id='word_1_51' title='bbox 1989 916 2333 985; x_wconf 77' lang='lat' dir='ltr'>indictione</span> <span class='ocrx_word' id='word_1_52' title='bbox 2378 938 2421 981; x_wconf 87' lang='lat' dir='ltr'>x</span> <span class='ocrx_word' id='word_1_53' title='bbox 2453 917 2601 984; x_wconf 87' lang='lat' dir='ltr'>data</span> <span class='ocrx_word' id='word_1_54' title='bbox 2630 937 2745 1003; x_wconf 88' lang='lat' dir='ltr'>per</span> <span class='ocrx_word' id='word_1_55' title='bbox 2775 937 3034 984; x_wconf 86' lang='lat' dir='ltr'>manum</span> <span class='ocrx_word' id='word_1_56' title='bbox 3063 916 3222 984; x_wconf 91' lang='lat' dir='ltr'>Her—</span> 
     </span>
     <span class='ocr_line' id='line_1_7' title="bbox 358 1021 1423 1108; baseline 0.003 -21"><span class='ocrx_word' id='word_1_57' title='bbox 358 1021 583 1088; x_wconf 82' lang='lat' dir='ltr'>manni</span> <span class='ocrx_word' id='word_1_58' title='bbox 624 1021 913 1105; x_wconf 80' lang='lat' dir='ltr'>magistri</span> <span class='ocrx_word' id='word_1_59' title='bbox 954 1022 1121 1108; x_wconf 81' lang='lat' dir='ltr'>regis</span> <span class='ocrx_word' id='word_1_60' title='bbox 1170 1024 1423 1090; x_wconf 82' lang='lat' dir='ltr'>notarii.</span> 
     </span>
    </p>

    <p class='ocr_par' dir='ltr' id='par_1_3' title="bbox 573 1144 3219 1215">
     <span class='ocr_line' id='line_1_8' title="bbox 573 1144 3219 1215; baseline 0.001 -20"><span class='ocrx_word' id='word_1_61' title='bbox 573 1144 642 1207; x_wconf 89' lang='lat'>11,</span> <span class='ocrx_word' id='word_1_62' title='bbox 683 1145 783 1196; x_wconf 84' lang='lat'>123</span> <span class='ocrx_word' id='word_1_63' title='bbox 794 1163 841 1196; x_wconf 74' lang='lat' dir='ltr'>v.</span> <span class='ocrx_word' id='word_1_64' title='bbox 876 1146 929 1196; x_wconf 91' lang='lat' dir='ltr'>in</span> <span class='ocrx_word' id='word_1_65' title='bbox 964 1146 1337 1199; x_wconf 79' lang='lat' dir='ltr'>confirmatione</span> <span class='ocrx_word' id='word_1_66' title='bbox 1372 1146 1585 1199; x_wconf 78' lang='lat' dir='ltr'>Eoum-ii</span> <span class='ocrx_word' id='word_1_67' title='bbox 1614 1147 1691 1198; x_wconf 87' lang='grc' dir='ltr'>ΠΙ</span> <span class='ocrx_word' id='word_1_68' title='bbox 1727 1147 1792 1199; x_wconf 86' lang='lat' dir='ltr'>de</span> <span class='ocrx_word' id='word_1_69' title='bbox 1834 1147 1970 1199; x_wconf 83' lang='lat'>1222</span> <span class='ocrx_word' id='word_1_70' title='bbox 2007 1149 2116 1200; x_wconf 84' lang='lat' dir='ltr'>dec.</span> <span class='ocrx_word' id='word_1_71' title='bbox 2145 1147 2210 1199; x_wconf 85' lang='lat'>19</span> <span class='ocrx_word' id='word_1_72' title='bbox 2249 1148 2400 1214; x_wconf 81' lang='lat' dir='ltr'>(infra</span> <span class='ocrx_word' id='word_1_73' title='bbox 2435 1166 2484 1200; x_wconf 91' lang='grc'>11.</span> <span class='ocrx_word' id='word_1_74' title='bbox 2514 1147 2652 1215; x_wconf 87' lang='grc'>176).</span> <span class='ocrx_word' id='word_1_75' title='bbox 2693 1178 2752 1187; x_wconf 91' lang='grc'><strong>-</strong></span> <span class='ocrx_word' id='word_1_76' title='bbox 2796 1149 2918 1200; x_wconf 83' lang='lat' dir='ltr'>Cum</span> <span class='ocrx_word' id='word_1_77' title='bbox 2953 1147 3219 1199; x_wconf 85' lang='lat' dir='ltr'>confirma·</span> 
     </span>
    </p>
   </div>
   <div class='ocr_carea' id='block_1_3' title="bbox 358 1233 3219 1304">
    <p class='ocr_par' dir='ltr' id='par_1_4' title="bbox 358 1233 3219 1304">
     <span class='ocr_line' id='line_1_9' title="bbox 358 1233 3219 1304; baseline 0.001 -20"><span class='ocrx_word' id='word_1_78' title='bbox 358 1233 503 1285; x_wconf 81' lang='lat' dir='ltr'>tione</span> <span class='ocrx_word' id='word_1_79' title='bbox 525 1233 812 1286; x_wconf 75' lang='lat' dir='ltr'>wenceslai</span> <span class='ocrx_word' id='word_1_80' title='bbox 834 1233 1106 1286; x_wconf 85' lang='lat' dir='ltr'>Bohemiae</span> <span class='ocrx_word' id='word_1_81' title='bbox 1141 1236 1275 1302; x_wconf 77' lang='lat' dir='ltr'>regis</span> <span class='ocrx_word' id='word_1_82' title='bbox 1312 1237 1361 1288; x_wconf 81' lang='lat' dir='ltr'>d.</span> <span class='ocrx_word' id='word_1_83' title='bbox 1388 1237 1437 1289; x_wconf 81' lang='lat' dir='ltr'>d.</span> <span class='ocrx_word' id='word_1_84' title='bbox 1467 1235 1605 1288; x_wconf 81' lang='lat'>1236</span> <span class='ocrx_word' id='word_1_85' title='bbox 1642 1237 1793 1304; x_wconf 84' lang='lat' dir='ltr'>(sept.</span> <span class='ocrx_word' id='word_1_86' title='bbox 1820 1237 1910 1303; x_wconf 92' lang='grc'>28)</span> <span class='ocrx_word' id='word_1_87' title='bbox 1949 1238 1998 1288; x_wconf 83' lang='lat' dir='ltr'>iv</span> <span class='ocrx_word' id='word_1_88' title='bbox 2021 1237 2126 1290; x_wconf 83' lang='lat' dir='ltr'>kal.</span> <span class='ocrx_word' id='word_1_89' title='bbox 2151 1240 2308 1290; x_wconf 88' lang='lat' dir='ltr'>octbr.</span> <span class='ocrx_word' id='word_1_90' title='bbox 2345 1237 2448 1289; x_wconf 81' lang='lat' dir='ltr'>ind.</span> <span class='ocrx_word' id='word_1_91' title='bbox 2471 1237 2522 1288; x_wconf 85' lang='lat' dir='ltr'>ix</span> <span class='ocrx_word' id='word_1_92' title='bbox 2557 1237 2724 1303; x_wconf 82' lang='lat' dir='ltr'>Prage</span> <span class='ocrx_word' id='word_1_93' title='bbox 2761 1255 2823 1288; x_wconf 81' lang='lat' dir='ltr'>ex</span> <span class='ocrx_word' id='word_1_94' title='bbox 2859 1237 3005 1287; x_wconf 84' lang='lat' dir='ltr'>huius</span> <span class='ocrx_word' id='word_1_95' title='bbox 3042 1236 3219 1288; x_wconf 83' lang='lat' dir='ltr'>arche-</span> 
     </span>
    </p>
   </div>
   <div class='ocr_carea' id='block_1_4' title="bbox 355 1324 3225 2357">
    <p class='ocr_par' dir='ltr' id='par_1_5' title="bbox 355 1324 3225 2357">
     <span class='ocr_line' id='line_1_10' title="bbox 360 1324 3222 1396; baseline 0.001 -24"><span class='ocrx_word' id='word_1_96' title='bbox 360 1331 489 1390; x_wconf 82' lang='lat' dir='ltr'>typo</span> <span class='ocrx_word' id='word_1_97' title='bbox 531 1324 911 1376; x_wconf 82' lang='lat' dir='ltr'>membranaceo</span> <span class='ocrx_word' id='word_1_98' title='bbox 955 1324 1007 1374; x_wconf 88' lang='lat' dir='ltr'>in</span> <span class='ocrx_word' id='word_1_99' title='bbox 1056 1325 1256 1376; x_wconf 81' lang='lat' dir='ltr'>archivo</span> <span class='ocrx_word' id='word_1_100' title='bbox 1292 1325 1633 1396; x_wconf 57' lang='lat' dir='ltr'>Staniatcensi</span> <span class='ocrx_word' id='word_1_101' title='bbox 1681 1335 1937 1378; x_wconf 82' lang='lat' dir='ltr'>asservato</span> <span class='ocrx_word' id='word_1_102' title='bbox 1984 1326 2064 1378; x_wconf 86' lang='lat' dir='ltr'>ed.</span> <span class='ocrx_word' id='word_1_103' title='bbox 2102 1326 2154 1378; x_wconf 87' lang='lat' dir='ltr'>in</span> <span class='ocrx_word' id='word_1_104' title='bbox 2191 1327 2526 1393; x_wconf 76' lang='lat' dir='ltr'>compluribus</span> <span class='ocrx_word' id='word_1_105' title='bbox 2561 1325 2738 1378; x_wconf 87' lang='lat' dir='ltr'>melius</span> <span class='ocrx_word' id='word_1_106' title='bbox 2773 1325 3134 1377; x_wconf 80' lang='lat' dir='ltr'>Bartoszewicz</span> <span class='ocrx_word' id='word_1_107' title='bbox 3171 1327 3222 1376; x_wconf 88' lang='lat' dir='ltr'>in</span> 
     </span>
     <span class='ocr_line' id='line_1_11' title="bbox 357 1409 3223 1481; baseline 0.001 -19"><span class='ocrx_word' id='word_1_108' title='bbox 357 1409 746 1477; x_wconf 78' lang='lat' dir='ltr'>Bzyszczewski</span> <span class='ocrx_word' id='word_1_109' title='bbox 780 1421 834 1464; x_wconf 81' lang='lat' dir='ltr'>et</span> <span class='ocrx_word' id='word_1_110' title='bbox 854 1411 1197 1464; x_wconf 79' lang='lat' dir='ltr'>Muczkowski</span> <span class='ocrx_word' id='word_1_111' title='bbox 1233 1414 1353 1466; x_wconf 81' lang='lat' dir='ltr'>cod.</span> <span class='ocrx_word' id='word_1_112' title='bbox 1380 1414 1583 1481; x_wconf 80' lang='lat' dir='ltr'>diplom.</span> <span class='ocrx_word' id='word_1_113' title='bbox 1608 1413 1864 1466; x_wconf 89' lang='lat' dir='ltr'>Poloniae.</span> <span class='ocrx_word' id='word_1_114' title='bbox 1913 1414 2188 1467; x_wconf 79' lang='lat' dir='ltr'>Varsaviae</span> <span class='ocrx_word' id='word_1_115' title='bbox 2218 1416 2370 1468; x_wconf 88' lang='grc'><strong>1858.</strong></span> <span class='ocrx_word' id='word_1_116' title='bbox 2407 1416 2458 1466; x_wconf 85' lang='grc'><strong>4.</strong></span> <span class='ocrx_word' id='word_1_117' title='bbox 2493 1415 2584 1478; x_wconf 90' lang='lat'>111,</span> <span class='ocrx_word' id='word_1_118' title='bbox 2616 1415 2680 1465; x_wconf 82' lang='lat'>19</span> <span class='ocrx_word' id='word_1_119' title='bbox 2705 1432 2778 1481; x_wconf 86' lang='lat' dir='ltr'>sq.</span> <span class='ocrx_word' id='word_1_120' title='bbox 2811 1445 2872 1452; x_wconf 90' lang='lat'>—-</span> <span class='ocrx_word' id='word_1_121' title='bbox 2904 1414 3223 1466; x_wconf 83' lang='lat' dir='ltr'>Confirmatio</span> 
     </span>
     <span class='ocr_line' id='line_1_12' title="bbox 355 1499 3223 1572; baseline 0.001 -20"><span class='ocrx_word' id='word_1_122' title='bbox 355 1499 651 1554; x_wconf 79' lang='lat' dir='ltr'>wenceslai</span> <span class='ocrx_word' id='word_1_123' title='bbox 675 1502 965 1554; x_wconf 80' lang='lat' dir='ltr'>confirmata</span> <span class='ocrx_word' id='word_1_124' title='bbox 988 1520 1020 1554; x_wconf 82' lang='lat' dir='ltr'>a</span> <span class='ocrx_word' id='word_1_125' title='bbox 1038 1501 1361 1566; x_wconf 72' lang='lat' dir='ltr'>Praemislao‚</span> <span class='ocrx_word' id='word_1_126' title='bbox 1398 1503 1532 1570; x_wconf 78' lang='lat' dir='ltr'>regis</span> <span class='ocrx_word' id='word_1_127' title='bbox 1549 1503 1837 1555; x_wconf 74' lang='lat' dir='ltr'>wenceslai</span> <span class='ocrx_word' id='word_1_128' title='bbox 1858 1503 1980 1566; x_wconf 82' lang='lat' dir='ltr'>filio,</span> <span class='ocrx_word' id='word_1_129' title='bbox 2012 1503 2140 1554; x_wconf 86' lang='lat'>1251</span> <span class='ocrx_word' id='word_1_130' title='bbox 2173 1504 2300 1571; x_wconf 85' lang='lat' dir='ltr'>(apr.</span> <span class='ocrx_word' id='word_1_131' title='bbox 2327 1505 2381 1572; x_wconf 89' lang='lat'>5)</span> <span class='ocrx_word' id='word_1_132' title='bbox 2405 1523 2523 1556; x_wconf 89' lang='lat' dir='ltr'>non.</span> <span class='ocrx_word' id='word_1_133' title='bbox 2550 1503 2720 1570; x_wconf 81' lang='lat' dir='ltr'>aprilis</span> <span class='ocrx_word' id='word_1_134' title='bbox 2745 1503 2798 1554; x_wconf 91' lang='lat' dir='ltr'>in</span> <span class='ocrx_word' id='word_1_135' title='bbox 2821 1503 3052 1564; x_wconf 85' lang='lat' dir='ltr'>Gradec;</span> <span class='ocrx_word' id='word_1_136' title='bbox 3090 1504 3223 1569; x_wconf 89' lang='lat' dir='ltr'>quod</span> 
     </span>
     <span class='ocr_line' id='line_1_13' title="bbox 358 1573 3222 1660; baseline 0.001 -19"><span class='ocrx_word' id='word_1_137' title='bbox 358 1589 587 1656; x_wconf 76' lang='lat' dir='ltr'>diplom</span> <span class='ocrx_word' id='word_1_138' title='bbox 609 1605 671 1641; x_wconf 65' lang='grc' dir='ltr'>οι</span> <span class='ocrx_word' id='word_1_139' title='bbox 694 1573 925 1657; x_wconf 61' lang='lat' dir='ltr'>originali</span> <span class='ocrx_word' id='word_1_140' title='bbox 949 1590 1137 1658; x_wconf 74' lang='lat' dir='ltr'>duplici</span> <span class='ocrx_word' id='word_1_141' title='bbox 1166 1590 1331 1658; x_wconf 76' lang='lat' dir='ltr'>sigillo</span> <span class='ocrx_word' id='word_1_142' title='bbox 1354 1593 1545 1644; x_wconf 71' lang='lat' dir='ltr'>munito</span> <span class='ocrx_word' id='word_1_143' title='bbox 1569 1592 1705 1644; x_wconf 70' lang='lat' dir='ltr'>mh.</span> <span class='ocrx_word' id='word_1_144' title='bbox 1732 1593 1929 1660; x_wconf 78' lang='lat' dir='ltr'>Regim.</span> <span class='ocrx_word' id='word_1_145' title='bbox 1956 1593 2038 1645; x_wconf 74' lang='lat' dir='ltr'>ed.</span> <span class='ocrx_word' id='word_1_146' title='bbox 2062 1594 2104 1644; x_wconf 92' lang='lat'>1.</span> <span class='ocrx_word' id='word_1_147' title='bbox 2123 1593 2279 1660; x_wconf 75' lang='lat' dir='ltr'>voigt</span> <span class='ocrx_word' id='word_1_148' title='bbox 2302 1593 2398 1645; x_wconf 70' lang='lat' dir='ltr'>nie</span> <span class='ocrx_word' id='word_1_149' title='bbox 2422 1593 2586 1645; x_wconf 73' lang='lat' dir='ltr'>Ballei</span> <span class='ocrx_word' id='word_1_150' title='bbox 2610 1592 2854 1645; x_wconf 64' lang='lat' dir='ltr'>nahmen.</span> <span class='ocrx_word' id='word_1_151' title='bbox 2891 1592 3042 1644; x_wconf 73' lang='lat' dir='ltr'>wien</span> <span class='ocrx_word' id='word_1_152' title='bbox 3068 1592 3222 1645; x_wconf 83' lang='lat'>1863.</span> 
     </span>
     <span class='ocr_line' id='line_1_14' title="bbox 358 1679 3225 1754; baseline 0.001 -24"><span class='ocrx_word' id='word_1_153' title='bbox 358 1696 483 1746; x_wconf 69' lang='lat' dir='ltr'>app.</span> <span class='ocrx_word' id='word_1_154' title='bbox 504 1680 573 1744; x_wconf 89' lang='lat'>11,</span> <span class='ocrx_word' id='word_1_155' title='bbox 607 1681 695 1732; x_wconf 88' lang='lat' dir='ltr'>ubi</span> <span class='ocrx_word' id='word_1_156' title='bbox 728 1698 780 1746; x_wconf 87' lang='lat' dir='ltr'>p.</span> <span class='ocrx_word' id='word_1_157' title='bbox 804 1679 871 1731; x_wconf 85' lang='grc'><strong>57</strong></span> <span class='ocrx_word' id='word_1_158' title='bbox 908 1680 943 1732; x_wconf 90' lang='grc'>1.</span> <span class='ocrx_word' id='word_1_159' title='bbox 974 1681 1039 1754; x_wconf 75' lang='lat'>14.</span> <span class='ocrx_word' id='word_1_160' title='bbox 1072 1679 1204 1733; x_wconf 83' lang='lat' dir='ltr'>male</span> <span class='ocrx_word' id='word_1_161' title='bbox 1240 1698 1333 1747; x_wconf 88' lang='lat' dir='ltr'>pro</span> <span class='ocrx_word' id='word_1_162' title='bbox 1367 1693 1491 1732; x_wconf 75' lang='lat'>¹11⁰</span> <span class='ocrx_word' id='word_1_163' title='bbox 1524 1690 1605 1734; x_wconf 84' lang='lat' dir='ltr'>est</span> <span class='ocrx_word' id='word_1_164' title='bbox 1638 1693 1760 1732; x_wconf 78' lang='lat' dir='ltr'>xxv⁰</span> <span class='ocrx_word' id='word_1_165' title='bbox 1794 1683 2111 1749; x_wconf 86' lang='lat' dir='ltr'>impressum.</span> <span class='ocrx_word' id='word_1_166' title='bbox 2149 1713 2209 1720; x_wconf 96' lang='lat'><strong>—</strong></span> <span class='ocrx_word' id='word_1_167' title='bbox 2252 1683 2571 1735; x_wconf 84' lang='lat' dir='ltr'>Confirmatio</span> <span class='ocrx_word' id='word_1_168' title='bbox 2606 1681 2898 1734; x_wconf 70' lang='lat' dir='ltr'>Praemislai</span> <span class='ocrx_word' id='word_1_169' title='bbox 2933 1681 3225 1734; x_wconf 84' lang='lat' dir='ltr'>confirmata</span> 
     </span>
     <span class='ocr_line' id='line_1_15' title="bbox 358 1757 3222 1838; baseline 0 -18"><span class='ocrx_word' id='word_1_170' title='bbox 358 1786 457 1835; x_wconf 77' lang='lat' dir='ltr'>pro</span> <span class='ocrx_word' id='word_1_171' title='bbox 502 1769 659 1820; x_wconf 73' lang='lat' dir='ltr'>fratm</span> <span class='ocrx_word' id='word_1_172' title='bbox 692 1768 915 1836; x_wconf 78' lang='lat' dir='ltr'>Dytoldo</span> <span class='ocrx_word' id='word_1_173' title='bbox 950 1778 1277 1838; x_wconf 71' lang='lat' dir='ltr'><strong>praeceptore</strong></span> <span class='ocrx_word' id='word_1_174' title='bbox 1312 1757 1585 1822; x_wconf 82' lang='lat' dir='ltr'>Bohemiae</span> <span class='ocrx_word' id='word_1_175' title='bbox 1625 1780 1679 1822; x_wconf 86' lang='lat' dir='ltr'>et</span> <span class='ocrx_word' id='word_1_176' title='bbox 1711 1771 1972 1823; x_wconf 80' lang='lat' dir='ltr'>Mor-aviae</span> <span class='ocrx_word' id='word_1_177' title='bbox 2017 1787 2109 1838; x_wconf 84' lang='lat' dir='ltr'>per</span> <span class='ocrx_word' id='word_1_178' title='bbox 2135 1770 2489 1823; x_wconf 68' lang='lat' dir='ltr'>wenceslaum</span> <span class='ocrx_word' id='word_1_179' title='bbox 2523 1789 2696 1838; x_wconf 80' lang='lat' dir='ltr'>regem</span> <span class='ocrx_word' id='word_1_180' title='bbox 2735 1771 2870 1824; x_wconf 87' lang='grc'><strong>1287</strong></span> <span class='ocrx_word' id='word_1_181' title='bbox 2910 1772 2964 1837; x_wconf 90' lang='lat' dir='ltr'>(i.</span> <span class='ocrx_word' id='word_1_182' title='bbox 2989 1789 3035 1822; x_wconf 89' lang='lat' dir='ltr'>e.</span> <span class='ocrx_word' id='word_1_183' title='bbox 3067 1769 3222 1838; x_wconf 88' lang='grc'><strong>1286)</strong></span> 
     </span>
     <span class='ocr_line' id='line_1_16' title="bbox 360 1857 3222 1927; baseline 0 -18"><span class='ocrx_word' id='word_1_184' title='bbox 360 1858 497 1926; x_wconf 86' lang='lat' dir='ltr'>(dec.</span> <span class='ocrx_word' id='word_1_185' title='bbox 520 1857 611 1924; x_wconf 88' lang='grc'>27)</span> <span class='ocrx_word' id='word_1_186' title='bbox 655 1858 706 1909; x_wconf 78' lang='lat' dir='ltr'>vi</span> <span class='ocrx_word' id='word_1_187' title='bbox 739 1857 842 1910; x_wconf 74' lang='lat' dir='ltr'>kal.</span> <span class='ocrx_word' id='word_1_188' title='bbox 877 1859 1089 1910; x_wconf 80' lang='lat' dir='ltr'>ianuarii</span> <span class='ocrx_word' id='word_1_189' title='bbox 1134 1859 1301 1927; x_wconf 78' lang='lat' dir='ltr'>Prage</span> <span class='ocrx_word' id='word_1_190' title='bbox 1314 1879 1329 1920; x_wconf 81' lang='lat'>3</span> <span class='ocrx_word' id='word_1_191' title='bbox 1376 1878 1438 1911; x_wconf 90' lang='lat' dir='ltr'>ex</span> <span class='ocrx_word' id='word_1_192' title='bbox 1483 1859 1713 1926; x_wconf 79' lang='lat' dir='ltr'>originali</span> <span class='ocrx_word' id='word_1_193' title='bbox 1759 1859 1979 1927; x_wconf 77' lang='lat' dir='ltr'>sigillato</span> <span class='ocrx_word' id='word_1_194' title='bbox 2029 1859 2214 1912; x_wconf 77' lang='lat' dir='ltr'>archivi</span> <span class='ocrx_word' id='word_1_195' title='bbox 2259 1860 2616 1926; x_wconf 80' lang='lat' dir='ltr'>Regimontani</span> <span class='ocrx_word' id='word_1_196' title='bbox 2659 1859 2820 1912; x_wconf 84' lang='lat' dir='ltr'>edidit</span> <span class='ocrx_word' id='word_1_197' title='bbox 2863 1860 2903 1911; x_wconf 89' lang='lat'>1.</span> <span class='ocrx_word' id='word_1_198' title='bbox 2931 1859 3085 1926; x_wconf 84' lang='lat' dir='ltr'>Voigt</span> <span class='ocrx_word' id='word_1_199' title='bbox 3119 1859 3153 1910; x_wconf 92' lang='lat' dir='ltr'>l.</span> <span class='ocrx_word' id='word_1_200' title='bbox 3179 1876 3222 1910; x_wconf 89' lang='grc'>0.</span> 
     </span>
     <span class='ocr_line' id='line_1_17' title="bbox 358 1940 3223 2017; baseline 0 -18"><span class='ocrx_word' id='word_1_201' title='bbox 358 1966 483 2015; x_wconf 75' lang='lat' dir='ltr'>app.</span> <span class='ocrx_word' id='word_1_202' title='bbox 506 1948 597 2000; x_wconf 86' lang='lat'>111.</span> <span class='ocrx_word' id='word_1_203' title='bbox 627 1979 687 1986; x_wconf 91' lang='lat'>--</span> <span class='ocrx_word' id='word_1_204' title='bbox 727 1947 1042 1999; x_wconf 83' lang='lat' dir='ltr'>Confirmatio</span> <span class='ocrx_word' id='word_1_205' title='bbox 1079 1949 1235 2015; x_wconf 88' lang='lat' dir='ltr'>ipsius</span> <span class='ocrx_word' id='word_1_206' title='bbox 1270 1948 1519 2017; x_wconf 81' lang='lat' dir='ltr'>privilegii</span> <span class='ocrx_word' id='word_1_207' title='bbox 1556 1949 1619 2000; x_wconf 88' lang='lat' dir='ltr'>de</span> <span class='ocrx_word' id='word_1_208' title='bbox 1649 1949 1787 2001; x_wconf 89' lang='grc'><strong>1222</strong></span> <span class='ocrx_word' id='word_1_209' title='bbox 1822 1966 1937 2015; x_wconf 82' lang='lat' dir='ltr'>aug.</span> <span class='ocrx_word' id='word_1_210' title='bbox 1964 1947 2034 2000; x_wconf 89' lang='grc'><strong>26</strong></span> <span class='ocrx_word' id='word_1_211' title='bbox 2073 1967 2102 2000; x_wconf 91' lang='lat' dir='ltr'>a</span> <span class='ocrx_word' id='word_1_212' title='bbox 2125 1940 2311 2001; x_wconf 83' lang='lat' dir='ltr'>Karolo</span> <span class='ocrx_word' id='word_1_213' title='bbox 2336 1949 2410 2000; x_wconf 85' lang='lat' dir='ltr'>IV</span> <span class='ocrx_word' id='word_1_214' title='bbox 2434 1950 2749 2017; x_wconf 76' lang='lat' dir='ltr'>imperatore.</span> <span class='ocrx_word' id='word_1_215' title='bbox 2803 1967 2848 2001; x_wconf 82' lang='lat' dir='ltr'>a.</span> <span class='ocrx_word' id='word_1_216' title='bbox 2881 1948 3016 1999; x_wconf 87' lang='grc'><strong>1348</strong></span> <span class='ocrx_word' id='word_1_217' title='bbox 3053 1949 3157 2000; x_wconf 88' lang='lat' dir='ltr'>ind.</span> <span class='ocrx_word' id='word_1_218' title='bbox 3183 1949 3223 1999; x_wconf 93' lang='lat'>1.</span> 
     </span>
     <span class='ocr_line' id='line_1_18' title="bbox 358 2035 3224 2105; baseline 0 -19"><span class='ocrx_word' id='word_1_219' title='bbox 358 2037 411 2086; x_wconf 83' lang='lat' dir='ltr'><strong>V</strong></span> <span class='ocrx_word' id='word_1_220' title='bbox 435 2035 505 2090; x_wconf 79' lang='lat' dir='ltr'>id.</span> <span class='ocrx_word' id='word_1_221' title='bbox 528 2037 635 2088; x_wconf 86' lang='lat' dir='ltr'>iulii</span> <span class='ocrx_word' id='word_1_222' title='bbox 671 2037 797 2103; x_wconf 80' lang='lat' dir='ltr'>(iulii</span> <span class='ocrx_word' id='word_1_223' title='bbox 826 2038 911 2104; x_wconf 95' lang='lat'>11)</span> <span class='ocrx_word' id='word_1_224' title='bbox 936 2037 1103 2104; x_wconf 78' lang='lat' dir='ltr'>Prage</span> <span class='ocrx_word' id='word_1_225' title='bbox 1138 2053 1337 2104; x_wconf 81' lang='lat' dir='ltr'>regnor.</span> <span class='ocrx_word' id='word_1_226' title='bbox 1364 2038 1414 2089; x_wconf 90' lang='grc'><strong>2.</strong></span> <span class='ocrx_word' id='word_1_227' title='bbox 1468 2038 1685 2090; x_wconf 81' lang='lat' dir='ltr'>Stiborio</span> <span class='ocrx_word' id='word_1_228' title='bbox 1722 2038 2039 2105; x_wconf 76' lang='lat' dir='ltr'>praeceptori</span> <span class='ocrx_word' id='word_1_229' title='bbox 2070 2055 2308 2090; x_wconf 83' lang='lat' dir='ltr'>concessa</span> <span class='ocrx_word' id='word_1_230' title='bbox 2332 2039 2576 2105; x_wconf 87' lang='lat' dir='ltr'>repetitur</span> <span class='ocrx_word' id='word_1_231' title='bbox 2601 2038 2652 2088; x_wconf 91' lang='lat' dir='ltr'>in</span> <span class='ocrx_word' id='word_1_232' title='bbox 2677 2037 2824 2089; x_wconf 85' lang='lat' dir='ltr'>huius</span> <span class='ocrx_word' id='word_1_233' title='bbox 2849 2037 3224 2088; x_wconf 84' lang='lat' dir='ltr'>confirmatione</span> 
     </span>
     <span class='ocr_line' id='line_1_19' title="bbox 356 2126 3220 2194; baseline 0 -17"><span class='ocrx_word' id='word_1_234' title='bbox 356 2143 457 2194; x_wconf 82' lang='lat' dir='ltr'>per</span> <span class='ocrx_word' id='word_1_235' title='bbox 476 2126 831 2178; x_wconf 67' lang='lat' dir='ltr'>wenceslaum</span> <span class='ocrx_word' id='word_1_236' title='bbox 864 2126 1011 2178; x_wconf 81' lang='lat' dir='ltr'>Rom.</span> <span class='ocrx_word' id='word_1_237' title='bbox 1032 2142 1207 2193; x_wconf 77' lang='lat' dir='ltr'>regem</span> <span class='ocrx_word' id='word_1_238' title='bbox 1242 2127 1380 2178; x_wconf 79' lang='lat' dir='ltr'>edita</span> <span class='ocrx_word' id='word_1_239' title='bbox 1414 2145 1506 2194; x_wconf 89' lang='lat' dir='ltr'>pro</span> <span class='ocrx_word' id='word_1_240' title='bbox 1529 2127 1755 2180; x_wconf 85' lang='lat' dir='ltr'>Iohanne</span> <span class='ocrx_word' id='word_1_241' title='bbox 1779 2127 2023 2179; x_wconf 81' lang='lat' dir='ltr'>Mulheim</span> <span class='ocrx_word' id='word_1_242' title='bbox 2059 2138 2388 2194; x_wconf 85' lang='lat' dir='ltr'>praeceptore</span> <span class='ocrx_word' id='word_1_243' title='bbox 2425 2128 2474 2178; x_wconf 89' lang='lat' dir='ltr'>d.</span> <span class='ocrx_word' id='word_1_244' title='bbox 2500 2127 2551 2178; x_wconf 88' lang='lat' dir='ltr'>d.</span> <span class='ocrx_word' id='word_1_245' title='bbox 2581 2127 2715 2178; x_wconf 82' lang='lat'>1387</span> <span class='ocrx_word' id='word_1_246' title='bbox 2740 2144 2854 2178; x_wconf 78' lang='lat' dir='ltr'>nov.</span> <span class='ocrx_word' id='word_1_247' title='bbox 2880 2126 2914 2176; x_wconf 87' lang='grc'>6</span> <span class='ocrx_word' id='word_1_248' title='bbox 2949 2143 3092 2193; x_wconf 78' lang='lat' dir='ltr'>regn.</span> <span class='ocrx_word' id='word_1_249' title='bbox 3117 2126 3220 2177; x_wconf 91' lang='lat' dir='ltr'>Bo·</span> 
     </span>
     <span class='ocr_line' id='line_1_20' title="bbox 356 2213 3222 2291; baseline 0 -25"><span class='ocrx_word' id='word_1_250' title='bbox 356 2215 497 2288; x_wconf 70' lang='lat' dir='ltr'>hem.</span> <span class='ocrx_word' id='word_1_251' title='bbox 529 2233 577 2266; x_wconf 80' lang='lat' dir='ltr'>a.</span> <span class='ocrx_word' id='word_1_252' title='bbox 602 2213 687 2268; x_wconf 88' lang='grc'>22.</span> <span class='ocrx_word' id='word_1_253' title='bbox 750 2215 963 2268; x_wconf 78' lang='lat' dir='ltr'>Roman.</span> <span class='ocrx_word' id='word_1_254' title='bbox 998 2232 1116 2268; x_wconf 82' lang='lat' dir='ltr'>vero</span> <span class='ocrx_word' id='word_1_255' title='bbox 1147 2215 1239 2278; x_wconf 83' lang='lat'>12,</span> <span class='ocrx_word' id='word_1_256' title='bbox 1285 2215 1423 2268; x_wconf 88' lang='lat' dir='ltr'>cuius</span> <span class='ocrx_word' id='word_1_257' title='bbox 1460 2216 1703 2282; x_wconf 77' lang='lat' dir='ltr'>originale</span> <span class='ocrx_word' id='word_1_258' title='bbox 1738 2218 2016 2269; x_wconf 79' lang='lat' dir='ltr'>maiestatis</span> <span class='ocrx_word' id='word_1_259' title='bbox 2053 2216 2218 2284; x_wconf 76' lang='lat' dir='ltr'>sigillo</span> <span class='ocrx_word' id='word_1_260' title='bbox 2253 2215 2495 2268; x_wconf 85' lang='lat' dir='ltr'>munitum</span> <span class='ocrx_word' id='word_1_261' title='bbox 2529 2215 2580 2268; x_wconf 88' lang='lat' dir='ltr'>in</span> <span class='ocrx_word' id='word_1_262' title='bbox 2616 2215 2986 2291; x_wconf 78' lang='lat' dir='ltr'>Regimontano</span> <span class='ocrx_word' id='word_1_263' title='bbox 3023 2215 3222 2266; x_wconf 78' lang='lat' dir='ltr'>archivo</span> 
     </span>
     <span class='ocr_line' id='line_1_21' title="bbox 358 2303 1071 2357; baseline 0.003 -1"><span class='ocrx_word' id='word_1_264' title='bbox 358 2305 672 2357; x_wconf 73' lang='lat' dir='ltr'>adservatur.</span> <span class='ocrx_word' id='word_1_265' title='bbox 1064 2303 1071 2310; x_wconf 71' lang='grc'><strong><em>’</em></strong></span> 
     </span>
    </p>
   </div>
   <div class='ocr_carea' id='block_1_5' title="bbox 368 2471 3218 2708">
    <p class='ocr_par' dir='ltr' id='par_1_6' title="bbox 368 2471 3218 2708">
     <span class='ocr_line' id='line_1_22' title="bbox 368 2471 3218 2612; baseline -0.002 -31"><span class='ocrx_word' id='word_1_266' title='bbox 368 2509 545 2581; x_wconf 88' lang='grc'><strong>176.</strong></span> <span class='ocrx_word' id='word_1_267' title='bbox 584 2511 764 2579; x_wconf 86' lang='grc'><strong>1222</strong></span> <span class='ocrx_word' id='word_1_268' title='bbox 806 2513 955 2612; x_wconf 45' lang='lat' dir='ltr'>dec..</span> <span class='ocrx_word' id='word_1_269' title='bbox 970 2512 1057 2579; x_wconf 88' lang='lat'>19</span> <span class='ocrx_word' id='word_1_270' title='bbox 1100 2512 1425 2578; x_wconf 77' lang='lat' dir='ltr'>Laterani.</span> <span class='ocrx_word' id='word_1_271' title='bbox 1495 2481 1820 2580; x_wconf 67' lang='lat' dir='ltr'>Honorius</span> <span class='ocrx_word' id='word_1_272' title='bbox 1856 2538 2044 2601; x_wconf 81' lang='lat' dir='ltr'>papa</span> <span class='ocrx_word' id='word_1_273' title='bbox 2074 2512 2200 2578; x_wconf 88' lang='lat' dir='ltr'>III</span> <span class='ocrx_word' id='word_1_274' title='bbox 2235 2471 2559 2596; x_wconf 76' lang='lat' dir='ltr'>confimat</span> <span class='ocrx_word' id='word_1_275' title='bbox 2583 2514 2907 2597; x_wconf 73' lang='lat' dir='ltr'>fratribus</span> <span class='ocrx_word' id='word_1_276' title='bbox 2948 2513 3007 2576; x_wconf 66' lang='lat' dir='ltr'>h.</span> <span class='ocrx_word' id='word_1_277' title='bbox 3041 2534 3091 2577; x_wconf 83' lang='lat'>8.</span> <span class='ocrx_word' id='word_1_278' title='bbox 3123 2513 3218 2578; x_wconf 89' lang='lat' dir='ltr'>M.</span> 
     </span>
     <span class='ocr_line' id='line_1_23' title="bbox 586 2618 3217 2708; baseline -0.001 -23"><span class='ocrx_word' id='word_1_279' title='bbox 586 2622 647 2685; x_wconf 79' lang='lat' dir='ltr'>d.</span> <span class='ocrx_word' id='word_1_280' title='bbox 680 2618 793 2685; x_wconf 71' lang='lat' dir='ltr'>Th.</span> <span class='ocrx_word' id='word_1_281' title='bbox 819 2620 875 2685; x_wconf 90' lang='lat' dir='ltr'>I.</span> <span class='ocrx_word' id='word_1_282' title='bbox 930 2618 1223 2686; x_wconf 76' lang='lat' dir='ltr'>Ottakari</span> <span class='ocrx_word' id='word_1_283' title='bbox 1240 2620 1581 2686; x_wconf 75' lang='lat' dir='ltr'>Bohemiae</span> <span class='ocrx_word' id='word_1_284' title='bbox 1610 2623 1776 2708; x_wconf 70' lang='lat' dir='ltr'>reyis</span> <span class='ocrx_word' id='word_1_285' title='bbox 1808 2622 2095 2708; x_wconf 77' lang='lat' dir='ltr'>diploma</span> <span class='ocrx_word' id='word_1_286' title='bbox 2118 2622 2194 2686; x_wconf 83' lang='lat' dir='ltr'>de</span> <span class='ocrx_word' id='word_1_287' title='bbox 2216 2619 2395 2687; x_wconf 84' lang='lat'><strong><em>1222</em></strong></span> <span class='ocrx_word' id='word_1_288' title='bbox 2417 2642 2561 2704; x_wconf 73' lang='lat' dir='ltr'>auq.</span> <span class='ocrx_word' id='word_1_289' title='bbox 2583 2619 2670 2684; x_wconf 90' lang='grc'>26</span> <span class='ocrx_word' id='word_1_290' title='bbox 2696 2618 2926 2706; x_wconf 78' lang='lat' dir='ltr'>(supra</span> <span class='ocrx_word' id='word_1_291' title='bbox 2947 2643 3009 2683; x_wconf 80' lang='lat' dir='ltr'>n.</span> <span class='ocrx_word' id='word_1_292' title='bbox 3028 2619 3217 2702; x_wconf 87' lang='lat'><em>175).</em></span> 
     </span>
    </p>
   </div>
   <div class='ocr_carea' id='block_1_6' title="bbox 356 2741 3222 4122">
    <p class='ocr_par' dir='ltr' id='par_1_7' title="bbox 356 2741 3222 4122">
     <span class='ocr_line' id='line_1_24' title="bbox 584 2741 3221 2830; baseline -0 -21"><span class='ocrx_word' id='word_1_293' title='bbox 584 2743 897 2810; x_wconf 86' lang='lat' dir='ltr'>Honorius</span> <span class='ocrx_word' id='word_1_294' title='bbox 945 2743 1275 2830; x_wconf 89' lang='lat' dir='ltr'>episcopus</span> <span class='ocrx_word' id='word_1_295' title='bbox 1320 2764 1538 2811; x_wconf 88' lang='lat' dir='ltr'>servus</span> <span class='ocrx_word' id='word_1_296' title='bbox 1570 2765 1893 2812; x_wconf 80' lang='lat' dir='ltr'>servorum</span> <span class='ocrx_word' id='word_1_297' title='bbox 1928 2743 2032 2811; x_wconf 86' lang='lat' dir='ltr'>dei</span> <span class='ocrx_word' id='word_1_298' title='bbox 2074 2743 2376 2828; x_wconf 85' lang='lat' dir='ltr'>magistro</span> <span class='ocrx_word' id='word_1_299' title='bbox 2424 2747 2486 2808; x_wconf 89' lang='lat' dir='ltr'>et</span> <span class='ocrx_word' id='word_1_300' title='bbox 2528 2742 2827 2810; x_wconf 84' lang='lat' dir='ltr'>fratribus</span> <span class='ocrx_word' id='word_1_301' title='bbox 2875 2749 2990 2810; x_wconf 89' lang='lat' dir='ltr'>etc.</span> <span class='ocrx_word' id='word_1_302' title='bbox 3062 2741 3221 2809; x_wconf 87' lang='lat' dir='ltr'>Cum</span> 
     </span>
     <span class='ocr_line' id='line_1_25' title="bbox 360 2849 3218 2939; baseline -0.001 -20"><span class='ocrx_word' id='word_1_303' title='bbox 360 2873 406 2920; x_wconf 83' lang='lat' dir='ltr'>a</span> <span class='ocrx_word' id='word_1_304' title='bbox 446 2852 627 2919; x_wconf 87' lang='lat' dir='ltr'>nobis</span> <span class='ocrx_word' id='word_1_305' title='bbox 672 2851 931 2939; x_wconf 83' lang='lat' dir='ltr'>petitur</span> <span class='ocrx_word' id='word_1_306' title='bbox 953 2865 1063 2918; x_wconf 78' lang='lat' dir='ltr'>etc.</span> <span class='ocrx_word' id='word_1_307' title='bbox 1107 2874 1302 2938; x_wconf 75' lang='lat' dir='ltr'>usque</span> <span class='ocrx_word' id='word_1_308' title='bbox 1344 2852 1723 2939; x_wconf 81' lang='lat' dir='ltr'>perducatur</span> <span class='ocrx_word' id='word_1_309' title='bbox 1769 2851 2078 2918; x_wconf 84' lang='lat' dir='ltr'>effectum.</span> <span class='ocrx_word' id='word_1_310' title='bbox 2149 2851 2540 2938; x_wconf 85' lang='lat' dir='ltr'>Eapropter,</span> <span class='ocrx_word' id='word_1_311' title='bbox 2599 2849 2811 2917; x_wconf 86' lang='lat' dir='ltr'>dilecti</span> <span class='ocrx_word' id='word_1_312' title='bbox 2854 2849 2922 2916; x_wconf 91' lang='lat' dir='ltr'>in</span> <span class='ocrx_word' id='word_1_313' title='bbox 2967 2851 3218 2916; x_wconf 90' lang='lat' dir='ltr'>domino</span> 
     </span>
     <span class='ocr_line' id='line_1_26' title="bbox 358 2949 3220 3045; baseline -0.001 -20"><span class='ocrx_word' id='word_1_314' title='bbox 358 2959 498 3044; x_wconf 80' lang='lat' dir='ltr'>filii,</span> <span class='ocrx_word' id='word_1_315' title='bbox 542 2959 768 3027; x_wconf 81' lang='lat' dir='ltr'>vestris</span> <span class='ocrx_word' id='word_1_316' title='bbox 811 2959 996 3025; x_wconf 89' lang='lat' dir='ltr'>iustis</span> <span class='ocrx_word' id='word_1_317' title='bbox 1042 2958 1565 3045; x_wconf 82' lang='lat' dir='ltr'>postulationibus</span> <span class='ocrx_word' id='word_1_318' title='bbox 1609 2964 1791 3043; x_wconf 84' lang='lat' dir='ltr'>grato</span> <span class='ocrx_word' id='word_1_319' title='bbox 1835 2949 2297 3028; x_wconf 76' lang='lat' dir='ltr'>concurrentes</span> <span class='ocrx_word' id='word_1_320' title='bbox 2321 2978 2584 3026; x_wconf 86' lang='lat' dir='ltr'>assensu</span> <span class='ocrx_word' id='word_1_321' title='bbox 2625 2951 2948 3024; x_wconf 84' lang='lat' dir='ltr'>libertates</span> <span class='ocrx_word' id='word_1_322' title='bbox 2995 2962 3059 3024; x_wconf 88' lang='lat' dir='ltr'>et</span> <span class='ocrx_word' id='word_1_323' title='bbox 3100 2958 3220 3023; x_wconf 92' lang='lat' dir='ltr'>im-</span> 
     </span>
     <span class='ocr_line' id='line_1_27' title="bbox 357 3063 3220 3149; baseline -0.001 -15"><span class='ocrx_word' id='word_1_324' title='bbox 357 3063 730 3134; x_wconf 84' lang='lat' dir='ltr'>munitates¹</span> <span class='ocrx_word' id='word_1_325' title='bbox 773 3065 953 3132; x_wconf 86' lang='lat' dir='ltr'>vobis</span> <span class='ocrx_word' id='word_1_326' title='bbox 998 3084 1073 3132; x_wconf 83' lang='lat' dir='ltr'>ac</span> <span class='ocrx_word' id='word_1_327' title='bbox 1116 3064 1329 3132; x_wconf 90' lang='lat' dir='ltr'>domui</span> <span class='ocrx_word' id='word_1_328' title='bbox 1362 3073 1579 3146; x_wconf 66' lang='lat' dir='ltr'>‚vestre</span> <span class='ocrx_word' id='word_1_329' title='bbox 1625 3087 1665 3132; x_wconf 87' lang='lat' dir='ltr'>a</span> <span class='ocrx_word' id='word_1_330' title='bbox 1708 3066 2044 3149; x_wconf 76' lang='lat' dir='ltr'>karissimo</span> <span class='ocrx_word' id='word_1_331' title='bbox 2101 3067 2168 3133; x_wconf 90' lang='lat' dir='ltr'>in</span> <span class='ocrx_word' id='word_1_332' title='bbox 2215 3066 2464 3133; x_wconf 87' lang='lat' dir='ltr'>Christo</span> <span class='ocrx_word' id='word_1_333' title='bbox 2511 3063 2638 3130; x_wconf 92' lang='lat' dir='ltr'>filio</span> <span class='ocrx_word' id='word_1_334' title='bbox 2693 3069 2906 3130; x_wconf 89' lang='lat' dir='ltr'>nostro</span> <span class='ocrx_word' id='word_1_335' title='bbox 2953 3064 3025 3131; x_wconf 92' lang='grc' dir='ltr'><strong>Ο.</strong></span> <span class='ocrx_word' id='word_1_336' title='bbox 3071 3085 3220 3148; x_wconf 83' lang='lat' dir='ltr'>rege</span> 
     </span>
     <span class='ocr_line' id='line_1_28' title="bbox 356 3169 3220 3259; baseline -0.001 -19"><span class='ocrx_word' id='word_1_337' title='bbox 356 3173 739 3242; x_wconf 88' lang='lat' dir='ltr'>Boemorum</span> <span class='ocrx_word' id='word_1_338' title='bbox 764 3173 999 3240; x_wconf 86' lang='lat' dir='ltr'>illustri</span> <span class='ocrx_word' id='word_1_339' title='bbox 1041 3172 1148 3259; x_wconf 89' lang='lat' dir='ltr'>pia</span> <span class='ocrx_word' id='word_1_340' title='bbox 1174 3172 1553 3241; x_wconf 79' lang='lat' dir='ltr'>liberalitate</span> <span class='ocrx_word' id='word_1_341' title='bbox 1582 3193 1931 3259; x_wconf 85' lang='lat' dir='ltr'>concessas,</span> <span class='ocrx_word' id='word_1_342' title='bbox 1979 3175 2142 3240; x_wconf 86' lang='lat' dir='ltr'>sicut</span> <span class='ocrx_word' id='word_1_343' title='bbox 2173 3194 2279 3240; x_wconf 86' lang='lat' dir='ltr'>eas</span> <span class='ocrx_word' id='word_1_344' title='bbox 2308 3173 2475 3238; x_wconf 89' lang='lat' dir='ltr'>iuste</span> <span class='ocrx_word' id='word_1_345' title='bbox 2520 3190 2594 3236; x_wconf 84' lang='lat' dir='ltr'>ac</span> <span class='ocrx_word' id='word_1_346' title='bbox 2636 3169 2896 3256; x_wconf 86' lang='lat' dir='ltr'>pacifice</span> <span class='ocrx_word' id='word_1_347' title='bbox 2926 3171 3220 3238; x_wconf 85' lang='lat' dir='ltr'>obtinetis</span> 
     </span>
     <span class='ocr_line' id='line_1_29' title="bbox 359 3278 3222 3368; baseline -0.001 -20"><span class='ocrx_word' id='word_1_348' title='bbox 359 3286 430 3349; x_wconf 89' lang='lat' dir='ltr'>et</span> <span class='ocrx_word' id='word_1_349' title='bbox 470 3282 538 3348; x_wconf 92' lang='lat' dir='ltr'>in</span> <span class='ocrx_word' id='word_1_350' title='bbox 582 3281 781 3368; x_wconf 89' lang='lat' dir='ltr'>ipsius</span> <span class='ocrx_word' id='word_1_351' title='bbox 825 3280 993 3368; x_wconf 78' lang='lat' dir='ltr'>regis</span> <span class='ocrx_word' id='word_1_352' title='bbox 1050 3280 1379 3366; x_wconf 82' lang='lat' dir='ltr'>privilegio</span> <span class='ocrx_word' id='word_1_353' title='bbox 1436 3301 1627 3368; x_wconf 87' lang='lat' dir='ltr'>super</span> <span class='ocrx_word' id='word_1_354' title='bbox 1679 3281 1798 3347; x_wconf 91' lang='lat' dir='ltr'>hoc</span> <span class='ocrx_word' id='word_1_355' title='bbox 1855 3281 2137 3348; x_wconf 85' lang='lat' dir='ltr'>confecto</span> <span class='ocrx_word' id='word_1_356' title='bbox 2194 3280 2444 3367; x_wconf 83' lang='lat' dir='ltr'>plenius</span> <span class='ocrx_word' id='word_1_357' title='bbox 2491 3278 2874 3363; x_wconf 83' lang='lat' dir='ltr'>continetur,</span> <span class='ocrx_word' id='word_1_358' title='bbox 2934 3278 3111 3344; x_wconf 81' lang='lat' dir='ltr'>vobis</span> <span class='ocrx_word' id='word_1_359' title='bbox 3159 3284 3222 3345; x_wconf 89' lang='lat' dir='ltr'>et</span> 
     </span>
     <span class='ocr_line' id='line_1_30' title="bbox 357 3383 3217 3475; baseline -0.002 -20"><span class='ocrx_word' id='word_1_360' title='bbox 357 3389 488 3475; x_wconf 90' lang='lat' dir='ltr'>ipsi</span> <span class='ocrx_word' id='word_1_361' title='bbox 544 3388 758 3456; x_wconf 91' lang='lat' dir='ltr'>domui</span> <span class='ocrx_word' id='word_1_362' title='bbox 804 3387 1174 3454; x_wconf 86' lang='lat' dir='ltr'>auctoritate</span> <span class='ocrx_word' id='word_1_363' title='bbox 1219 3387 1565 3475; x_wconf 83' lang='lat' dir='ltr'>apostolica</span> <span class='ocrx_word' id='word_1_364' title='bbox 1609 3387 2052 3455; x_wconf 88' lang='lat' dir='ltr'>confirmamus</span> <span class='ocrx_word' id='word_1_365' title='bbox 2110 3394 2174 3455; x_wconf 89' lang='lat' dir='ltr'>et</span> <span class='ocrx_word' id='word_1_366' title='bbox 2226 3385 2536 3474; x_wconf 87' lang='lat' dir='ltr'>presentis</span> <span class='ocrx_word' id='word_1_367' title='bbox 2593 3385 2812 3472; x_wconf 88' lang='lat' dir='ltr'>scripti</span> <span class='ocrx_word' id='word_1_368' title='bbox 2873 3383 3217 3472; x_wconf 86' lang='lat' dir='ltr'>patrocinio</span> 
     </span>
     <span class='ocr_line' id='line_1_31' title="bbox 359 3492 3220 3583; baseline -0.002 -20"><span class='ocrx_word' id='word_1_369' title='bbox 359 3496 842 3563; x_wconf 88' lang='lat' dir='ltr'>communimus.</span> <span class='ocrx_word' id='word_1_370' title='bbox 917 3493 1022 3563; x_wconf 82' lang='lat' dir='ltr'>Ad</span> <span class='ocrx_word' id='word_1_371' title='bbox 1074 3495 1168 3562; x_wconf 90' lang='lat' dir='ltr'>rei</span> <span class='ocrx_word' id='word_1_372' title='bbox 1224 3500 1429 3563; x_wconf 87' lang='lat' dir='ltr'>autem</span> <span class='ocrx_word' id='word_1_373' title='bbox 1479 3496 1857 3563; x_wconf 85' lang='lat' dir='ltr'>evidentiam</span> <span class='ocrx_word' id='word_1_374' title='bbox 1911 3495 2260 3583; x_wconf 88' lang='lat' dir='ltr'>pleniorem</span> <span class='ocrx_word' id='word_1_375' title='bbox 2317 3498 2600 3560; x_wconf 88' lang='lat' dir='ltr'>tenorem</span> <span class='ocrx_word' id='word_1_376' title='bbox 2649 3493 2850 3580; x_wconf 88' lang='lat' dir='ltr'>ipsius</span> <span class='ocrx_word' id='word_1_377' title='bbox 2905 3492 3220 3579; x_wconf 84' lang='lat' dir='ltr'>privilegii</span> 
     </span>
     <span class='ocr_line' id='line_1_32' title="bbox 358 3599 2711 3690; baseline -0.003 -20"><span class='ocrx_word' id='word_1_378' title='bbox 358 3602 757 3690; x_wconf 86' lang='lat' dir='ltr'>presentibus</span> <span class='ocrx_word' id='word_1_379' title='bbox 802 3603 881 3669; x_wconf 88' lang='lat' dir='ltr'>de</span> <span class='ocrx_word' id='word_1_380' title='bbox 924 3601 1115 3670; x_wconf 86' lang='lat' dir='ltr'>verbo</span> <span class='ocrx_word' id='word_1_381' title='bbox 1160 3603 1241 3668; x_wconf 85' lang='lat' dir='ltr'>ad</span> <span class='ocrx_word' id='word_1_382' title='bbox 1283 3601 1545 3669; x_wconf 84' lang='lat' dir='ltr'>verbum</span> <span class='ocrx_word' id='word_1_383' title='bbox 1588 3603 1851 3670; x_wconf 84' lang='lat' dir='ltr'>fecimus</span> <span class='ocrx_word' id='word_1_384' title='bbox 1897 3601 2205 3688; x_wconf 83' lang='lat' dir='ltr'>annotari,</span> <span class='ocrx_word' id='word_1_385' title='bbox 2253 3601 2361 3687; x_wconf 91' lang='lat' dir='ltr'>qui</span> <span class='ocrx_word' id='word_1_386' title='bbox 2404 3599 2550 3668; x_wconf 84' lang='lat' dir='ltr'>talis</span> <span class='ocrx_word' id='word_1_387' title='bbox 2596 3605 2711 3666; x_wconf 89' lang='lat' dir='ltr'>est.</span> 
     </span>
     <span class='ocr_line' id='line_1_33' title="bbox 678 3705 3217 3798; baseline -0.002 -22"><span class='ocrx_word' id='word_1_388' title='bbox 678 3709 725 3776; x_wconf 92' lang='grc' dir='ltr'><strong>Ι.</strong></span> <span class='ocrx_word' id='word_1_389' title='bbox 758 3731 820 3776; x_wconf 89' lang='grc'>11.</span> <span class='ocrx_word' id='word_1_390' title='bbox 855 3731 905 3776; x_wconf 91' lang='lat' dir='ltr'>s.</span> <span class='ocrx_word' id='word_1_391' title='bbox 936 3716 983 3775; x_wconf 89' lang='lat' dir='ltr'>t.</span> <span class='ocrx_word' id='word_1_392' title='bbox 1028 3715 1092 3778; x_wconf 89' lang='lat' dir='ltr'>et</span> <span class='ocrx_word' id='word_1_393' title='bbox 1129 3709 1170 3775; x_wconf 89' lang='lat' dir='ltr'>i.</span> <span class='ocrx_word' id='word_1_394' title='bbox 1205 3730 1266 3775; x_wconf 90' lang='lat' dir='ltr'>u.</span> <span class='ocrx_word' id='word_1_395' title='bbox 1334 3708 1471 3793; x_wconf 84' lang='lat' dir='ltr'>Ego</span> <span class='ocrx_word' id='word_1_396' title='bbox 1518 3709 1800 3778; x_wconf 81' lang='lat' dir='ltr'>Odoacer</span> <span class='ocrx_word' id='word_1_397' title='bbox 1848 3711 2080 3798; x_wconf 78' lang='lat' dir='ltr'>(supra</span> <span class='ocrx_word' id='word_1_398' title='bbox 2122 3735 2187 3776; x_wconf 76' lang='lat' dir='ltr'>n.</span> <span class='ocrx_word' id='word_1_399' title='bbox 2221 3711 2362 3777; x_wconf 88' lang='lat'>175</span> <span class='ocrx_word' id='word_1_400' title='bbox 2401 3731 2603 3796; x_wconf 74' lang='lat' dir='ltr'>usque</span> <span class='ocrx_word' id='word_1_401' title='bbox 2647 3707 2763 3789; x_wconf 83' lang='lat' dir='ltr'>ad)</span> <span class='ocrx_word' id='word_1_402' title='bbox 2811 3715 2901 3772; x_wconf 72' lang='grc' dir='ltr'>111ο</span> <span class='ocrx_word' id='word_1_403' title='bbox 2932 3715 3026 3772; x_wconf 78' lang='grc' dir='ltr'>00ο</span> <span class='ocrx_word' id='word_1_404' title='bbox 3055 3705 3217 3770; x_wconf 85' lang='lat' dir='ltr'>xxii⁰</span> 
     </span>
     <span class='ocr_line' id='line_1_34' title="bbox 566 3813 3218 3910; baseline -0.001 -27"><span class='ocrx_word' id='word_1_405' title='bbox 566 3901 575 3910; x_wconf 35' lang='lat'><strong>·</strong></span> <span class='ocrx_word' id='word_1_406' title='bbox 680 3817 791 3883; x_wconf 87' lang='lat' dir='ltr'>vii⁰</span> <span class='ocrx_word' id='word_1_407' title='bbox 821 3817 945 3883; x_wconf 86' lang='lat' dir='ltr'>kal.</span> <span class='ocrx_word' id='word_1_408' title='bbox 979 3815 1353 3903; x_wconf 89' lang='lat' dir='ltr'>septembris</span> <span class='ocrx_word' id='word_1_409' title='bbox 1396 3816 1739 3885; x_wconf 89' lang='lat' dir='ltr'>indictione</span> <span class='ocrx_word' id='word_1_410' title='bbox 1769 3839 1831 3884; x_wconf 84' lang='lat' dir='ltr'>x.</span> <span class='ocrx_word' id='word_1_411' title='bbox 1902 3817 2072 3884; x_wconf 85' lang='lat' dir='ltr'>Data</span> <span class='ocrx_word' id='word_1_412' title='bbox 2100 3837 2213 3904; x_wconf 91' lang='lat' dir='ltr'>per</span> <span class='ocrx_word' id='word_1_413' title='bbox 2252 3837 2510 3884; x_wconf 86' lang='lat' dir='ltr'>manum</span> <span class='ocrx_word' id='word_1_414' title='bbox 2539 3814 2888 3882; x_wconf 87' lang='lat' dir='ltr'>Hermanni</span> <span class='ocrx_word' id='word_1_415' title='bbox 2929 3813 3218 3899; x_wconf 82' lang='lat' dir='ltr'>magistri</span> 
     </span>
     <span class='ocr_line' id='line_1_35' title="bbox 678 3923 1593 4013; baseline -0.002 -22"><span class='ocrx_word' id='word_1_416' title='bbox 678 3925 847 4009; x_wconf 82' lang='lat' dir='ltr'>regis</span> <span class='ocrx_word' id='word_1_417' title='bbox 889 3923 1137 3992; x_wconf 85' lang='lat' dir='ltr'>notarii.</span> <span class='ocrx_word' id='word_1_418' title='bbox 1586 4005 1593 4013; x_wconf 33' lang='grc' dir='ltr'>Ι</span> 
     </span>
     <span class='ocr_line' id='line_1_36' title="bbox 357 4029 3214 4122; baseline -0.001 -24"><span class='ocrx_word' id='word_1_419' title='bbox 357 4029 537 4098; x_wconf 86' lang='lat' dir='ltr'>Nulli</span> <span class='ocrx_word' id='word_1_420' title='bbox 566 4051 713 4116; x_wconf 87' lang='lat' dir='ltr'>ergo</span> <span class='ocrx_word' id='word_1_421' title='bbox 744 4035 858 4099; x_wconf 90' lang='lat' dir='ltr'>etc.</span> <span class='ocrx_word' id='word_1_422' title='bbox 884 4037 1097 4100; x_wconf 86' lang='lat' dir='ltr'>nostre</span> <span class='ocrx_word' id='word_1_423' title='bbox 1124 4031 1615 4099; x_wconf 83' lang='lat' dir='ltr'>confirmationis</span> <span class='ocrx_word' id='word_1_424' title='bbox 1638 4033 1982 4116; x_wconf 84' lang='lat' dir='ltr'>infringere</span> <span class='ocrx_word' id='word_1_425' title='bbox 2004 4035 2120 4122; x_wconf 85' lang='lat' dir='ltr'>etc.</span> <span class='ocrx_word' id='word_1_426' title='bbox 2176 4030 2246 4097; x_wconf 89' lang='lat' dir='ltr'>Si</span> <span class='ocrx_word' id='word_1_427' title='bbox 2271 4031 2410 4116; x_wconf 88' lang='lat' dir='ltr'>quis</span> <span class='ocrx_word' id='word_1_428' title='bbox 2433 4037 2644 4099; x_wconf 87' lang='lat' dir='ltr'>autem</span> <span class='ocrx_word' id='word_1_429' title='bbox 2667 4034 2782 4097; x_wconf 92' lang='lat' dir='ltr'>etc.</span> <span class='ocrx_word' id='word_1_430' title='bbox 2830 4029 3066 4096; x_wconf 83' lang='lat' dir='ltr'>Datum</span> <span class='ocrx_word' id='word_1_431' title='bbox 3099 4034 3214 4096; x_wconf 88' lang='grc'><strong>010.</strong></span> 
     </span>
    </p>
   </div>
   <div class='ocr_carea' id='block_1_7' title="bbox 354 4152 3219 4489">
    <p class='ocr_par' dir='ltr' id='par_1_8' title="bbox 354 4152 3219 4489">
     <span class='ocr_line' id='line_1_37' title="bbox 572 4152 3219 4220; baseline -0.002 -14"><span class='ocrx_word' id='word_1_432' title='bbox 572 4155 637 4216; x_wconf 88' lang='grc' dir='ltr'>Π,</span> <span class='ocrx_word' id='word_1_433' title='bbox 679 4155 779 4206; x_wconf 83' lang='lat'>123</span> <span class='ocrx_word' id='word_1_434' title='bbox 789 4173 837 4207; x_wconf 75' lang='lat' dir='ltr'>r.</span> <span class='ocrx_word' id='word_1_435' title='bbox 875 4155 983 4208; x_wconf 82' lang='lat' dir='ltr'>sine</span> <span class='ocrx_word' id='word_1_436' title='bbox 1020 4157 1138 4208; x_wconf 79' lang='lat' dir='ltr'>dato</span> <span class='ocrx_word' id='word_1_437' title='bbox 1174 4171 1285 4206; x_wconf 87' lang='lat' dir='ltr'>cum</span> <span class='ocrx_word' id='word_1_438' title='bbox 1320 4154 1566 4207; x_wconf 83' lang='lat' dir='ltr'>clausula:</span> <span class='ocrx_word' id='word_1_439' title='bbox 1621 4157 1728 4220; x_wconf 83' lang='lat' dir='ltr'>„Ita</span> <span class='ocrx_word' id='word_1_440' title='bbox 1773 4155 2024 4206; x_wconf 77' lang='lat' dir='ltr'>invenitur</span> <span class='ocrx_word' id='word_1_441' title='bbox 2060 4153 2126 4206; x_wconf 84' lang='lat' dir='ltr'>de</span> <span class='ocrx_word' id='word_1_442' title='bbox 2161 4154 2315 4207; x_wconf 78' lang='lat' dir='ltr'>verbo</span> <span class='ocrx_word' id='word_1_443' title='bbox 2352 4154 2417 4205; x_wconf 88' lang='lat' dir='ltr'>ad</span> <span class='ocrx_word' id='word_1_444' title='bbox 2455 4156 2661 4206; x_wconf 78' lang='lat' dir='ltr'>verbum</span> <span class='ocrx_word' id='word_1_445' title='bbox 2695 4155 2748 4204; x_wconf 90' lang='lat' dir='ltr'>in</span> <span class='ocrx_word' id='word_1_446' title='bbox 2782 4153 2994 4219; x_wconf 77' lang='lat' dir='ltr'>registro</span> <span class='ocrx_word' id='word_1_447' title='bbox 3032 4152 3219 4203; x_wconf 86' lang='lat' dir='ltr'>domini</span> 
     </span>
     <span class='ocr_line' id='line_1_38' title="bbox 358 4239 3219 4312; baseline -0.002 -18"><span class='ocrx_word' id='word_1_448' title='bbox 358 4241 572 4295; x_wconf 82' lang='lat' dir='ltr'>Honorii</span> <span class='ocrx_word' id='word_1_449' title='bbox 592 4243 669 4294; x_wconf 87' lang='lat'>111</span> <span class='ocrx_word' id='word_1_450' title='bbox 704 4261 837 4296; x_wconf 86' lang='lat' dir='ltr'>anno</span> <span class='ocrx_word' id='word_1_451' title='bbox 874 4245 1102 4312; x_wconf 80' lang='lat' dir='ltr'>septimo.</span> <span class='ocrx_word' id='word_1_452' title='bbox 1152 4243 1450 4296; x_wconf 81' lang='lat' dir='ltr'>Martinus“.</span> <span class='ocrx_word' id='word_1_453' title='bbox 1502 4244 1649 4296; x_wconf 89' lang='lat' dir='ltr'>Diem</span> <span class='ocrx_word' id='word_1_454' title='bbox 1684 4253 1737 4296; x_wconf 86' lang='lat' dir='ltr'>et</span> <span class='ocrx_word' id='word_1_455' title='bbox 1770 4244 1935 4296; x_wconf 89' lang='lat' dir='ltr'>locum</span> <span class='ocrx_word' id='word_1_456' title='bbox 1965 4242 2304 4310; x_wconf 79' lang='lat' dir='ltr'>supplevimus</span> <span class='ocrx_word' id='word_1_457' title='bbox 2329 4260 2390 4294; x_wconf 89' lang='lat' dir='ltr'>ex</span> <span class='ocrx_word' id='word_1_458' title='bbox 2415 4244 2603 4305; x_wconf 84' lang='lat' dir='ltr'>Erben,</span> <span class='ocrx_word' id='word_1_459' title='bbox 2639 4242 2864 4308; x_wconf 79' lang='lat' dir='ltr'>Regesta</span> <span class='ocrx_word' id='word_1_460' title='bbox 2901 4239 3219 4307; x_wconf 84' lang='lat' dir='ltr'>diplomatica</span> 
     </span>
     <span class='ocr_line' id='line_1_39' title="bbox 357 4329 3219 4407; baseline -0.001 -24"><span class='ocrx_word' id='word_1_461' title='bbox 357 4347 555 4384; x_wconf 85' lang='lat' dir='ltr'>necnon</span> <span class='ocrx_word' id='word_1_462' title='bbox 592 4333 881 4407; x_wconf 74' lang='lat' dir='ltr'>epistolaria</span> <span class='ocrx_word' id='word_1_463' title='bbox 904 4333 1177 4386; x_wconf 87' lang='lat' dir='ltr'>Bohemiae</span> <span class='ocrx_word' id='word_1_464' title='bbox 1210 4341 1265 4384; x_wconf 88' lang='lat' dir='ltr'>et</span> <span class='ocrx_word' id='word_1_465' title='bbox 1282 4331 1557 4385; x_wconf 72' lang='lat' dir='ltr'>Mor-aviae.</span> <span class='ocrx_word' id='word_1_466' title='bbox 1608 4334 1807 4400; x_wconf 79' lang='lat' dir='ltr'>Pragae</span> <span class='ocrx_word' id='word_1_467' title='bbox 1837 4333 1990 4385; x_wconf 82' lang='lat'>1855.</span> <span class='ocrx_word' id='word_1_468' title='bbox 2038 4333 2090 4384; x_wconf 83' lang='lat'>4.</span> <span class='ocrx_word' id='word_1_469' title='bbox 2135 4332 2179 4394; x_wconf 94' lang='lat'>1,</span> <span class='ocrx_word' id='word_1_470' title='bbox 2204 4333 2312 4384; x_wconf 84' lang='lat'>310</span> <span class='ocrx_word' id='word_1_471' title='bbox 2345 4349 2396 4382; x_wconf 93' lang='grc'>11.</span> <span class='ocrx_word' id='word_1_472' title='bbox 2421 4330 2544 4394; x_wconf 87' lang='grc'><strong>667,</strong></span> <span class='ocrx_word' id='word_1_473' title='bbox 2579 4347 2789 4398; x_wconf 85' lang='lat' dir='ltr'>quocum</span> <span class='ocrx_word' id='word_1_474' title='bbox 2824 4347 2888 4382; x_wconf 88' lang='lat' dir='ltr'>ex</span> <span class='ocrx_word' id='word_1_475' title='bbox 2909 4329 3122 4382; x_wconf 86' lang='lat' dir='ltr'>Honorii</span> <span class='ocrx_word' id='word_1_476' title='bbox 3143 4329 3219 4380; x_wconf 92' lang='lat' dir='ltr'>III</span> 
     </span>
     <span class='ocr_line' id='line_1_40' title="bbox 354 4419 2597 4489; baseline 0 -17"><span class='ocrx_word' id='word_1_477' title='bbox 354 4421 573 4488; x_wconf 80' lang='lat' dir='ltr'>registro</span> <span class='ocrx_word' id='word_1_478' title='bbox 606 4421 988 4476; x_wconf 80' lang='lat' dir='ltr'>communicavit</span> <span class='ocrx_word' id='word_1_479' title='bbox 1021 4421 1262 4489; x_wconf 80' lang='lat' dir='ltr'>Palacky.</span> <span class='ocrx_word' id='word_1_480' title='bbox 1321 4421 1524 4474; x_wconf 73' lang='lat' dir='ltr'>Bocnek</span> <span class='ocrx_word' id='word_1_481' title='bbox 1558 4423 1626 4486; x_wconf 90' lang='lat'>11,</span> <span class='ocrx_word' id='word_1_482' title='bbox 1667 4423 1784 4475; x_wconf 81' lang='lat'>144.</span> <span class='ocrx_word' id='word_1_483' title='bbox 2005 4423 2050 4476; x_wconf 87' lang='lat'>1.</span> <span class='ocrx_word' id='word_1_484' title='bbox 2085 4421 2353 4474; x_wconf 80' lang='lat' dir='ltr'>munitates</span> <span class='ocrx_word' id='word_1_485' title='bbox 2387 4419 2448 4472; x_wconf 89' lang='lat' dir='ltr'>B.</span> <span class='ocrx_word' id='word_1_486' title='bbox 2593 4429 2597 4434; x_wconf 84' lang='lat'><em>&#39;</em></span> 
     </span>
    </p>
   </div>
   <div class='ocr_carea' id='block_1_8' title="bbox 366 4635 3212 4834">
    <p class='ocr_par' dir='ltr' id='par_1_9' title="bbox 366 4635 3212 4834">
     <span class='ocr_line' id='line_1_41' title="bbox 366 4635 3212 4736; baseline -0.003 -29"><span class='ocrx_word' id='word_1_487' title='bbox 366 4635 542 4706; x_wconf 87' lang='grc'><strong>177.</strong></span> <span class='ocrx_word' id='word_1_488' title='bbox 582 4637 757 4706; x_wconf 89' lang='grc'><strong>1225</strong></span> <span class='ocrx_word' id='word_1_489' title='bbox 796 4639 934 4705; x_wconf 75' lang='lat' dir='ltr'>iuli.</span> <span class='ocrx_word' id='word_1_490' title='bbox 966 4639 1054 4706; x_wconf 89' lang='grc'>13</span> <span class='ocrx_word' id='word_1_491' title='bbox 1102 4639 1313 4704; x_wconf 73' lang='lat' dir='ltr'>Reate.</span> <span class='ocrx_word' id='word_1_492' title='bbox 1381 4638 1707 4703; x_wconf 70' lang='lat' dir='ltr'>Honorius</span> <span class='ocrx_word' id='word_1_493' title='bbox 1741 4660 1926 4725; x_wconf 80' lang='lat' dir='ltr'>papa</span> <span class='ocrx_word' id='word_1_494' title='bbox 1956 4637 2081 4702; x_wconf 89' lang='lat' dir='ltr'>III</span> <span class='ocrx_word' id='word_1_495' title='bbox 2116 4637 2442 4721; x_wconf 76' lang='lat' dir='ltr'>confirmat</span> <span class='ocrx_word' id='word_1_496' title='bbox 2471 4637 2796 4720; x_wconf 46' lang='lat' dir='ltr'>fratrebus</span> <span class='ocrx_word' id='word_1_497' title='bbox 2841 4639 3060 4736; x_wconf 68' lang='lat' dir='ltr'>¹domus</span> <span class='ocrx_word' id='word_1_498' title='bbox 3105 4637 3212 4700; x_wconf 75' lang='lat' dir='ltr'>ho-</span> 
     </span>
     <span class='ocr_line' id='line_1_42' title="bbox 582 4745 2276 4834; baseline -0.002 -22"><span class='ocrx_word' id='word_1_499' title='bbox 582 4747 830 4834; x_wconf 75' lang='lat' dir='ltr'>spitalis</span> <span class='ocrx_word' id='word_1_500' title='bbox 876 4770 925 4810; x_wconf 79' lang='lat' dir='ltr'>s.</span> <span class='ocrx_word' id='word_1_501' title='bbox 960 4745 1213 4812; x_wconf 78' lang='lat' dir='ltr'>Mariae</span> <span class='ocrx_word' id='word_1_502' title='bbox 1254 4745 1907 4832; x_wconf 69' lang='lat' dir='ltr'>Merqentlteimensem</span> <span class='ocrx_word' id='word_1_503' title='bbox 1951 4747 2276 4812; x_wconf 73' lang='lat' dir='ltr'>decimam.</span> 
     </span>
    </p>
   </div>
   <div class='ocr_carea' id='block_1_9' title="bbox 582 4864 3216 4963">
    <p class='ocr_par' dir='ltr' id='par_1_10' title="bbox 582 4864 3216 4963">
     <span class='ocr_line' id='line_1_43' title="bbox 582 4864 3216 4963; baseline -0.002 -17"><span class='ocrx_word' id='word_1_504' title='bbox 582 4879 895 4947; x_wconf 89' lang='lat' dir='ltr'>Honorius</span> <span class='ocrx_word' id='word_1_505' title='bbox 928 4883 1043 4946; x_wconf 87' lang='lat' dir='ltr'>etc.</span> <span class='ocrx_word' id='word_1_506' title='bbox 1090 4878 1391 4962; x_wconf 82' lang='lat' dir='ltr'>magistro</span> <span class='ocrx_word' id='word_1_507' title='bbox 1438 4883 1502 4945; x_wconf 89' lang='lat' dir='ltr'>et</span> <span class='ocrx_word' id='word_1_508' title='bbox 1541 4878 1844 4946; x_wconf 84' lang='lat' dir='ltr'>fratribus</span> <span class='ocrx_word' id='word_1_509' title='bbox 1875 4883 1990 4946; x_wconf 91' lang='lat' dir='ltr'>etc.</span> <span class='ocrx_word' id='word_1_510' title='bbox 2043 4864 2250 4945; x_wconf 56' lang='lat' dir='ltr'>&#39;Iustis</span> <span class='ocrx_word' id='word_1_511' title='bbox 2295 4878 2646 4963; x_wconf 89' lang='lat' dir='ltr'>petentium</span> <span class='ocrx_word' id='word_1_512' title='bbox 2677 4880 2791 4944; x_wconf 91' lang='lat' dir='ltr'>etc.</span> <span class='ocrx_word' id='word_1_513' title='bbox 2824 4899 3019 4962; x_wconf 73' lang='lat' dir='ltr'>usque</span> <span class='ocrx_word' id='word_1_514' title='bbox 3049 4895 3216 4941; x_wconf 91' lang='lat' dir='ltr'>com-</span> 
     </span>
    </p>
   </div>
   <div class='ocr_carea' id='block_1_10' title="bbox 356 4983 3218 5154">
    <p class='ocr_par' dir='ltr' id='par_1_11' title="bbox 356 4983 3218 5154">
     <span class='ocr_line' id='line_1_44' title="bbox 356 4983 3218 5076; baseline -0.002 -21"><span class='ocrx_word' id='word_1_515' title='bbox 356 4985 531 5076; x_wconf 86' lang='lat' dir='ltr'>pelli.</span> <span class='ocrx_word' id='word_1_516' title='bbox 600 4985 839 5056; x_wconf 89' lang='lat' dir='ltr'>Littere</span> <span class='ocrx_word' id='word_1_517' title='bbox 884 4985 1191 5074; x_wconf 88' lang='lat' dir='ltr'>siquidem</span> <span class='ocrx_word' id='word_1_518' title='bbox 1235 4985 1394 5053; x_wconf 88' lang='lat' dir='ltr'>bone</span> <span class='ocrx_word' id='word_1_519' title='bbox 1423 4986 1724 5053; x_wconf 89' lang='lat' dir='ltr'>memorie</span> <span class='ocrx_word' id='word_1_520' title='bbox 1754 4985 2122 5054; x_wconf 88' lang='lat' dir='ltr'>Theoderici</span> <span class='ocrx_word' id='word_1_521' title='bbox 2151 4984 2624 5074; x_wconf 88' lang='lat' dir='ltr'>Herbipolensis</span> <span class='ocrx_word' id='word_1_522' title='bbox 2671 4983 2950 5072; x_wconf 87' lang='lat' dir='ltr'>episcopi</span> <span class='ocrx_word' id='word_1_523' title='bbox 2996 5003 3106 5050; x_wconf 89' lang='lat' dir='ltr'>suo</span> <span class='ocrx_word' id='word_1_524' title='bbox 3155 4989 3218 5050; x_wconf 92' lang='lat' dir='ltr'>et</span> 
     </span>
     <span class='ocr_line' id='line_1_45' title="bbox 2727 5099 2792 5154; baseline 0 0"><span class='ocrx_word' id='word_1_525' title='bbox 2727 5099 2792 5154; x_wconf 91' lang='lat'>11</span> 
     </span>
    </p>
   </div>
  </div>
 </body>
</html>
