3892 5609
1361 360 1750 412 Pnrvrnneu
1793 362 2187 413 usnemu
3048 351 3142 423 35
3157 353 3193 423 1

339 516 574 602 spiritu
629 516 956 583 credimini
1015 516 1366 606 ambulare,
1427 540 1498 587 eo
1523 545 1530 556 ¹
1553 522 1718 605 quod
1762 524 1995 590 caritas
2039 543 2162 589 non
2214 520 2524 588 emulatur
2568 541 2684 588 nec
2728 542 2848 608 que
2885 542 3009 614 ‘sua
3053 527 3201 588 sunt

341 625 585 711 expetit
627 624 739 691 sed
783 645 903 712 que
934 624 1190 710 Christi,
1239 647 1278 691 a
1321 628 1645 711 questione
1689 630 1804 695 tali
1851 630 2184 717 spontanei
2221 630 2559 714 desistam,
2608 650 2727 713 que
2756 650 2872 696 nec
2902 629 3203 697 debuerat

339 730 657 816 inchoari,
705 751 880 816 cum,
925 730 980 797 si
1026 731 1293 799 forsitan
1341 733 1705 802 obtineretis
1750 736 1818 802 in
1865 757 1970 822 ea,
2016 737 2110 803 nil
2154 737 2299 803 inde
2345 737 2521 803 vobis
2565 737 2689 802 nisi
2735 744 2885 804 nota
2908 714 3200 822 ’quedam

341 846 742 925 accresceret,
789 860 910 926 que
944 840 1054 906 vix
1099 844 1316 927 posset
1359 842 1436 909 de
1480 842 1651 910 facili
1697 844 1965 927 aboleri3
2012 846 2123 913 sed
2170 844 2417 912 eosdem
2463 844 2833 927 magistrum
2881 848 2944 910 et
2970 844 3199 911 fratres

341 946 589 1013 sincera
641 948 710 1013 in
769 944 1021 1014 domino
1081 948 1345 1015 caritate
1388 951 1672 1017 tractetis
1715 951 1837 1036 ita,
1898 952 2063 1038 quod
2112 972 2191 1019 ex
2235 952 2353 1018 hoc
2396 952 2511 1017 deo
2557 956 2621 1017 et
2663 950 3019 1018 hominibus
3062 950 3199 1038 pla-

341 1054 534 1121 ceatis
577 1074 816 1139 nosque
861 1054 1260 1121 devocionem
1301 1060 1578 1125 vestram
1609 1059 1924 1144 possimus
1958 1060 2183 1126 merito
2214 1058 2669 1125 commendare.
2738 1058 2840 1124 Ad
2870 1057 3003 1143 hec,
3052 1058 3201 1143 quia

339 1160 802 1229 venerabilibus
858 1162 1160 1229 fratribus
1215 1164 1450 1231 nostris
1507 1166 1867 1251 patriarche
1921 1165 2419 1233 Ierosolimitano
2432 1160 2455 1193 ⁹
2508 1170 2573 1233 et
2614 1164 3011 1231 Acchonensi
3065 1166 3198 1251 epi-

340 1262 584 1353 scopo¹⁰
629 1269 864 1335 nostris
909 1269 1130 1337 damus
1175 1269 1404 1337 litteris
1447 1272 1516 1337 in
1558 1274 1896 1359 mandatis,
1941 1279 2015 1341 ut
2058 1294 2168 1341 vos
2213 1274 2293 1340 ad
2337 1273 2647 1359 premissa
2680 1277 2977 1338 moneant
3007 1277 3071 1338 et
3097 1273 3195 1337 in-

339 1374 591 1458 ducant,
640 1374 946 1461 volumus,
991 1382 1065 1443 ut
1108 1398 1322 1445 eorum
1367 1379 1622 1445 monitis
1669 1382 1978 1448 attencius
2023 1382 2363 1449 intendatis
2408 1381 2689 1467 ipsorum
2737 1378 3063 1446 eonsilium
3113 1379 3195 1445 ad

339 1480 594 1549 effectus
647 1484 924 1566 graciam
979 1484 1372 1553 deducentes.
1466 1485 1702 1555 Datum
1744 1488 2038 1573 Anagnis
2093 1490 2250 1556 xvii⁰
2299 1488 2601 1555 kalendas
2656 1486 2927 1553 octobris
2986 1486 3195 1572 ponti-

336 1586 558 1657 ficatus
602 1590 804 1656 nostri
850 1610 1015 1657 anno
1061 1596 1304 1677 quarto.

547 1712 592 1775 1,
615 1712 702 1765 82.
749 1714 944 1780 Templi
977 1713 1216 1779 magister
1252 1723 1371 1767 tunc
1406 1724 1518 1767 erat
1551 1716 1732 1769 Petrus
1769 1718 1834 1771 de
1869 1718 2208 1773 Monteacuto.
2462 1719 2507 1769 1.
2546 1726 2599 1769 et
2630 1718 2673 1769 Ι.
2842 1714 2894 1768 2.
2930 1716 3113 1768 nostris
3149 1716 3191 1767 L

336 1800 390 1851 3.
426 1798 748 1853 direxerimus
783 1802 825 1855 Ι.
1047 1802 1098 1853 4.
1133 1804 1227 1855 Est
1262 1804 1572 1857 constitutio:
1600 1807 1828 1871 ‘,‚Vestra
1861 1808 2091 1877 religio“.
2302 1808 2353 1859 5.
2392 1826 2436 1859 v.
2462 1825 2512 1858 n.
2536 1806 2643 1857 308
2678 1805 2743 1857 de
2773 1804 2902 1855 1221
2930 1806 3121 1857 ianuar.
3142 1804 3193 1857 9.

335 1888 389 1940 6.
426 1906 472 1941 τ.
498 1906 548 1941 n.
573 1890 678 1941 417
714 1890 780 1941 de
809 1888 942 1941 1227
977 1890 1085 1942 iulii
1109 1891 1159 1943 2.
1285 1890 1334 1943 7.
1375 1892 1508 1943 1222
1533 1895 1677 1962 april.
1700 1897 1764 1948 19
1800 1914 1847 1948 v.
1864 1915 1915 1950 n.
1931 1898 2049 1951 151.
2178 1898 2229 1949 8.
2252 1905 2371 1949 tunc
2393 1896 2614 1948 nondum
2636 1896 2933 1960 imper-aton
2957 1912 3005 1946 r.
3027 1912 3077 1945 n.
3094 1892 3194 1944 146

337 1977 405 2028 de
439 1977 574 2029 1217
607 1978 726 2030 maii
749 1978 837 2030 25.
995 1979 1046 2031 9.
1084 1980 1350 2033 Geraldus.
1515 1984 1594 2035 10.
1631 1984 1898 2038 Iohannes.

337 2226 520 2298 450.
562 2190 737 2298 1231
783 2233 1006 2299 martia·
1030 2231 1118 2298 29
1163 2232 1486 2299 Laterani.
1565 2232 1908 2323 amorim
1937 2238 2052 2303 IX
2086 2240 2309 2323 repetit
2348 2262 2413 2302 n.
2443 2238 2578 2303 446
2623 2238 2699 2302 de
2725 2234 2905 2302 1228
2938 2234 3101 2315 febr.
3128 2234 3189 2299 6.

561 2368 900 2456 Gregorius
970 2378 1085 2441 etc.
1309 2374 1540 2443 Dilecti
1605 2376 1721 2444 filii
1788 2383 1903 2446 etc.
1995 2378 2233 2445 Datum
2289 2375 2586 2445 Laterani
2639 2376 2740 2442 iiii
2792 2374 2917 2441 kal.
2975 2374 3192 2463 aprilis

337 2476 744 2564 pontificatus
787 2480 990 2547 nostri
1035 2500 1198 2548 anno
1246 2481 1481 2567 quinto.

337 2742 439 2815 45
453 2745 518 2815 1.
559 2748 732 2816 1231
780 2753 1000 2817 martii
1025 2751 1114 2817 29
1159 2752 1484 2819 Laterani.
1556 2750 1898 2839 Greqorius
1929 2753 2038 2820 IX
2077 2756 2301 2841 repetit
2342 2776 2404 2818 n.
2425 2752 2559 2819 420
2596 2754 2673 2818 de
2702 2750 2881 2817 1227
2908 2750 3058 2815 iulii
3084 2749 3189 2815 14.

559 2886 894 2974 Gregorius
943 2896 1059 2959 etc.
1281 2892 1424 2960 Non
1470 2894 1704 2981 absque
1738 2899 1854 2961 etc.
1924 2892 2160 2961 Datum
2188 2892 2488 2962 Laterani
2516 2914 2614 2959 1111
2640 2892 2943 2959 kalendas
2974 2890 3192 2978 aprilis

333 2995 736 3083 pontificatus
781 3000 983 3065 nostri
1029 3018 1192 3066 anno
1239 3000 1476 3085 quinto.

340 3260 520 3333 452.
561 3267 734 3334 1231
779 3271 1000 3335 martii
1024 3269 1112 3335 29
1157 3268 1481 3334 Laterani.
1555 3266 1897 3354 Greqorius
1929 3269 2039 3336 IX
2076 3272 2301 3357 repetit
2324 3292 2387 3333 n.
2413 3269 2549 3335 422
2576 3270 2655 3333 de
2682 3268 2859 3333 1227
2904 3266 3053 3331 iulii
3080 3264 3187 3332 21.

561 3416 899 3503 Gregorius
945 3425 1061 3488 etc.
1255 3416 1324 3486 Si
1370 3418 1704 3503 diligenter
1733 3455 1814 3465 —
1848 3419 2258 3487 inveniemini
2291 3456 2372 3465 —
2405 3417 2749 3505 mancipati
2779 3454 2863 3463 —
2896 3416 3189 3502 quatinus

339 3524 418 3591 ab
465 3545 682 3592 eorum
725 3526 1193 3611 gravaminibus
1241 3526 1624 3593 abstinentes
1671 3562 1754 3572 -
1804 3532 1868 3594 et
1912 3528 1982 3594 in
2024 3526 2169 3611 hiis,
2226 3546 2347 3612 que
2390 3525 2687 3612 hospitali
2730 3544 2943 3591 eorum
2994 3560 3079 3569 —
3123 3523 3191 3591 in

338 3632 665 3701 cimiteriis
720 3634 1048 3721 hospitalis
1106 3634 1234 3700 iam
1291 3633 1444 3699 dicti
1501 3632 1802 3717 elegerint
1846 3654 1896 3700 s.
1938 3670 2046 3715 -,
2068 3652 2185 3700 nec
2230 3633 2402 3699 aliud
2445 3653 2559 3720 pro
2606 3632 2762 3719 ipsis
2810 3651 2849 3697 a
2892 3630 3189 3717 predictis

335 3739 637 3809 fratribus
691 3742 990 3826 exigatis,
1053 3760 1170 3807 nec
1225 3741 1586 3827 impediatis
1647 3740 1971 3809 occasione
2020 3776 2100 3787 —-
2161 3760 2351 3825 quam
2407 3740 2497 3807 eis
2555 3760 2595 3807 a
2646 3739 2793 3806 sede
2847 3738 3192 3825 apostolica

333 3848 823 3916 misericorditer
868 3853 1113 3916 constat
1156 3869 1294 3916 esse
1338 3846 1668 3933 indultam,
1715 3868 1794 3915 ex
1842 3868 1962 3933 quo
2012 3885 2093 3894 —
2142 3868 2183 3913 a
2225 3847 2449 3932 quibus
2492 3850 2897 3913 assumuntur
2926 3865 3192 3932 corpora

333 3962 724 4023 mortuorum
781 3954 1048 4022 fideliter
1105 3992 1190 4001 —
1245 3954 1478 4022 intuitu
1534 3953 1829 4042 hospitali
1885 3956 2195 4021 dictorum
2252 3954 2519 4021 fratrum
2566 3974 2605 4019 a
2649 3954 2819 4019 sanis
2866 3989 2949 3999 —
2998 3972 3190 4038 equos

336 4068 402 4131 et
444 4084 624 4130 arma
668 4100 751 4110 —
799 4084 920 4150 que
962 4062 1261 4150 hospitali
1304 4061 1584 4149 predicto
1631 4062 1712 4129 ad
1757 4062 2182 4129 defensionem
2226 4066 2393 4129 terre
2436 4060 2928 4128 Ierosolimitane
2974 4080 3013 4126 a
3054 4060 3191 4145 qui-

334 4168 609 4237 buslibet
680 4170 1121 4237 decedentibus
1145 4165 1162 4199 ¹
1219 4206 1302 4217 -—
1371 4190 1486 4256 per
1563 4171 1852 4257 proprios
1931 4169 2286 4237 sacerdotes
2356 4173 2473 4235 etc.
2587 4167 2821 4236 Datum
2891 4165 3189 4235 Laterani

334 4276 432 4344 iiii
473 4276 776 4345 kalendas
822 4277 1041 4365 aprilis
1085 4276 1484 4364 pontificatus
1528 4278 1730 4344 nostri
1775 4298 1938 4344 anno
1986 4278 2224 4364 quinto.

551 4420 597 4472 1.
633 4417 1027 4473 decendentibus
1061 4420 1127 4472 A.
1152 4418 1242 4481 16;
1277 4419 1364 4470 ubi
1399 4418 1550 4471 etiam
1585 4428 1786 4471 caetera
1819 4419 2037 4472 varietas
2072 4419 2155 4470 hic
2188 4418 2433 4485 producta
2466 4416 2731 4469 invenitur.

338 4669 516 4741 453.
557 4672 731 4739 1231
780 4672 968 4758 april.
995 4674 1038 4737 9
1070 4668 1184 4755 (cf.
1221 4682 1332 4735 σιτ.
1362 4670 1466 4750 10,
1515 4669 1694 4736 1235
1719 4668 1892 4752 febr.
1923 4669 2028 4752 10,
2074 4669 2265 4756 april.
2291 4670 2401 4749 27,
2447 4669 2625 4735 1238
2655 4690 2799 4755 any.
2826 4667 2966 4751 26).
3027 4665 3187 4736 Gre-

555 4781 772 4865 9o¹mssus
802 4779 925 4844 IX·
951 4781 1175 4865 repetit
1216 4778 1498 4842 Honor-ii
1523 4776 1645 4842 III
1679 4800 1742 4840 n.
1776 4776 1912 4842 314
1957 4778 2035 4841 de
2077 4776 2249 4842 1221
2298 4778 2585 4841 ianuarii
2614 4776 2717 4841 16.

559 4909 896 4997 Gregorius
954 4910 1284 4999 episcopus
1341 4930 1557 4976 servus
1615 4928 1939 4976 servorum
1992 4908 2089 4975 dei
2137 4906 2595 4975 venerabilibus
2638 4906 2938 4973 fratribus
2986 4907 3187 4973 archi-

337 5018 650 5107 episcopis
695 5024 762 5087 et
803 5018 1114 5106 episcopis
1160 5023 1226 5087 et
1267 5016 1510 5085 dilectis
1553 5014 1702 5084 filiis
1732 5016 2083 5101 abbatibus,
2128 5015 2486 5103 prepositis,
2530 5015 2867 5103 prioribus,
2914 5014 3185 5101 decanis,
