3892 5609
1339 408 1726 457 Prummu
1772 408 2161 455 Gnnnnaua
3023 396 3166 467 361

325 566 506 637 481.
549 568 727 634 1244
757 570 915 633 maii
945 570 1034 634 17
1063 569 1372 635 Laterani
1407 568 1519 653 (cf.
1548 570 1724 634 1246
1753 573 1913 635 maii
1938 570 2003 649 6,
2054 569 2229 635 1247
2260 569 2409 634 iulii
2434 568 2573 650 25).
2646 568 3045 634 Innocentius
3076 568 3185 633 IV

545 678 764 763 repetit
810 676 1089 741 Honor-ii
1117 676 1240 741 III
1275 702 1337 741 n.
1369 676 1520 742 406.

551 816 948 883 Innocentius
994 825 1108 884 etc.
1333 816 1564 884 Dilecti
1605 815 1720 883 filii
1753 852 1832 863 -
1869 822 2015 903 post
2058 816 2391 883 concilium
2426 853 2507 863 —
2540 821 2870 904 potestate.
2941 815 3177 884 Datum

323 923 622 991 Laterani
665 922 811 992 XVI
857 924 1156 991 kalendas
1201 926 1359 991 iunii
1401 924 1800 1011 pontificatus
1847 926 2049 990 nostri
2094 944 2257 990 anno
2303 924 2529 1011 primo.

538 1064 660 1116 Cum
685 1064 830 1117 dato:
867 1064 1103 1116 Laterani
1133 1064 1196 1115 16
1219 1064 1321 1116 kal.
1349 1065 1469 1116 iunii
1503 1083 1555 1131 p.
1579 1083 1628 1117 n.
1653 1084 1700 1117 a.
1731 1066 1755 1117 l
1789 1064 2009 1130 „Baruli;
2046 1066 2108 1115 A.
2138 1064 2203 1116 16
2239 1082 2289 1131 p.
2316 1066 2381 1116 14
2404 1082 2479 1131 sq.
2508 1095 2569 1103 —
2610 1065 2733 1116 Oum
2761 1064 2907 1117 dato:
2945 1065 3181 1131 Lugduni

325 1154 364 1203 2
397 1170 514 1206 non.
537 1154 655 1205 maii
689 1172 740 1219 p.
766 1172 815 1205 n.
839 1172 885 1206 a.
912 1154 962 1205 3.
1007 1156 1070 1207 A.
1100 1154 1165 1205 16
1201 1172 1251 1221 p.
1282 1154 1348 1205 14
1372 1172 1446 1220 sq.
1487 1153 1796 1219 „Venetiis“;
1843 1155 2221 1205 Transsumtum
2256 1153 2320 1205 R.
2353 1154 2424 1205 58
2480 1153 2611 1205 inter
2656 1154 3047 1221 Ratisponensia
3086 1154 3179 1215 133

325 1242 392 1294 R.
417 1242 450 1293 9
485 1242 829 1308 apographum
866 1243 1152 1293 transsumti
1189 1244 1316 1293 inter
1353 1242 1810 1309 Nurembergensia
1849 1244 1912 1295 15
1951 1244 2156 1295 citatur:
2206 1242 2478 1309 „Noverint
2512 1242 2729 1293 universi
2765 1260 2973 1309 presens
3009 1243 3177 1309 publi-

327 1348 439 1381 cum
473 1332 852 1382 instrumentum
887 1330 1175 1397 inspecturi,
1213 1330 1346 1395 quod
1382 1348 1472 1382 nos
1509 1330 1666 1382 frater
1689 1330 2006 1385 Bonacursus
2043 1333 2109 1385 de
2132 1333 2305 1385 ordine
2330 1331 2713 1400 predicator-urm·
2750 1332 2987 1398 'tyrensis
3012 1332 3177 1383 archi-

324 1420 592 1487 episcopus
639 1428 692 1471 et
725 1420 935 1471 vicarius
980 1420 1343 1486 patriarchatus
1389 1420 1770 1472 lerosolimitani
1815 1437 1874 1472 ac
1919 1422 2237 1488 episcopatus
2272 1422 2579 1475 Acconensis
2592 1460 2609 1484 ,
2657 1430 2710 1473 et
2752 1438 2845 1473 nos
2894 1420 3179 1486 Gailardus,

325 1508 552 1561 eiusdem
595 1508 784 1561 ordinis
827 1517 880 1560 et
925 1509 1102 1561 eadem
1149 1509 1322 1575 gracia
1354 1509 1781 1561 Bethleemitanus
1825 1510 2117 1577 episcopus,
2164 1511 2379 1563 vidimus
2392 1548 2409 1573 ,
2456 1510 2668 1577 legimus
2713 1518 2766 1561 et
2808 1509 2873 1569 de
2914 1511 3071 1563 verbo
3114 1511 3182 1562 ad

325 1599 532 1649 verbum
567 1597 832 1665 diligenter
865 1598 1172 1664 inspeximus
1207 1599 1450 1665 quasdam
1483 1597 1653 1649 literas
1690 1598 1876 1650 domini
1911 1600 2191 1652 Innocentii
2226 1616 2359 1667 pape
2382 1600 2483 1651 1111
2518 1618 2669 1651 sanas
2705 1608 2758 1651 et
2792 1600 3043 1667 integras,
3078 1616 3181 1652 non

327 1686 568 1747 abolitas,
611 1703 713 1737 non
762 1685 1087 1747 cancellatas,
1134 1705 1236 1739 non
1284 1706 1424 1739 rasas
1471 1703 1565 1737 nec
1599 1687 1652 1737 in
1688 1687 1855 1754 aliqua
1891 1688 1971 1739 sui
2006 1697 2150 1755 parte
2185 1688 2422 1751 viciatas,
2470 1706 2677 1756 quarum
2711 1698 2856 1741 tenor
2890 1707 2982 1756 per
3016 1688 3183 1741 omnia

326 1774 441 1827 talis
477 1778 582 1827 est“
627 1811 640 1826 .
660 1812 674 1827 .
694 1812 708 1826 .
767 1776 933 1839 „Quas
970 1776 1170 1840 quidem
1203 1776 1376 1827 literas
1411 1776 1702 1827 transscribi
1740 1786 1792 1827 et
1827 1777 2071 1844 publicari
2104 1778 2311 1829 fecimus
2347 1795 2439 1844 per
2460 1776 2736 1829 Iohannem
2759 1777 2993 1829 clericum
3014 1778 3177 1829 Acco-

325 1880 532 1915 ncnsem
543 1902 559 1927 ,
608 1864 854 1915 notarium
899 1863 1152 1929 publicum
1165 1902 1180 1926 ,
1230 1865 1298 1916 ad
1341 1864 1636 1915 instanciam
1681 1875 1734 1916 et
1777 1882 1954 1932 preces
2002 1865 2223 1932 religiosi
2256 1866 2351 1917 viri
2394 1866 2561 1917 fratris
2598 1866 2837 1918 Iohannis
2883 1865 2965 1917 dei
2990 1865 3184 1932 ogracia

323 1953 496 2019 magni
531 1953 838 2020 preceptor-is
875 1952 1049 2003 domus
1085 1952 1346 2019 hospitalis
1383 1963 1554 2005 sancte
1579 1954 1740 2006 Mario
1765 1955 2183 2007 Theutonicorum
2215 1955 2613 2007 Ierosolimitani.
2666 1956 2725 2005 In
2763 1954 2901 2005 cuius
2938 1955 3013 2005 rei
3034 1954 3179 2006 testi-

324 2042 544 2093 monium
579 2042 803 2107 presenti
837 2042 1166 2093 instrumento
1203 2042 1367 2109 sigillo
1403 2052 1576 2095 nostra
1613 2043 1840 2095 duximus
1865 2044 2171 2111 apponenda
2194 2053 2249 2095 et
2270 2052 2389 2095 tunc
2424 2080 2439 2096 .
2460 2080 2475 2095 .
2495 2080 2510 2095 .
2562 2044 2676 2110 Ego
2698 2043 2951 2096 Iohannes
2975 2044 3182 2096 clericus

325 2131 633 2181 Acconensis
644 2168 660 2192 ,
707 2131 912 2182 assisius
959 2130 1170 2181 ecclesie
1217 2140 1390 2183 sancte
1437 2132 1595 2183 crucis
1633 2133 1942 2187 Acconensis
1958 2170 1975 2195 ,
2020 2142 2337 2185 sacrosancte
2370 2132 2599 2185 Romane
2642 2133 2851 2183 ecclesie
2887 2132 3183 2185 auctoritate

327 2220 550 2271 notarius
587 2219 831 2285 publicus,
867 2219 1116 2287 predictas
1151 2219 1324 2272 literas
1359 2230 1456 2272 etc.
1492 2238 1624 2273 anno
1663 2221 1847 2273 domini
1876 2220 2010 2274 1277
2046 2222 2319 2275 indictione
2342 2221 2375 2273 6
2412 2222 2495 2273 die
2524 2220 2589 2273 19
2616 2222 2803 2273 mensis
2832 2222 3047 2274 octobris
3072 2238 3184 2273 cum

326 2309 570 2359 testibus“
611 2316 707 2360 etc.
771 2309 918 2361 Cuius
963 2309 1250 2361 transsumti
1288 2309 1530 2374 originale
1576 2328 1730 2361 unum
1764 2311 1912 2362 valde
1958 2312 2055 2363 situ
2098 2310 2287 2363 laesum
2300 2349 2315 2373 ,
2352 2318 2545 2362 tantum
2591 2326 2701 2363 cum
2739 2310 2967 2363 Gailardi
3002 2310 3184 2377 sigillo,

327 2406 614 2450 asservatur
657 2398 710 2448 in
756 2398 955 2448 archivo
991 2396 1386 2463 Regimoutan03
1434 2398 1644 2449 alterum
1689 2398 1742 2449 in
1789 2400 1989 2451 archivo
2037 2398 2225 2451 ordinis
2269 2399 2565 2451 'theutonici
2598 2400 3005 2462 Vindobonensi,
3048 2398 3184 2450 unde

327 2486 490 2539 edidit
523 2503 634 2538 cum
667 2486 804 2537 bulla
839 2488 1028 2539 inserta
1062 2486 1270 2538 Hennes
1305 2486 1348 2550 Ι,
1373 2486 1476 2538 229
1512 2504 1563 2538 ιι.
1587 2486 1711 2540 262.
1739 2518 1804 2527 -
1843 2490 1967 2540 Cum
2004 2488 2151 2541 dato:
2198 2488 2431 2556 Lugduni
2466 2490 2501 2542 8
2534 2488 2638 2543 kal.
2669 2490 2869 2556 augusti
2905 2508 2953 2541 a.
2976 2490 3009 2541 5
3052 2488 3180 2555 „Co-

327 2574 514 2629 lonie“.
561 2576 624 2628 A.
654 2575 720 2626 16
755 2593 807 2642 p.
833 2574 918 2629 79.

329 2799 509 2873 482.
551 2800 727 2867 1244
773 2802 1038 2866 octobris
1067 2802 1154 2867 19
1197 2804 1375 2889 apud
1417 2814 1692 2868 castrum
1723 2802 1930 2869 Stelle.
2004 2802 2401 2870 Innocentius
2432 2803 2546 2869 IV
2573 2806 2798 2891 repetit
2838 2828 2901 2868 n.
2928 2801 3073 2869 478
3108 2802 3185 2867 de

549 2908 726 2975 1244
769 2911 930 2973 maii
962 2909 1026 2973 3.

549 3041 948 3107 Innocentius
1016 3046 1132 3107 etc.
1380 3040 1536 3107 Cum
1604 3039 1849 3108 dilectis
1917 3048 2035 3108 etc.
2141 3040 2376 3109 Datum
2435 3043 2601 3129 apud
2659 3048 2933 3110 castrum
2993 3040 3187 3109 Stelle

329 3150 470 3215 xiiii
515 3148 817 3216 kalendas
862 3148 1220 3214 novembris
1266 3148 1663 3235 pontificatus
1709 3149 1909 3215 nostri
1956 3170 2118 3216 anno
2165 3150 2455 3217 secundo.

331 3425 512 3497 483.
551 3427 730 3493 1245
773 3427 1063 3493 ianuarii
1091 3426 1177 3491 16
1221 3425 1542 3511 Luqduni.
1613 3426 2015 3491 Innocentius
2042 3426 2091 3490 Ι
2095 3426 2157 3492 V
2188 3440 2405 3493 notum
2430 3426 2609 3511 facit
2653 3428 2869 3493 ordini
2917 3425 3183 3492 Theuto-

549 3539 692 3601 nico
737 3556 802 3599 se
836 3530 1122 3601 Gerar-do
1154 3534 1230 3597 de
1260 3532 1580 3598 Malberch
1625 3535 1944 3618 quondam
1986 3536 2287 3620 maqistro
2334 3537 2465 3599 eius
2512 3536 2843 3601 transitum
2880 3535 2967 3599 ad
3002 3532 3183 3599 Tem·

551 3644 796 3731 plarios
843 3644 1225 3709 concessisse.

554 3776 956 3843 Innocentius
989 3775 1319 3861 episcopus
1354 3794 1572 3841 servus
1603 3794 1926 3841 servorum
1958 3774 2061 3841 dei
2090 3773 2333 3842 dilectis
2366 3772 2511 3839 filiis
2543 3823 2559 3840 .
2584 3823 2600 3840 .
2634 3773 2936 3858 magistro
2967 3777 3031 3839 et
3059 3773 3185 3841 fra-
3292 3844 3305 3860 ,

331 3886 532 3952 tribus
577 3884 908 3970 hospitalis
953 3886 1167 3948 sancte
1213 3881 1408 3948 Marie
1451 3880 1976 3947 Theutonicorum
2020 3879 2501 3949 Ierosolimitani
2546 3880 2810 3949 salutem
2844 3885 2907 3948 et
2936 3886 3187 3968 aposto-

329 3992 517 4059 licam
571 3991 1085 4058 benedictionem.
1311 3988 1675 4054 Innocentis.
1717 3993 1924 4057 vestre
1969 3989 2074 4077 pie
2119 3990 2619 4073 congregationis
2666 3988 2908 4072 audita,
2963 3987 3063 4055 cui
3109 3988 3187 4054 de

331 4099 624 4183 religiose
671 4099 798 4164 vite
843 4097 1048 4163 studio
1095 4116 1168 4162 ac
1214 4094 1686 4183 impugnatione
1733 4095 1979 4163 solicita
2022 4096 2295 4163 hostium
2328 4096 2608 4163 crucifixi
2638 4094 2875 4163 clarum
2906 4094 3187 4161 testimo-

331 4208 506 4273 nium
562 4204 956 4292 perhibetur,
1018 4204 1274 4287 dignum
1331 4204 1466 4269 fore
1522 4203 1942 4290 providimuS,
1999 4210 2071 4270 ut
2127 4202 2333 4269 ordini
2377 4209 2585 4271 vestro
2632 4203 2858 4288 quietis
2906 4207 2970 4269 et
3013 4202 3187 4288 pacis

331 4334 670 4401 procurare
727 4314 1057 4379 materiam
1117 4310 1526 4377 studeremus.
1619 4310 1782 4376 Hinc
1827 4317 1957 4395 est,
2015 4310 2180 4395 quod
2224 4330 2338 4376 nos
2386 4315 2646 4397 pensato
2694 4310 2963 4393 solicite,
3022 4308 3187 4393 quod

331 4422 530 4487 frater
573 4419 888 4486 Gerardus
937 4420 1014 4486 de
1057 4417 1397 4500 Malberch‚
1445 4418 1758 4501 quondam
1790 4418 2091 4501 magister
2122 4424 2348 4502 vester,
2396 4418 2533 4485 sine
2563 4423 2770 4485 vestro
2800 4418 2979 4501 gravi
3008 4436 3190 4483 scan-

332 4530 475 4595 dalo
519 4548 648 4595 non
691 4532 942 4614 poterat
982 4529 1049 4593 in
1096 4526 1314 4592 ordine
1358 4544 1700 4608 remanere,
1749 4524 2183 4592 sustinendum
2226 4524 2539 4608 duximus,
2586 4524 2752 4609 quod
2779 4525 3079 4591 transiret
3108 4524 3189 4590 ad

333 4635 726 4721 Templarios
771 4636 1050 4721 ipsorum
1095 4634 1377 4700 habitum
1423 4638 1806 4717 recepturus.
1868 4632 1995 4699 Vos
2040 4633 2251 4718 itaque
2296 4632 2374 4698 de
2420 4632 2777 4698 huiusmodi
2822 4632 2962 4698 duri
3008 4652 3188 4697 casus

335 4732 626 4827 angustia
669 4742 936 4809 feliciter
983 4740 1280 4828 expediti,
1327 4744 1399 4805 ut
1431 4738 1860 4807 indissolubile
1889 4742 2056 4807 inter
2086 4760 2196 4807 vos
2226 4740 2509 4806 caritatis
2538 4738 2855 4805 vinculum
2886 4738 3189 4805 habeatur

335 4856 400 4919 et
452 4851 604 4917 odor
650 4850 810 4916 bone
854 4850 1024 4915 fame
1069 4848 1146 4913 de
1190 4852 1398 4913 vestra
1443 4868 1692 4932 semper
1737 4848 2098 4933 operatione
2146 4846 2474 4933 procedat,
2532 4866 2747 4930 omne,
2804 4846 2969 4931 quod
3014 4850 3190 4932 pote—

335 4958 498 5043 ritis,
543 4958 822 5024 studium
854 4956 1158 5038 habeatis,
1205 4974 1426 5021 secura
1455 4956 1532 5021 de
1563 4955 1742 5021 nobis
1774 4961 2077 5041 concepta
2104 4953 2355 5038 fiducia,
2402 4953 2568 5039 quod
2598 4953 2881 5021 ordinem
2911 4960 3189 5020 vestrum

333 5068 402 5133 in
459 5066 574 5134 deo
629 5065 870 5133 sincere
914 5062 1231 5149 diligimus
1279 5066 1342 5131 et
1385 5082 1497 5129 vos
1542 5062 1808 5130 libenter
1851 5082 1968 5151 per
2012 5062 2215 5146 gratie
2258 5066 2474 5130 nostre
2517 5059 2866 5129 subsidium
2907 5060 2977 5128 in
3020 5065 3191 5128 statu
