3892 5609
729 313 770 384 3
784 313 879 384 50
1357 384 1362 394 ,
1695 318 2121 373 Pommctm
2162 324 2607 373 Romanorum

725 482 1008 550 ordinem
1062 489 1340 550 vestrum
1402 483 1662 551 dextera
1705 484 1920 550 divina
1962 484 2315 575 plantatum
2361 484 2618 572 speciali
2663 484 3062 571 prerogativa
3106 481 3475 549 dileccionis
3518 486 3584 547 et

722 591 932 675 gracie
989 590 1056 656 in
1102 590 1335 657 Christi
1381 591 1722 658 visceribus
1769 574 2200 679 amplexantes
2259 592 2639 659 delectemur
2697 592 2764 658 in
2810 612 2882 658 eo
2927 596 3231 675 tanquam
3276 590 3345 655 in
3394 587 3583 653 odore

724 699 862 782 agri
905 698 1106 784 pleni,
1169 699 1268 764 cui
1314 698 1602 764 dominus
1646 699 1997 784 benedixit,
2058 705 2122 766 et
2168 701 2247 766 ad
2292 700 2607 786 profectus
2652 705 2893 766 vestros
2936 698 3178 765 intimis
3224 696 3585 783 aspirantes

724 804 1067 889 affectibuS,
1115 824 1233 889 que
1263 805 1440 873 vobis
1487 806 1816 892 profutura
1860 808 2311 891 cognoscimus,
2358 807 2549 873 nullis
2590 807 2875 893 preventi
2908 804 3201 892 precibus
3232 800 3339 871 eo¹
3382 802 3585 869 liben-

723 912 857 979 cius
903 932 1326 1000 procuremus,
1374 933 1494 998 quo
1538 914 1702 979 votis
1751 914 1976 979 vestris
2010 913 2248 981 accedit
2278 914 2671 1001 conspectius
2705 913 2998 999 quicquid
3028 912 3207 978 vobis
3237 910 3411 995 grati
3440 930 3585 995 pro-

722 1021 897 1087 venit
938 1021 1328 1105 incrementi,
1373 1039 1767 1105 nequaquam
1813 1040 1958 1103 egre
1988 1020 2153 1087 ferre
2183 1040 2292 1087 vos
2326 1021 2520 1104 decet,
2567 1020 2678 1087 sed
2708 1019 2946 1087 debetis
2976 1020 3196 1105 pocius
3229 1023 3584 1103 acceptare,

723 1128 781 1194 si
825 1128 1000 1194 vobis
1044 1128 1111 1193 in
1157 1148 1228 1193 eo
1276 1126 1675 1194 deferendum
1721 1148 1847 1193 non
1893 1127 2199 1211 ducimus,
2244 1128 2311 1193 in
2359 1148 2481 1211 quo
2529 1133 2592 1195 et
2634 1128 2815 1194 nobis
2861 1133 2925 1193 et
2953 1127 3131 1192 vobis
3163 1130 3385 1213 posset
3418 1124 3585 1210 apud

724 1235 908 1301 deum
958 1239 1020 1301 et
1063 1234 1345 1301 homines
1391 1234 1732 1301 iustissime
1762 1234 2067 1318 derogari.
2132 1232 2315 1318 Sane,
2357 1254 2498 1300 cum
2531 1233 2908 1317 abnegantes
2940 1233 3278 1299 salubriter
3311 1238 3585 1298 vosmet-

723 1342 896 1428 ipsos
941 1341 1035 1407 illi
1079 1362 1190 1407 vos
1237 1342 1596 1408 dicaveritis
1641 1347 1784 1409 voto
1831 1342 2184 1428 sollempni,
2232 1342 2338 1427 qui
2386 1341 2818 1407 celsitudinem
2853 1340 3207 1406 divinitatis
3238 1338 3583 1405 humilians

725 1454 789 1515 et
840 1448 1108 1515 formam
1165 1449 1330 1515 servi
1388 1448 1735 1534 suscipiens
1779 1448 2021 1516 exaltat
2061 1448 2328 1515 humiles
2373 1450 2439 1514 in
2486 1448 2783 1533 salutem,
2840 1449 3030 1514 nimis
3074 1467 3187 1513 vos
3233 1446 3585 1513 redderetis

721 1554 1028 1623 notabiles
1073 1576 1310 1643 nosque
1353 1556 1632 1641 graviter
1673 1556 2033 1640 turbaretis,
2082 1556 2155 1639 si,
2206 1556 2371 1641 quod
2402 1556 2599 1651 absit,
2648 1556 2857 1642 aliquo
2888 1554 3115 1641 spiritu
3147 1553 3445 1621 elationis
3479 1552 3585 1619 ab·

724 1663 894 1731 ducti
960 1663 1330 1730 humilitatis
1388 1662 1623 1729 Christi
1682 1663 2081 1747 negligeretis
2137 1663 2238 1729 vel
2290 1661 2358 1728 in
2414 1662 2657 1729 modico
2714 1662 3142 1748 disciplinam,
3210 1660 3347 1745 vel,
3418 1659 3585 1745 quod

725 1777 969 1837 avertat
1025 1770 1342 1854 dominus,
1402 1770 1798 1836 emulationis
1847 1770 2047 1837 livore
2090 1770 2373 1857 percussi
2418 1790 2568 1854 erga
2609 1770 2753 1836 illos
2796 1776 3069 1836 vestram
3118 1768 3363 1835 remitti
3406 1774 3587 1855 pate-

722 1878 950 1945 remini
994 1878 1340 1960 caritatem,
1387 1897 1540 1960 quos
1586 1875 1902 1943 vobiscum
1952 1878 2063 1942 uni
2108 1877 2359 1943 domino
2404 1876 2782 1943 famulantes
2814 1876 3059 1943 ardenti
3089 1875 3335 1943 debetis
3368 1895 3585 1941 amore

723 1984 1084 2072 complecti,
1143 1988 1216 2050 ut
1268 1983 1596 2067 diligentes
1653 1984 1818 2050 servi
1873 2004 2205 2051 conservos
2254 1983 2629 2049 famulatum
2674 1989 2951 2051 vestrum
2995 1983 3277 2050 reddatis
3322 1982 3585 2047 domino

723 2093 1087 2177 graciorem.
1180 2089 1469 2157 Ceterum
1521 2091 1838 2157 intellecto
1882 2092 2011 2157 iam
2056 2090 2289 2156 dudum
2304 2140 2323 2173 ,
2385 2091 2551 2176 quod
2598 2090 2791 2176 aliqui
2836 2096 3113 2156 vestrum
3160 2090 3585 2156 scandalizari

723 2198 1096 2267 videbantur
1141 2203 1475 2283 utcunque,
1524 2199 1675 2283 quin
1721 2198 1918 2265 eciam
1964 2198 2288 2283 questione
2336 2198 2593 2265 suborta
2634 2218 2751 2284 pro
2798 2218 2889 2281 ec,
2937 2197 3102 2281 quod
3156 2246 3171 2262 .
3212 2248 3228 2263 .
3276 2198 3587 2281 magister

725 2313 787 2373 et
827 2307 1056 2374 fratres
1100 2305 1322 2371 domus
1364 2304 1694 2391 hospitalis
1737 2310 1950 2371 sancte
1980 2304 2178 2371 Marie
2209 2303 2731 2371 Theotonicorum
2759 2306 3074 2371 mantellis
3106 2303 3267 2371 albis
3296 2310 3582 2387 utantur,

724 2413 904 2499 quasi
962 2418 1129 2479 esset
1181 2413 1272 2479 eis
1327 2412 1393 2477 in
1452 2412 1571 2480 hoc
1622 2412 1966 2479 similitudo
2012 2412 2203 2477 vestri
2252 2411 2503 2478 habitus
2546 2412 2912 2496 interdicta,
2966 2432 3083 2478 nos
3128 2412 3457 2497 cupientes
3504 2412 3583 2477 de

725 2542 920 2605 regno
968 2519 1224 2587 ecclesie
1270 2518 1562 2603 colligere
1607 2518 1902 2587 scandala
1943 2518 2283 2586 venerabili
2328 2520 2512 2585 fratri
2554 2524 2770 2585 nostro
2814 2519 3169 2606 patriarche
3202 2518 3583 2585 lerosolimi-

722 2632 896 2711 tano,
945 2626 1284 2714 apostolice
1330 2626 1496 2693 sedis
1534 2626 1760 2711 legato,
1809 2626 1971 2693 sicut
2000 2622 2256 2711 nostis²,
2302 2625 2539 2712 pluries
2568 2647 2756 2714 super
2787 2626 2905 2693 hoc
2932 2621 3317 2692 direximus⁸
3346 2627 3585 2712 scripta

725 2739 960 2819 nostra,
1010 2753 1275 2820 quorum
1319 2738 1566 2799 tenores
1613 2754 1724 2799 vos
1769 2754 1896 2799 non
1941 2734 2253 2800 credimus
2299 2734 2608 2816 ignorare.
2676 2733 2959 2819 Cumque
2987 2733 3191 2799 dictus
3218 2732 3585 2819 patriarcha

725 2862 1054 2928 processus
1099 2862 1214 2928 per
1265 2861 1406 2908 eum
1452 2841 1696 2908 habitos
1743 2842 1874 2907 suis
1918 2840 2101 2907 nobis
2144 2840 2372 2907 litteris
2404 2842 2701 2907 intimans
2732 2842 2987 2907 tandem
3016 2845 3219 2907 totum
3248 2842 3585 2922 negocium

725 2948 805 3014 ad
847 2953 1130 3015 nostram
1173 2948 1560 3035 presenciam
1607 2948 1966 3032 destinarit,
2022 2949 2172 3034 quia
2214 2947 2381 3013 idem
2427 2949 2727 3032 magister
2770 2948 3052 3034 predicte
3093 2947 3319 3014 domus
3368 2954 3583 3013 sancte

722 3054 923 3123 Maric
980 3055 1501 3123 Theotonicorum
1559 3055 1728 3141 apud
1784 3055 1996 3123 sedem
2058 3054 2467 3144 apostolicam
2523 3057 2897 3122 constitutus
2950 3054 3357 3141 privilegium
3367 3052 3411 3139 ⁴,
3466 3074 3583 3141 per

727 3163 895 3250 quod
939 3163 1268 3247 statuitur,
1315 3168 1388 3228 ut
1431 3162 1582 3229 ordo
1629 3162 1850 3229 domus
1895 3169 2100 3230 vestre
2145 3163 2311 3229 circa
2354 3162 2611 3229 clericos
2658 3168 2722 3229 et
2762 3163 2994 3229 milites
3040 3167 3103 3228 et
3148 3162 3307 3228 alios
3350 3162 3580 3229 fratres

722 3271 789 3337 in
835 3271 1018 3338 domo
1065 3292 1180 3338 sua
1208 3271 1528 3358 perpetuis
1557 3270 1943 3356 temporibus
1976 3269 2340 3337 observetur
2370 3272 2434 3335 et
2462 3270 2943 3354 indulgenciam,
2992 3290 3107 3356 per
3138 3290 3326 3353 quam
3360 3288 3577 3335 omnes

723 3377 1077 3461 libertates,
1123 3378 1552 3444 immunitates
1599 3382 1663 3444 et
1704 3376 2097 3461 indulgencie
2142 3376 2354 3442 domui
2386 3382 2594 3442 vestre
2626 3378 2703 3443 ab
2738 3377 3081 3465 apostolica
3108 3376 3257 3442 sede
3284 3395 3577 3442 concesse

725 3505 836 3551 sue
883 3484 1095 3551 domui
1138 3484 1582 3568 conceduntur,
1628 3504 1870 3551 necnon
1914 3490 1979 3550 et
2022 3481 2357 3570 specialem
2403 3484 2860 3568 indulgenciam
2904 3484 2981 3551 de
3024 3482 3342 3549 mantellis
3372 3482 3577 3549 ordini

725 3611 837 3657 suo
894 3612 933 3657 a
988 3591 1092 3678 pie
1137 3590 1436 3657 memorie
1478 3588 1756 3657 Honorio
1802 3592 2245 3677 predecessore
2288 3594 2502 3655 nostro
2548 3590 2886 3657 clementer
2927 3588 3243 3657 indultas‘*
3288 3594 3355 3656 et
3398 3588 3575 3656 innc-

725 3703 903 3765 vatas
949 3692 989 3765 a
1031 3694 1268 3781 nobis⁸,
1329 3716 1402 3763 ac
1447 3695 1981 3765 confirmationem
2028 3698 2104 3763 ab
2152 3697 2369 3763 eodem
2416 3697 2853 3784 predecessore
2896 3704 3111 3765 nostro
3158 3698 3279 3765 sibi
3324 3716 3575 3764 conces-

727 3800 895 3873 sam⁷
940 3824 1130 3891 super
1175 3824 1246 3871 cc
1290 3804 1491 3871 unciis
1525 3805 1682 3889 auri,
1730 3826 1884 3891 quas
1927 3804 2301 3871 karissimus
2332 3806 2400 3870 in
2430 3802 2677 3871 Christo
2706 3804 2874 3871 filius
2904 3810 3117 3871 noster
3144 3804 3573 3887 F(ridericus),

722 3912 1144 3979 Romanorum
1189 3907 1569 3998 imperator⁸
1613 3911 1880 3979 illustris
1925 3932 2174 3999 semper
2215 3917 2515 3995 augustus
2547 3917 2611 3978 et
2638 3933 2753 3979 rex
2784 3911 3015 3995 Sicilie,
3060 3933 3175 3999 pro
3208 3911 3371 3978 albis
3400 3932 3576 3979 man-

723 4020 889 4087 tellis
945 4019 1224 4087 emendis
1271 4019 1351 4084 ad
1395 4038 1580 4086 usum
1623 4019 1889 4086 fratrum
1933 4018 2208 4085 militum
2254 4039 2365 4086 sue
2412 4018 2631 4085 domus
2678 4019 2798 4085 sibi
2844 4025 2907 4085 et
2949 4020 3249 4085 fratribus
3294 4020 3427 4085 suis
3472 4020 3577 4105 pia

689 4124 1100 4192 ‘liberalitate
1145 4123 1403 4192 donavit
1432 4126 1841 4193 exsolvendas
1873 4126 2055 4192 annis
2090 4125 2373 4209 singulis,
2420 4126 2599 4193 nobis
2634 4125 2916 4192 exhibuit
2943 4126 3299 4211 intuendas,
3344 4146 3576 4211 nequa-

725 4253 912 4319 quam
959 4233 1135 4300 vobis
1178 4234 1452 4300 vidimus
1499 4234 1826 4320 expedire,
1871 4238 1946 4300 ut
1986 4234 2053 4299 in
2099 4233 2356 4317 negocio
2402 4232 2844 4320 procederetur
2887 4232 3139 4317 eodem,
3184 4252 3267 4299 nc
3310 4232 3573 4299 forsitan

724 4340 1132 4425 notaremini,
1181 4340 1236 4407 si
1282 4340 1560 4407 eveniret
1605 4340 1829 4408 exinde
1875 4339 2147 4425 aliquid,
2192 4340 2357 4425 quod
2400 4339 2670 4407 nolletis,
2760 4339 2918 4406 Cum
2966 4344 3174 4406 autem
3220 4339 3349 4405 iam
3394 4338 3573 4405 multi

722 4453 1185 4515 remurmurent
1230 4448 1632 4533 admirantes,
1679 4448 1846 4534 quod
1889 4468 2080 4535 super
2123 4446 2483 4513 huiusmodi
2513 4447 2774 4513 articulo
2807 4446 3170 4513 scandalum
3200 4446 3303 4513 vel
3332 4447 3571 4531 questio

724 4553 1002 4641 potuerit
1046 4554 1335 4639 suboriri,
1381 4561 1571 4641 prout
1612 4556 1876 4644 potestis
1922 4554 2169 4642 plenius
2213 4553 2585 4637 intelligere,
2632 4575 2819 4640 quam
2863 4574 2980 4621 nos
3011 4554 3248 4637 deceat,
3294 4574 3377 4621 ne
3404 4554 3573 4620 vide-

725 4666 900 4728 retur
948 4682 1238 4749 asperum
1287 4661 1634 4748 explicare3
1681 4662 2152 4729 universitatem
2200 4666 2473 4728 vestram
2518 4682 2843 4745 rogamus,
2886 4680 3213 4727 monemus
3259 4666 3323 4726 et
3367 4660 3571 4727 horta-

727 4789 869 4835 mur
913 4770 980 4834 in
1026 4769 1277 4835 domino
1315 4789 1429 4855 per
1460 4768 1803 4855 apostolica
1832 4770 2069 4857 scripta
2097 4768 2489 4851 mandanteS,
2536 4769 2827 4853 quatinus
2870 4768 3131 4853 provide
3162 4768 3569 4851 attendenteS,

727 4876 924 4961 quod,
985 4877 1040 4941 si
1098 4874 1451 4942 huiusmodi
1509 4876 1680 4943 zelus
1736 4881 1800 4942 et
1843 4876 2158 4943 contentio
2202 4876 2371 4941 ultra
2414 4876 2857 4961 procederent,
2915 4873 3099 4941 facile
3142 4874 3321 4941 vobis
3367 4882 3573 4962 posset

727 4982 1070 5069 apostolica
1113 4982 1486 5050 auctoritate
1529 4983 1832 5069 concludi,
1881 4983 2048 5069 quod
2094 4982 2295 5050 adhuc
2340 4982 2680 5051 secundum
2717 4982 3035 5049 hominem
3064 4981 3421 5069 ambulatis,
3468 4981 3567 5068 qui
