3892 5609
746 311 894 383 166
1770 322 2191 370 ALEMANNIA.
2260 323 2575 372 nonnum

739 484 1007 550 fratrum
1052 481 1383 567 hospitalis
1428 487 1642 550 sancte
1687 482 1887 550 Marie
1924 481 2450 550 Theutonicorum
2491 484 2562 550 in
2592 483 2933 551 Ierusalem
2975 483 3156 550 nobis
3201 481 3596 570 privilegium

739 591 1003 658 illustris
1051 589 1353 677 principis
1400 589 1639 656 domini
1683 589 1933 658 Alberti
1977 591 2292 674 quondam
2337 591 2513 658 ducis
2558 591 2816 658 Austrie
2861 595 2927 658 et
2955 590 3188 679 Styrie,
3229 609 3403 658 nunc
3437 610 3596 658 sere

740 699 989 765 nissimi
1034 696 1201 780 regis
1230 695 1679 782 Romanorum,
1729 698 2148 766 exhibuerunt
2189 699 2503 782 integrum
2549 704 2614 764 et
2656 699 2724 765 in
2771 700 2944 765 omni
2985 705 3168 786 parte
3211 699 3313 766 sui
3357 698 3597 768 salvum

740 807 876 872 sine
920 802 1406 892 reprehensione
1452 805 1761 890 qualibet,
1816 810 2008 891 prout
2051 794 2218 872 infra
2262 805 2340 872 de
2384 806 2574 872 verbo
2621 807 2701 873 ad
2745 807 3007 874 verbum
3061 807 3464 894 presentibus
3509 811 3600 874 est

738 915 1067 996 insertum,
1114 916 1421 999 petenteS,
1466 915 1777 998 quatenus
1821 913 2032 1000 ipsum
2063 913 2130 980 in
2158 914 2427 980 formam
2472 913 2790 1000 publicam
2826 914 3112 999 redigere
3155 919 3220 982 et
3255 913 3598 1002 exemplari

739 1021 855 1088 sub
900 1025 1116 1087 nostro
1174 1019 1379 1104 sigillo
1440 1019 1900 1086 mandaremus.
1979 1019 2171 1087 Cuius
2227 1020 2540 1108 privilegii
2598 1027 2694 1088 est
2748 1021 2874 1108 per*
2913 1024 3133 1089 omnia
3185 1027 3370 1089 tenor
3423 1023 3596 1088 talis:

1056 1127 1187 1193 Nos
1230 1127 1533 1194 Albertus
1595 1126 1677 1208 (v,
1712 1146 1907 1213 supra
1945 1149 2008 1194 n.
2047 1127 2220 1210 183).
2298 1127 2534 1195 Datum
2589 1127 2854 1196 Wienue
2907 1139 2976 1196 1⁰
3020 1129 3326 1196 kalendas
3381 1129 3600 1196 marcii

1059 1255 1223 1300 anno
1248 1235 1487 1300 domini
1510 1233 1843 1300 millesimo
1861 1233 2288 1302 ducentesimo
2310 1237 2714 1321 nonagesimo
2736 1236 2873 1303 viii⁰
2887 1237 3227 1304 indictione
3249 1236 3597 1304 undecima.

736 1343 868 1410 Nos
914 1342 1127 1427 itaque
1172 1341 1601 1429 predictorum
1644 1341 1913 1408 fratrum
1943 1341 2128 1408 iustis
2168 1343 2583 1430 peticionibus
2623 1349 2967 1411 annuentes
2997 1345 3381 1431 premissum
3409 1345 3602 1430 privi-

738 1449 976 1534 legium
1004 1449 1444 1516 mandavimus
1475 1448 1821 1535 exemplari
1853 1449 2011 1514 etin
2039 1450 2306 1516 formam
2339 1451 2656 1538 publicam
2685 1451 3038 1536 redegimus
3073 1453 3140 1518 in
3171 1451 3294 1518 hiis
3325 1450 3597 1538 scriptis.

739 1557 815 1622 In
868 1556 1044 1622 cuius
1101 1557 1194 1623 rei
1257 1555 1687 1622 testimonium
1744 1561 2070 1643 presentes
2125 1557 2411 1624 dedimus
2467 1558 2711 1626 litteras
2766 1565 2984 1626 nostro
3039 1558 3247 1642 sigillo
3305 1559 3596 1624 munitas.

738 1663 976 1730 Datum
1020 1662 1284 1731 Wienue
1330 1683 1495 1729 anno
1540 1663 1781 1730 domini
1825 1672 1916 1728 m⁰
1947 1673 2044 1730 cc⁰
2087 1666 2491 1749 nonagesimo
2537 1686 2702 1733 nono
2747 1665 2951 1752 pridie
2993 1685 3194 1732 nonas
3242 1665 3599 1733 novembris

738 1770 1135 1856 presentibus
1182 1772 1484 1854 magistro
1532 1770 1781 1855 Ottone,
1828 1770 2082 1838 domino
2126 1771 2489 1839 Bernhardo
2537 1774 2614 1840 de
2657 1773 3033 1861 Prampach,
3085 1772 3346 1840 ecclesie
3389 1779 3600 1840 nostre

739 1876 1077 1962 canoniciS,
1126 1882 1191 1944 et
1225 1877 1437 1962 Ulrico
1483 1877 1808 1964 capellano
1851 1882 2091 1963 nostro,
2138 1875 2417 1966 Ottone¹,
2461 1879 2781 1966 Ludwico,
2828 1880 3094 1948 notariis
3137 1881 3395 1964 nostris,
3441 1879 3599 1946 Min-

738 1985 949 2051 halmo
998 1985 1073 2051 de
1102 1983 1618 2069 Watzmanstorf,
1664 1983 1968 2069 Pilgrimo
1998 1983 2326 2072 Pincerna,
2374 1987 2680 2056 militibus
2719 1989 2976 2074 nostris,
3022 1995 3088 2055 et
3129 1987 3274 2054 aliis
3317 1987 3598 2075 pluribus

736 2091 861 2160 fide
900 2092 1128 2176 dignis.

949 2215 1041 2280 VI,
1076 2215 1201 2266 356.
1524 2215 1571 2266 1.
1608 2213 1817 2265 Otttone
1851 2212 1913 2265 B.

748 2483 918 2554 185.
962 2483 1139 2551 1329
1165 2483 1339 2568 febr.
1372 2484 1417 2549 4
1470 2482 1745 2570 Tyrolis.
1804 2481 2166 2566 Heinrieue,
2214 2483 2557 2550 Bokemiae
2601 2498 2658 2552 et
2697 2487 3008 2553 Poloniae
3047 2510 3181 2569 rex,
3227 2487 3598 2556 Kadntkiae

964 2593 1115 2672 dua,
1168 2591 1492 2676 confimat
1536 2591 1751 2654 ordini
1783 2589 2078 2674 fratrum
2129 2589 2654 2658 Theutonieomm
2698 2616 2906 2660 omnes
2945 2598 3214 2682 qratias,
3269 2597 3594 2678 libertates,

966 2702 1379 2786 exemptiones
1434 2701 1505 2762 in
1560 2698 1903 2762 Kam'ntkia
1914 2746 1934 2778 ,
2007 2695 2306 2764 Carniola
2315 2748 2336 2780 ‚
2409 2701 2706 2767 Marehia
2761 2726 2803 2766 a
2853 2705 3329 2790 praedecessore
3393 2703 3596 2771 Ulrico

965 2807 1341 2872 Kariathiae
1385 2808 1540 2871 duce
1584 2827 1919 2870 concessae.

966 2948 1096 3015 Nos
1126 2947 1482 3032 Heinricus,
1530 2947 1632 3014 dei
1660 2947 1875 3031 gracia
1902 2946 2201 3016 Bohemie
2245 2954 2311 3015 et
2338 2947 2596 3016 Polonie
2622 2969 2756 3034 rex,
2801 2949 3134 3018 Karinthie
3161 2952 3311 3037 dux,
3359 2952 3598 3040 Tyrolis

746 3063 810 3124 et
840 3055 1089 3122 Goricie
1120 3075 1347 3139 comes,
1392 3054 1877 3140 AquilegiensiS,
1909 3054 2274 3122 Tridentine
2305 3061 2369 3123 et
2396 3056 2764 3124 Brixnensis
2801 3057 3205 3126 ecclesiarum
3245 3059 3599 3144 advocatus,

745 3166 825 3232 ad
856 3164 1157 3230 noticiam
1188 3165 1620 3229 universorum
1653 3167 1869 3228 tenore
1897 3164 2294 3249 presencium
2323 3164 2614 3231 volumus
2646 3167 2997 3250 pervenire,
3043 3167 3210 3252 quod
3239 3188 3356 3234 nos
3383 3169 3600 3254 prede-

744 3291 1063 3340 cessorum
1105 3275 1460 3338 nostrorum
1510 3269 1792 3353 vestigiis
1837 3269 2123 3337 inherere
2169 3272 2512 3357 cupientes,
2557 3273 2808 3340 illorum
2853 3275 3182 3362 precipue,
3241 3277 3349 3360 qui
3393 3295 3601 3342 sacras

744 3381 1078 3463 religiones
1125 3384 1189 3444 et
1231 3378 1341 3464 pia
1389 3376 1531 3443 loca
1574 3377 1705 3443 suis
1761 3375 2082 3443 favoribus
2129 3383 2192 3444 et
2245 3378 2562 3446 beneficiis
2617 3380 3006 3465 extulerunt,
3067 3401 3282 3448 omues
3338 3383 3602 3466 gracias,

744 3487 1067 3555 libertates
1114 3490 1179 3550 et
1222 3486 1681 3570 exempciones,
1736 3504 1893 3569 quas
1938 3483 2106 3550 clare
2149 3487 2449 3554 memorie
2493 3487 2758 3554 illustris
2805 3489 3120 3573 quondam
3165 3489 3456 3556 dominus
3499 3487 3605 3556 Ul-

744 3597 945 3678 ricus,
995 3594 1123 3660 dux
1166 3593 1527 3677 Kerinthie,
1574 3592 1982 3678 predecessor
2026 3598 2269 3678 noster,
2327 3595 2586 3662 donavit
2629 3602 2693 3676 et
2747 3597 3055 3664 concessit
3105 3617 3219 3663 suo
3276 3597 3602 3684 privilegio

748 3703 955 3770 ordini
997 3703 1261 3768 fratrum
1298 3699 1821 3768 Theutonicorum
1854 3699 1921 3764 in
1951 3699 2226 3767 dominio
2256 3708 2471 3770 nostro
2503 3701 2851 3788 Karintbie,
2899 3702 3188 3770 Carniole
3217 3710 3284 3771 et
3308 3703 3603 3788 Marchie,

747 3812 911 3877 sicut
953 3809 1237 3896 provide,
1282 3809 1405 3876 rite
1451 3828 1525 3874 ac
1567 3804 2036 3873 racionabiliter
2079 3807 2244 3874 facte
2290 3814 2353 3874 et
2395 3829 2688 3878 concesse
2733 3815 2908 3895 sunt,
2963 3811 3408 3898 approbamus,
3453 3813 3603 3879 rati-

746 3917 1005 3984 ficamus
1052 3935 1281 4000 easque
1328 3914 1697 3981 auctoritate
1744 3914 2136 4000 presencium
2195 3914 2633 3984 confirmamus
2649 3967 2668 4002 ,
2727 3918 2948 3984 dantes
2993 3924 3318 4005 presentes
3361 3919 3604 3986 litteras

748 4029 961 4092 nostro
1008 4023 1213 4107 sigillo
1260 4021 1534 4088 munitas
1578 4023 1647 4088 in
1697 4021 2130 4089 testimonium
2176 4041 2366 4108 super
2409 4043 2502 4090 eo.
2585 4023 2824 4092 Datum
2869 4027 3115 4114 Tyrolis
3159 4047 3326 4094 anno
3369 4027 3606 4094 domini

748 4132 1082 4200 millesimo
1138 4130 1577 4198 trecentesimo
1623 4129 1920 4196 vicesimo
1974 4149 2138 4195 nono
2187 4130 2288 4196 die
2332 4141 2427 4196 111⁰
2457 4131 2756 4200 februarii
2813 4133 3162 4202 indiccione
3219 4135 3602 4203 duodecima.

960 4273 1050 4336 VI,
1088 4271 1191 4324 357
1206 4289 1254 4323 v.

1866 4361 2496 4372 —————..——-—-————-

759 4522 931 4594 186.
974 4523 1150 4589 1350
1195 4523 1346 4587 iulii
1374 4523 1459 4588 13
1488 4523 1715 4589 Krain.
1787 4523 2102 4604 Albertue,
2136 4523 2438 4589 Auem-iae
2473 4525 2623 4604 dux,
2674 4524 2950 4591 Iohanni
2976 4525 3359 4594 Laibacemi
3401 4549 3458 4593 o.
3493 4525 3603 4593 Th.

974 4631 1461 4696 commendatori
1504 4631 1825 4714 eon-firmat
1866 4631 2270 4718 privileqium
2315 4629 2545 4718 (supra
2586 4655 2649 4696 n.
2684 4631 2867 4713 180).

970 4771 1108 4838 Wir
1138 4771 1462 4856 Albrecht,
1508 4792 1630 4838 von
1675 4778 1816 4856 gots
1862 4773 2108 4856 gnaden
2153 4772 2424 4857 herczog
2469 4795 2542 4840 ze
2588 4773 2965 4860 Osterreich,
3013 4795 3088 4842 ze
3132 4774 3320 4861 Steyr
3361 4775 3492 4841 und
3539 4795 3606 4842 ze

750 4879 1068 4962 Kernden,
1118 4880 1229 4946 her
1276 4901 1349 4944 ze
1380 4879 1631 4964 Chraiu,
1681 4881 1791 4946 auf
1828 4881 1941 4948 der
1985 4880 2220 4948 Marich
2270 4881 2398 4947 und
2444 4901 2516 4948 ze
2555 4881 2906 4966 PortenaW,
2953 4883 3099 4966 graf
3135 4903 3210 4948 ze
3237 4880 3604 4969 Habspurch

752 4988 883 5053 und
927 5009 1001 5054 ze
1045 4986 1337 5074 Kyburch
1356 5036 1375 5072 ,
1434 4987 1757 5071 lanntgraf
1804 4987 1873 5055 in
1918 4988 2166 5056 Oberen
2207 4987 2506 5056 Elsassen
2562 4989 2691 5056 und
2741 4990 2854 5056 her
2899 5010 2974 5055 ze
3017 4989 3226 5074 Phirt,
3282 4993 3398 5056 tun
3453 4991 3606 5057 kunt
