3892 5609
1366 316 1757 381 umnam
1803 332 2193 383 ommia
2914 264 2934 277 -
3056 318 3147 393 31
3162 322 3204 391 5

351 491 519 559 enim
567 490 828 558 articulo
885 512 999 578 per
1058 490 1472 577 experimenti
1527 491 1963 559 certitudinem
2010 492 2359 559 evidentius
2404 491 2754 579 apparebit,
2816 493 2955 577 quis
3002 491 3207 559 zelum

350 598 456 666 dei
497 598 758 683 habeat,
819 598 958 684 quis
1001 598 1298 664 iniuriam
1353 598 1572 684 populi
1619 599 1944 665 christiani
1992 605 2055 665 et
2110 604 2243 666 tam
2303 602 2555 667 enorm‘e
2612 600 2932 666 orientalis
2989 600 3209 687 populi

351 706 796 773 detrimentum
853 726 968 793 pro
1025 725 1237 772 amore
1295 704 1533 771 domini
1579 711 1642 772 et
1697 703 1844 773 fidei
1902 706 2243 787 christiane
2298 707 2651 773 constantia
2705 706 3019 774 desideret
3060 726 3207 793 pro-

350 812 610 900 pulsari.
680 812 836 879 Cum
881 813 1074 896 igitur
1116 812 1590 879 retributionem
1640 812 1954 897 largitatis
1997 820 2297 901 exoptare
2346 814 2557 879 divine
2588 832 2807 879 secura
2836 813 3211 881 confidentia

355 918 606 1006 valea&
631 920 913 1006 quisquis
959 925 1090 986 tam
1136 920 1344 1003 gravis
1375 920 1769 987 necessitatis
1815 920 2078 987 articulo
2122 921 2401 1009 predicte
2446 921 2660 987 domui
2706 920 2787 987 ad
2828 922 2989 989 tanti
3027 940 3213 1007 repa-

360 1028 672 1095 rationem
719 1027 1077 1095 exterminii
1123 1026 1470 1093 subsidium
1515 1027 1593 1093 de
1638 1027 1818 1093 bonis
1863 1027 2314 1115 temporalibus
2360 1028 2669 1095 studuerit
2696 1028 3025 1115 impertiri,
3070 1028 3211 1093 uni-

356 1135 721 1202 versitatem
765 1140 1040 1201 vestram
1083 1134 1408 1201 hortamur
1451 1135 1520 1199 in
1564 1134 1839 1219 domino,
1895 1155 2190 1219 rogamus
2251 1135 2441 1202 etiam
2500 1135 2797 1201 attentius
2844 1140 2910 1202 et
2952 1135 3211 1201 manda-

354 1262 520 1326 mus,
576 1247 884 1328 quatenus
910 1242 1222 1310 subiectos
1267 1248 1471 1309 vestro
1515 1242 1807 1335 regimini
1851 1242 2117 1329 populos
2161 1242 2466 1310 moneatis
2512 1247 2577 1309 et
2618 1261 2731 1328 per
2774 1242 3213 1325 urgentissime

357 1348 732 1436 pulsationis
761 1349 1128 1417 instantiam
1173 1349 1529 1439 inducatis,
1561 1350 1724 1415 sicut
1765 1347 1902 1415 fieri
1945 1369 2133 1436 posse
2170 1348 2431 1417 celerius
2464 1354 2529 1417 et
2570 1349 2955 1417 commodius
2984 1369 3211 1434 cogno-

357 1456 566 1540 scetis,
631 1463 704 1523 ut
763 1457 842 1523 ob
907 1460 1306 1543 peccatorum
1370 1476 1622 1523 suorum
1678 1456 2115 1523 remissionem
2167 1476 2295 1522 non
2350 1458 2441 1523 eis
2508 1461 2777 1541 tantum,
2834 1456 2943 1522 sed
3000 1456 3211 1543 potius

285 1624 294 1631 .
357 1562 754 1629 universitati
797 1562 1100 1631 catholice
1143 1564 1220 1629 de
1265 1562 1446 1629 bonis
1493 1564 1642 1647 suis,
1691 1584 1810 1648 que
1854 1564 1932 1629 de
1976 1584 2169 1631 manu
2212 1564 2409 1630 divini
2454 1563 2734 1632 beneficii
2775 1568 3211 1651 perceperunt,

362 1670 711 1737 subsidium
765 1690 894 1753 non
939 1668 1233 1737 differant
1274 1670 1586 1737 exhibere.
1656 1670 1780 1737 Res
1827 1671 1994 1738 enim
2039 1676 2173 1737 tam
2218 1671 2499 1755 urgentis
2541 1675 2605 1738 et
2646 1671 2939 1737 immensi
2991 1670 3212 1737 discri-

357 1778 550 1845 minis
595 1775 838 1843 moram
881 1796 1008 1844 non
1054 1778 1314 1864 patitur,
1363 1777 1472 1845 sed
1517 1778 1586 1843 in
1629 1778 1759 1844 ictu
1790 1778 1975 1862 oculi,
2021 1779 2077 1844 si
2105 1784 2320 1865 posset
2354 1776 2513 1862 fieri,
2557 1777 2905 1844 remedium
2935 1778 3215 1861 exigeret

357 1884 745 1952 festinatum.
813 1882 1049 1951 Datum
1091 1882 1387 1951 Laterani
1429 1884 1492 1951 vi
1538 1884 1678 1950 idus
1723 1884 2023 1952 februarii
2066 1884 2461 1972 pontificatus
2516 1885 2717 1951 nostri
2762 1904 2924 1951 anno
2970 1884 3209 1970 quinto.

571 2022 692 2076 Sine
717 2024 859 2076 dato:
897 2022 962 2086 Π,
993 2023 1092 2075 102
1103 2041 1151 2076 v.
1186 2042 1237 2076 n.
1263 2024 1362 2085 463
1398 2014 1462 2075 A'.
1487 2023 1558 2075 20
1592 2040 1643 2076 ιι.
1667 2024 1740 2075 44
1773 2024 1955 2075 Latine
1978 2034 2031 2077 et
2055 2024 2457 2101 Germanice..—
2500 2025 2622 2076 Cum
2647 2023 2789 2076 dato:
2824 2024 2883 2075 In
2906 2031 3211 2077 transsumto

359 2112 684 2181 complurium
717 2112 986 2174 bullarum,
1035 2112 1086 2163 d.
1111 2112 1162 2163 d.
1197 2110 1446 2165 Wiennae
1481 2112 1632 2165 1396.
1678 2130 1794 2179 aug.
1825 2112 1888 2165 18
1923 2114 1977 2165 in
2014 2114 2213 2166 archivo
2246 2114 2640 2179 Regimontauo,
2686 2112 2751 2164 cf.
2778 2112 3065 2179 Napiersky
3099 2112 3152 2174 1,
3176 2112 3209 2163 5
3267 2136 3283 2151 ι

359 2220 412 2254 n.
441 2202 536 2263 163
569 2202 730 2253 edidit
759 2201 988 2253 Duellius
1023 2202 1090 2263 11,
1120 2202 1153 2253 5
1189 2220 1240 2253 n.
1265 2202 1317 2253 4.
1370 2200 1658 2267 originale,
1703 2218 1814 2253 cum
1849 2202 1988 2254 bulla
2020 2202 2073 2254 in
2108 2202 2205 2255 filis
2242 2202 2443 2253 sericeis
2480 2201 2763 2269 pendente,
2800 2210 2857 2253 ut
2890 2201 2988 2253 iam
3024 2200 3213 2252 dudum

361 2291 646 2343 etiamnunc
668 2290 1002 2343 vindobonae
1035 2291 1088 2343 iu
1123 2291 1323 2343 archivo
1359 2290 1547 2342 ordinis
1582 2290 1892 2341 Theutonici.

368 2592 544 2666 358.
583 2596 756 2662 1221
785 2595 1116 2681 februarii
1155 2594 1201 2661 8
1247 2594 1570 2660 Laterani.
1653 2587 1978 2661 Honorias
2010 2594 2133 2660 ΙΙΙ
2168 2594 2335 2661 iubet
2380 2596 2621 2660 ordinis
2673 2592 3040 2661 sseutonic'i
3079 2596 3215 2661 vio-

588 2704 813 2768 latores
859 2725 1121 2767 censura
1165 2702 1578 2767 ecclesiastica
1624 2705 1910 2767 coerceri.

584 2842 898 2910 Honorius
956 2844 1284 2930 episcopus
1343 2863 1562 2909 servus
1617 2862 1942 2910 servorum
2001 2842 2103 2909 dei
2147 2842 2610 2909 venerabilibus
2656 2841 2957 2909 fratribus
3014 2841 3217 2909 archi-

365 2950 677 3039 episcopis
720 2954 784 3017 et
823 2950 1132 3037 episcopis
1180 2956 1243 3017 et
1284 2950 1527 3017 dilectis
1573 2949 1718 3015 filiis
1767 2949 2129 3033 abbatibus,
2175 2950 2522 3037 prioribus,
2569 2949 3056 3033 archidiaconis,
3110 2949 3219 3016 de-

365 3058 541 3127 canis
605 3065 669 3125 et
727 3058 867 3125 aliis
929 3056 1329 3125 ecclesiarum
1386 3057 1676 3144 prelatiS,
1735 3056 1814 3122 ad
1871 3076 2027 3141 quos
2084 3056 2293 3123 littere
2347 3058 2777 3144 pervenerint,
2836 3056 3101 3123 salutem
3156 3061 3223 3123 et

365 3164 772 3253 apostolicam
826 3165 1340 3247 benedictionem.
1605 3162 1850 3243 Quanto
1890 3164 2095 3229 maior
2133 3162 2210 3231 ab
2248 3165 2557 3231 universis
2599 3164 2699 3230 dei
2740 3162 3026 3232 fidelibus
3066 3182 3219 3251 apo-

366 3272 585 3340 stolice
653 3272 786 3339 sedi
853 3274 1212 3339 reverencia
1279 3269 1609 3338 exhibetur
1653 3276 1717 3337 et
1773 3275 2006 3355 quanto
2066 3269 2143 3335 ab
2202 3270 2437 3337 eisdem
2462 3358 2471 3368 ·
2494 3278 2887 3340 sacrosancte
2939 3270 3219 3338 Romane

369 3378 627 3447 ecclesie
684 3384 748 3446 et
793 3379 976 3445 nobis
1034 3378 1190 3465 ipsis
1249 3378 1448 3444 honor
1493 3383 1556 3444 et
1598 3377 1800 3443 maius
1845 3375 2163 3443 vinculum
2211 3377 2489 3444 caritatis
2534 3376 2811 3464 offertur,
2854 3384 3029 3445 tanto
3088 3398 3219 3445 am·
3323 3376 3329 3384 ’

370 3484 538 3575 plius
581 3488 651 3553 in
706 3506 923 3553 eorum
969 3486 1240 3553 tuicione
1283 3504 1398 3551 nos
1445 3485 1734 3550 convenit
1787 3504 1922 3551 esse
1979 3484 2277 3551 sollicitos
2330 3490 2519 3571 atque
2563 3506 2641 3551 ex
2694 3486 2894 3552 nostri
2950 3486 3221 3553 auctori-

368 3600 499 3661 tate
545 3593 734 3660 officii
779 3593 858 3659 de
903 3592 1240 3659 eorundem
1290 3590 1670 3658 utilitatibus
1717 3592 2023 3659 attencius
2070 3588 2373 3676 cogitare¹
2418 3598 2481 3659 et
2522 3598 2655 3659 tam
2698 3593 2869 3680 ipsos
2900 3612 3089 3679 quam
3118 3613 3221 3659 eo-

369 3722 511 3768 rum
556 3701 722 3767 bona
765 3704 1092 3787 protegere
1137 3696 1211 3765 a'
1258 3698 1673 3783 malignorum
1719 3700 2075 3766 incursibus
2116 3705 2179 3765 et
2208 3699 2469 3786 rapinis.
2546 3699 2692 3766 lllos
2738 3706 2949 3767 autem
2991 3700 3221 3767 summi

367 3806 768 3896 pontificatus
825 3806 1094 3873 officium
1151 3826 1266 3873 nos
1323 3810 1640 3872 ammonet
1683 3811 1748 3873 et
1797 3807 2084 3873 hortatur
2142 3806 2207 3873 in
2252 3826 2365 3873 suo
2410 3808 2547 3874 iure
2597 3807 2809 3874 fovere
2866 3808 3222 3895 specialiter

369 3923 559 4003 atque
583 3950 590 3957 ·
612 3936 651 3981 a
703 3934 1068 4001 pravorum,
1095 3914 1454 3980 incursione
1509 3913 1840 3982 defendere
1900 3933 1975 3979 ac
2030 3913 2223 3997 tueri,
2280 3934 2435 4000 quos
2479 3915 2548 3981 in
2592 3914 2853 3981 caritate
2908 3915 3220 3983 ferventes

373 4022 770 4108 agnoscimus
818 4026 882 4090 et
922 4022 989 4087 in
1035 4040 1225 4108 opere
1266 4020 1714 4108 perpendimus
1759 4020 2060 4089 efficaces.
2137 4020 2417 4100 Qualiter
2462 4027 2671 4088 autem
2716 4021 2927 4089 dilecti
2954 4020 3067 4088 filii
3096 4022 3224 4090 fra-

367 4136 496 4199 tres
540 4128 872 4217 hospitalis
915 4130 1128 4197 sancte
1156 4128 1356 4223 Marie
1396 4128 1915 4199 Theotonieorum
1959 4128 2439 4196 lerosolimitani
2482 4134 2797 4216 parentes,
2842 4130 3111 4215 patriam
3160 4134 3226 4197 et

367 4239 756 4327 propinquos
799 4222 1034 4305 intuitu
1077 4242 1432 4305 eternorum
1479 4235 1850 4321 reliquerint
1893 4241 1959 4303 et
2003 4236 2269 4322 qualiter
2298 4236 2376 4303 de
2404 4242 2575 4303 terra
2620 4256 2735 4303 sua
2764 4241 2828 4303 et
2856 4237 3223 4321 cognatione

370 4346 607 4431 egressi
665 4346 746 4411 ad
802 4349 1034 4411 terram
1082 4345 1448 4427 viventium,
1493 4349 1728 4410 terram
1770 4343 2064 4411 videlicet
2104 4343 2569 4431 promissionis,
2618 4364 2807 4429 quam
2848 4344 3226 4412 monstravit
3310 4430 3315 4437 .

368 4454 524 4521 deus
568 4452 972 4537 diligentibus
1016 4472 1105 4537 se,
1153 4452 1398 4519 ardenti
1442 4450 1750 4517 desiderio
1798 4456 1863 4518 et
1905 4451 2177 4518 ferventi
2220 4452 2483 4519 caritate
2530 4452 2830 4537 aspirent,
2876 4452 3053 4519 vobis
3096 4472 3223 4519 non

369 4566 550 4637 extat
591 4560 995 4644 incognitum,
1044 4578 1184 4637 cum
1229 4560 1524 4625 universo
1569 4557 1707 4624 orbi
1750 4558 1882 4625 fere
1927 4559 2012 4625 sit
2055 4559 2474 4625 manifestum.
2544 4558 2674 4645 Ipsi
2717 4559 3017 4628 nimirum
3064 4558 3221 4625 vivi-

367 4668 484 4735 fice
529 4669 728 4734 crucis
773 4668 1025 4753 signum
1069 4667 1149 4733 ad
1194 4667 1534 4751 ignitorum
1581 4670 1940 4753 serpentum
1992 4670 2055 4733 et
2094 4664 2511 4751 malignorum
2542 4666 2875 4752 spirituum
2909 4666 3224 4753 expulsio-

366 4794 514 4841 nem
562 4780 626 4841 et
668 4774 1090 4842 defensionem
1139 4775 1346 4841 anime
1390 4780 1454 4841 et
1499 4774 1686 4841 etiam
1734 4773 2015 4859 corporis
2058 4780 2383 4861 portantes
2428 4773 2497 4839 in
2540 4778 2794 4860 pectore
2846 4772 3225 4841 salvatorem

371 4881 591 4949 mundi
637 4886 984 4965 sequuntur
1027 4886 1092 4947 et
1137 4880 1508 4948 elemosinas
1552 4900 1666 4967 per
1710 4880 1991 4947 diversas
2034 4886 2252 4967 partes
2298 4880 2465 4948 orbis
2510 4880 2803 4966 colligere
2848 4887 2913 4948 et
2956 4880 3097 4948 illas
3144 4882 3225 4949 ad

371 4993 639 5071 terram,
699 5008 890 5073 quam
933 4988 1221 5055 dominus
1281 4986 1688 5077 corporaliter
1732 4988 2034 5073 visitavit,
2079 4988 2159 5055 ad
2204 5008 2363 5077 opus
2406 5008 2777 5077 pauperum,
2823 4989 3224 5081 refectionem
