3892 5609
741 308 890 380 384
1713 320 2135 369 PONTIFIOUM
2180 318 2620 368 Romu-mmm

743 478 916 548 544.
957 479 1138 547 1257
1194 482 1362 545 iunii
1405 480 1438 544 1
1498 480 1762 546 Viterbii
1813 479 1928 565 (cf.
1974 481 2151 547 1257
2196 483 2363 545 iunii
2400 480 2512 560 27,
2570 480 2798 567 septbr.
2842 480 2915 559 9,
2974 479 3155 545 1258
3196 478 3419 543 novbr.
3450 477 3593 558 29).

957 585 1322 693 Alexunder
1355 587 1399 651 I
1404 587 1465 652 V
1498 589 1720 674 repetit
1763 587 2117 653 Innocentii
2160 587 2205 652 I
2209 587 2270 653 V
2302 612 2365 651 π.
2399 588 2539 653 478
2584 589 2660 651 de
2701 586 2879 653 1244
2920 588 3081 651 maii
3114 585 3179 651 3.

957 718 1316 786 Alexander
1363 724 1478 786 etc.
1706 719 1863 787 Cum
1911 720 2154 788 dilectis
2202 726 2317 787 etc.
2350 719 2748 786 universitati
2790 725 2997 785 vestre
3044 718 3123 783 ad
3156 718 3363 784 instar
3393 716 3597 784 felicis

735 828 1193 895 recordacionis
1239 826 1585 893 innocencii
1617 848 1782 914 pape
1813 828 2269 913 predecessoris
2300 828 2500 894 nostri
2532 832 2647 893 etc.
2684 828 2994 893 amittant.
3062 824 3305 891 Datum
3326 824 3597 892 viterbii

737 934 862 1001 kal.
895 934 1053 1001 iunii
1099 934 1496 1019 pontificatus
1542 936 1748 1001 nostri
1789 955 1953 1001 anno
2000 936 2212 1001 tercio.

947 1066 1067 1117 Sine
1087 1066 1227 1117 dato:
1267 1066 1330 1117 R.
1348 1067 1446 1118 149
1471 1068 1600 1117 inter
1618 1068 1971 1129 Treverensia;
1999 1068 2141 1118 A.20
2170 1086 2219 1119 n.
2236 1068 2334 1117 129
2360 1068 2537 1117 Latine
2560 1076 2613 1117 et
2639 1066 2951 1127 Germanice,
2976 1066 3062 1116 ubi
3086 1065 3183 1117 alio
3208 1066 3321 1117 loco
3348 1064 3593 1115 innuitur:

736 1157 896 1207 Nota:
934 1155 1239 1206 Allexander
1274 1156 1324 1207 in
1352 1156 1556 1207 Colonia
1593 1155 1750 1207 simile
1787 1156 1867 1207 vel
1903 1157 1954 1207 in
1978 1156 2242 1223 Martpurg
2276 1156 2355 1207 vel
2390 1156 2444 1207 in
2467 1156 2635 1222 Prnga
2671 1162 2767 1206 etc.
2796 1185 2857 1193 —
2899 1156 3019 1205 Cum
3055 1156 3200 1206 dato:
3238 1153 3457 1205 viterbii
3488 1152 3592 1204 kal.

707 1246 855 1296 -iunii
890 1262 942 1311 p.
965 1262 1015 1295 n.
1041 1262 1088 1295 a.
1111 1244 1160 1295 3.
1213 1244 1276 1295 R..
1302 1244 1369 1295 55
1406 1246 1538 1297 inter
1561 1245 1951 1313 Ratisponensia
1975 1246 2007 1295 5
2046 1246 2309 1313 (initium);
2349 1247 2409 1297 A.
2434 1246 2498 1296 16
2534 1264 2585 1311 p.
2606 1244 2638 1294 2
2664 1261 2739 1310 sq.
2769 1244 3075 1309 „venetiis'·‘.
3124 1242 3211 1295 Or.
3240 1259 3355 1294 cum
3378 1242 3518 1293 bulla
3538 1242 3593 1292 in

734 1334 832 1385 filis
868 1333 1068 1385 sericeis
1113 1333 1274 1383 rubris
1311 1341 1363 1384 et
1405 1333 1553 1385 luteis
1590 1352 1816 1402 appensa
1849 1336 1900 1386 in
1939 1336 2139 1386 archivo
2176 1335 2363 1386 ordinis
2399 1334 2694 1385 Theutonici
2730 1332 3131 1394 vindobonensi,
3177 1333 3279 1383 iam
3316 1332 3507 1383 dudum
3538 1332 3591 1381 in

735 1423 882 1474 domo
929 1422 1236 1473 Theutonica
1270 1421 1664 1474 vindobonensi.
1735 1425 2111 1474 Transsumtum
2166 1424 2226 1474 fr.
2270 1424 2509 1474 Hartberi
2555 1422 2766 1473 ministri
2810 1422 3018 1472 fratrum
3066 1420 3173 1473 ord.
3208 1421 3461 1471 minorum
3502 1437 3593 1486 per

733 1512 988 1563 Austriam
1035 1520 1088 1561 et
1121 1520 1392 1561 conventus
1437 1511 1646 1562 fratrum
1693 1512 1915 1563 eiusdem
1964 1513 2149 1564 ordinis
2186 1512 2238 1564 in
2261 1512 2477 1563 Wienna
2512 1521 2563 1562 et
2598 1511 2658 1561 fr.
2685 1511 2872 1577 Rogeri
2909 1510 3087 1576 prioris
3122 1510 3231 1561 ord.
3268 1510 3589 1576 praedicam-

734 1619 842 1651 rum
877 1600 928 1650 in
953 1600 1170 1650 Wienna
1206 1599 1255 1650 d.
1284 1599 1332 1651 d.
1369 1600 1420 1649 in
1445 1600 1662 1665 Wienna
1697 1601 1822 1651 1271
1877 1602 1958 1652 xvi
1994 1600 2095 1652 kal.
2121 1602 2238 1652 maii
2274 1618 2384 1651 cum
2420 1601 2579 1651 tribus
2616 1598 2789 1665 sigillis
2825 1600 2877 1649 in
2914 1600 3092 1651 eodem
3116 1600 3339 1650 archivo.
3368 1630 3429 1636 —
3472 1598 3589 1649 Cum

734 1690 880 1741 dato:
917 1688 1130 1739 viterbii
1165 1690 1197 1739 5
1224 1688 1336 1739 idus
1359 1690 1653 1755 septembris
1692 1708 1742 1756 p.
1768 1709 1816 1741 ιι.
1843 1708 1888 1741 a.
1915 1690 1966 1741 3.
2004 1708 2075 1743 cr.
2112 1708 2221 1741 cum
2258 1690 2396 1741 bulla
2429 1690 2481 1740 in
2518 1689 2614 1741 filis
2650 1689 2849 1739 sericeis
2886 1690 3047 1739 rubris
3084 1698 3136 1739 et
3166 1688 3319 1739 luteis
3346 1704 3589 1754 appensa,

733 1777 984 1844 quondam
1007 1778 1267 1838 Iuncense,
1303 1777 1354 1827 in
1392 1778 1591 1829 archivo
1629 1778 1815 1829 ordinis
1840 1779 2134 1830 Theutonici
2154 1779 2546 1831 vindobonensi.
2602 1778 2690 1839 IV,
2716 1778 2879 1829 210v.
2914 1776 3021 1828 Ioh.
3048 1778 3144 1839 37;
3181 1778 3299 1829 edd.
3322 1778 3587 1829 Caorsinus

736 1868 789 1920 C.
817 1868 853 1917 4
889 1876 940 1917 et
976 1866 1170 1917 Senner
1205 1866 1264 1917 E.
1291 1868 1340 1917 5.
1376 1897 1437 1903 —
1478 1867 1600 1919 Cum
1638 1866 1780 1917 dato:
1819 1867 2032 1918 viterbii
2066 1869 2098 1919 5
2136 1866 2238 1919 kal.
2264 1868 2369 1919 iulii
2404 1886 2453 1935 p.
2478 1886 2529 1919 n.
2555 1886 2601 1919 a.
2626 1868 2676 1918 4.
2714 1884 2785 1917 or.
2812 1884 2873 1917 ex
2896 1876 3039 1932 parte
3066 1866 3294 1917 mutilum
3317 1882 3433 1917 cum
3456 1866 3590 1917 bulla

732 1957 783 2008 in
819 1956 916 2007 filis
951 1956 1152 2007 sericeis
1199 1955 1361 2005 rubris
1399 1964 1451 2005 et
1489 1955 1639 2005 luteis
1675 1973 1902 2021 appensa
1937 1956 1988 2006 in
2026 1956 2225 2008 archivo
2263 1957 2450 2008 ordinis
2486 1956 2778 2007 Theutonici
2814 1956 3220 2017 vindobonensi,
3265 1956 3369 2006 iam
3404 1954 3589 2005 dudum

732 2046 784 2096 in
822 2046 967 2096 domo
993 2044 1387 2095 vindobonensi.
1425 2074 1478 2082 ——
1521 2043 1641 2094 Cum
1679 2044 1823 2095 dato:
1862 2044 2095 2111 Anagnie
2132 2046 2165 2096 3
2190 2046 2290 2097 kal.
2319 2045 2567 2097 decembr.
2602 2063 2653 2112 p.
2680 2063 2729 2097 n.
2754 2062 2801 2095 a.
2827 2045 2876 2095 4.
2914 2052 3271 2095 trans-,sumtum
3300 2044 3503 2095 abbatis
3528 2042 3588 2093 de

735 2134 959 2185 Claustro
996 2142 1050 2183 et
1081 2132 1293 2184 Arnoldi
1329 2132 1524 2183 abbatis
1559 2134 1608 2183 b.
1633 2133 1706 2184 M.
1733 2150 1777 2183 ν.
1813 2133 1865 2183 in
1901 2134 2184 2201 Lucelburg
2218 2144 2271 2185 et
2305 2134 2371 2185 H.
2410 2134 2587 2186 decani
2623 2134 2845 2185 eiusdem
2880 2132 3028 2184 villae
3064 2150 3176 2184 cum
3211 2131 3393 2199 sigillis
3434 2134 3481 2183 1.
3518 2132 3584 2182 si-

732 2222 906 2289 gillum
941 2222 1137 2273 abbatis
1173 2221 1238 2272 de
1275 2221 1506 2282 claustro,
1543 2221 1595 2273 2.
1631 2240 1672 2273 s.
1696 2222 1908 2273 Arnoldi
1944 2222 2027 2275 dei
2061 2241 2169 2290 gra.
2198 2224 2367 2275 abbat.
2392 2239 2491 2274 sce.
2516 2223 2677 2273 Marie
2714 2222 2779 2273 de
2814 2222 3111 2289 Lucelburg,
3150 2222 3200 2273 3.
3238 2240 3280 2274 s.
3307 2222 3489 2272 decani
3526 2220 3587 2271 de

732 2312 1044 2372 Lucelbuch;
1090 2312 1142 2361 in
1189 2310 1388 2361 archivo
1435 2309 1621 2362 ordinis
1657 2310 1953 2362 Theutonici
1990 2311 2366 2364 vindobonensi
2413 2312 2461 2363 d.
2488 2312 2537 2364 d.
2578 2310 2714 2364 1258
2758 2311 2809 2361 in
2856 2312 3239 2378 quadragesima
3280 2310 3589 2376 Lutselburg

735 2402 788 2467 (i.
814 2419 859 2454 e.
902 2400 1037 2452 1259
1074 2401 1137 2451 ob
1174 2399 1312 2450 aliud
1347 2398 1465 2451 anni
1499 2398 1728 2467 initium).

741 2606 915 2676 545.
954 2607 1136 2674 1257
1182 2610 1352 2673 iunii
1377 2608 1422 2673 3
1467 2608 1581 2692 (qs.
1615 2609 1723 2674 15.
1755 2608 1860 2673 18.
1893 2608 2029 2689 27.,
2076 2610 2225 2674 iulii
2253 2610 2311 2675 1.
2346 2609 2443 2691 5.)
2490 2609 2764 2675 Viterbii.
2834 2608 3199 2675 Alexander
3228 2606 3341 2674 IV
3362 2611 3587 2695 repetit

953 2714 1234 2780 Honorii
1260 2713 1384 2781 III
1415 2739 1480 2778 π.
1513 2715 1646 2781 309
1690 2716 1767 2779 de
1811 2716 1983 2781 1221
2032 2718 2318 2781 ianuarii
2357 2718 2419 2783 9.

953 2855 1314 2922 Alexander
1367 2860 1482 2922 etc.
1704 2856 1933 2923 Vestra
1974 2856 2194 2942 religio
2244 2894 2325 2904 —-
2374 2824 2767 2941 indulgemus
2814 2813 2895 2902 -’-
2942 2858 3362 2924 incursurum.
3456 2854 3585 2922 Da-

729 2970 866 3031 tum
897 2962 1164 3029 Viterbii
1205 2963 1278 3029 iii
1321 2983 1518 3029 nonas
1563 2962 1722 3029 iunii
1767 2963 2167 3050 pontificatus
2212 2966 2413 3033 nostri
2458 2986 2622 3032 anno
2666 2965 2883 3033 tercio.

943 3104 1064 3155 Sine
1100 3104 1245 3155 dato:
1289 3104 1562 3170 „Treviris“
1604 3104 1667 3155 A.
1697 3104 1762 3155 16
1799 3123 1848 3171 p.
1880 3105 1995 3157 116.
2036 3136 2097 3143 —-
2151 3106 2273 3157 Cum
2310 3106 2451 3157 dato:
2496 3106 2709 3157 viterbii
2743 3106 2778 3156 3
2812 3124 2929 3158 non.
2954 3104 3076 3156 iunii
3111 3122 3163 3171 p.
3188 3122 3239 3155 n.
3266 3122 3314 3155 a..
3340 3105 3391 3155 3.
3428 3104 3581 3170 origi-

731 3194 846 3245 nale
894 3209 1005 3243 cum
1047 3192 1186 3244 bulla
1220 3193 1273 3243 in
1309 3192 1404 3243 filis
1442 3192 1642 3244 sericeis
1684 3211 1910 3260 appensa
1947 3195 2197 3261 quondam
2233 3194 2703 3261 Mergenthemense
2738 3196 2790 3245 in
2828 3194 3027 3246 archivo
3062 3192 3253 3245 ordinis
3288 3192 3585 3245 'theutonici

731 3282 1126 3334 vindobonensi.
1180 3281 1333 3333 Aliud
1369 3281 1628 3349 originale,
1663 3283 1741 3333 cui
1778 3283 1923 3334 deest
1958 3284 2111 3346 bulla,
2149 3302 2209 3335 ex
2246 3285 2433 3336 ordinis
2463 3283 2758 3335 Theutonici
2792 3284 2989 3335 archivo
3026 3284 3076 3334 in
3112 3282 3431 3344 Polonicnm,
3466 3281 3583 3333 inde

729 3372 780 3422 in
826 3372 1019 3436 regium
1063 3370 1348 3423 Prussicum
1383 3370 1735 3433 Berolinense‚
1782 3371 1902 3422 inde
1950 3371 2003 3422 in
2044 3372 2462 3438 Regimontanum
2508 3373 2659 3424 venit.
2734 3372 2923 3424 Citatur
2970 3372 3021 3422 in
3066 3372 3353 3423 Inventario
3398 3371 3585 3422 archivi

733 3460 1072 3511 cracoviensis
1108 3477 1158 3526 p.
1185 3459 1278 3510 66:
1321 3459 1639 3524 „Alexander
1663 3460 1734 3510 Iv
1773 3461 2027 3511 cruciferis
2070 3460 2256 3512 ordinis
2293 3462 2587 3512 Theutonici
2622 3478 2891 3526 eorumque
2928 3462 3099 3524 terris,
3146 3460 3375 3526 templis,
3412 3478 3581 3511 omnes

729 3549 1066 3600 immunitates
1114 3559 1166 3599 et
1207 3548 1546 3615 indulgentias
1582 3549 1877 3617 Templariis
1922 3566 2186 3601 concessas
2233 3551 2572 3601 communicat.
2638 3550 2852 3602 viterbii
2899 3550 3046 3601 tertio
3079 3568 3197 3600 non.
3234 3550 3357 3600 iunii
3398 3548 3583 3600 12582.

729 3638 793 3689 R.
819 3638 884 3688 41
923 3637 1055 3688 inter
1079 3636 1391 3704 Ellingensia
1425 3654 1474 3688 n.
1502 3638 1569 3688 26
1607 3656 1636 3689 e
1672 3647 1999 3689 transsumto:
2042 3638 2314 3703 „Noverint
2349 3639 2564 3690 universi
2590 3648 2703 3702 etc„
2740 3638 2871 3704 quod
2902 3656 2991 3690 nos
3016 3638 3270 3699 Alatheus,
3306 3637 3393 3688 dei
3416 3638 3581 3704 gracia

732 3726 1036 3778 cesariensis
1073 3726 1491 3792 archiepiscopus,
1528 3736 1582 3776 et
1614 3745 1705 3777 nos
1741 3728 1894 3778 frater
1920 3728 2192 3779 Gaufridus
2218 3729 2281 3779 de
2306 3728 2478 3779 ordine
2502 3728 2887 3794 predicatorum,
2924 3728 3101 3778 eadem
3124 3730 3296 3794 gracia
3319 3728 3582 3793 episeopus

729 3816 1051 3877 Ebronensis,
1089 3816 1318 3877 vidimus,
1355 3816 1564 3881 legimus
1602 3824 1653 3866 et
1689 3815 1752 3866 de
1778 3818 1928 3867 verbo
1966 3817 2033 3867 ad
2056 3818 2259 3867 verbum
2298 3816 2563 3883 diligenter
2586 3818 2890 3883 inspeximus
2916 3818 3157 3882 quasdam
3180 3816 3375 3867 litteras
3399 3814 3581 3867 domini

728 3922 864 3972 pape
885 3903 1162 3955 Alexandri
1187 3904 1287 3954 1111
1322 3923 1472 3955 sanas
1510 3914 1562 3955 et
1597 3905 1819 3970 integras
1856 3912 1969 3966 ete„
2008 3922 2213 3971 quarum
2250 3914 2394 3957 tenor
2418 3924 2508 3971 per
2532 3906 2699 3957 omnia
2732 3905 2846 3956 talis
2884 3910 3018 3956 est“:
3058 3942 3071 3957 .
3092 3942 3105 3956 .
3127 3942 3141 3957 .
3184 3906 3353 3970 „Quas
3384 3905 3581 3971 quidem

727 3993 921 4045 litteras
946 3993 1093 4044 scribi
1119 4002 1171 4044 et
1193 3992 1437 4059 publicari
1460 3993 1665 4044 fecimus
1690 4012 1782 4060 per
1805 3993 2081 4045 Iohannem
2106 3996 2337 4046 clericum
2364 3996 2705 4046 Acconensem
2729 4004 2824 4045 etc.
2850 4013 2982 4046 anno
3007 3994 3192 4046 domini
3214 4006 3289 4045 ιιιο
3310 4007 3391 4045 cc⁰
3406 3994 3579 4045 lxxx-iio

727 4083 998 4134 indictione
1020 4082 1092 4132 vi'
1128 4082 1212 4132 die
1236 4081 1407 4132 ultima
1441 4082 1626 4133 mensis
1651 4083 1867 4149 augusti,
1902 4084 2218 4150 presentibus
2243 4084 2393 4135 Petro
2421 4083 2484 4134 de
2509 4084 2668 4145 Maro,
2704 4083 2855 4134 Petro
2883 4084 2946 4133 dc
2972 4062 3144 4134 Castro
3168 4082 3323 4149 regis,
3356 4083 3578 4149 Nycolao

729 4172 909 4223 clerico
945 4171 1278 4232 Acconensi“;
1326 4171 1612 4236 Regimonti
1661 4178 1798 4222 extat
1832 4180 2188 4223 transsumtum
2225 4174 2274 4223 d.
2299 4172 2348 4223 d.
2384 4174 2555 4223 Accon
2584 4172 2717 4223 1277
2755 4181 2852 4224 oct.
2877 4173 2941 4223 19
2976 4188 3068 4238 per
3102 4172 3379 4238 Tyrensem
3414 4172 3575 4223 archi·

729 4260 1019 4327 episcopum
1065 4268 1118 4309 et
1152 4259 1604 4311 Bethleemitanum
1641 4260 1928 4327 episcopum
1965 4260 2259 4313 confectum.
2322 4260 2412 4323 1v,
2446 4260 2549 4311 207
2595 4279 2646 4311 ιι.
2672 4262 2721 4311 9.
2783 4260 2915 4311 Edd.
2948 4260 3175 4312 Duellius
3210 4260 3287 4324 11,
3318 4262 3377 4311 11
3418 4277 3469 4312 n.
3498 4260 3575 4311 14.

726 4348 898 4415 Lunig
929 4347 1204 4399 Teutsches
1238 4348 1594 4399 Reichsarchiv
1627 4348 1768 4411 XVI,
1794 4348 1879 4400 78.
1917 4380 1979 4386 -
2030 4350 2152 4400 Cum
2188 4350 2331 4401 dato:
2381 4349 2593 4401 viterbii
2633 4349 2694 4400 17
2732 4348 2835 4401 kal.
2870 4350 2975 4401 iulii
3012 4367 3061 4416 p.
3086 4368 3136 4402 n.
3166 4368 3213 4401 a.
3238 4349 3289 4401 3.
3336 4348 3577 4415 originale

727 4454 840 4489 cum
874 4436 1010 4488 bulla
1045 4436 1098 4487 in
1134 4436 1230 4487 filis
1267 4436 1466 4487 sericeis
1504 4455 1730 4504 appensa
1765 4439 1818 4489 in
1842 4438 2043 4489 archivo
2069 4438 2257 4489 ordinis
2280 4438 2575 4491 Theubonici
2599 4438 2994 4499 vindobonensi,
3032 4437 3219 4489 dudum
3246 4438 3423 4490 domus
3450 4439 3571 4489 vin-

729 4526 1046 4578 dobonensis.
1099 4526 1144 4575 E
1179 4534 1480 4577 transsumto
1516 4526 1868 4592 Regimontani
1905 4528 2092 4578 archivi
2128 4526 2177 4577 d.
2204 4528 2254 4578 d.
2284 4528 2418 4579 1396
2453 4544 2569 4593 aug.
2601 4527 2664 4577 18
2702 4526 3047 4578 vindobonae.
3084 4527 3164 4577 ed.
3190 4528 3242 4577 in
3278 4527 3405 4578 Livk
3430 4526 3491 4578 U.
3514 4526 3573 4578 B.

725 4616 768 4677 Ι,
793 4616 918 4667 392.
957 4614 1166 4666 CCCIV.
1194 4644 1255 4651 —
1287 4614 1408 4665 Cum
1433 4613 1574 4666 dato:
1611 4615 1823 4666 viterbii
1852 4616 1917 4666 14
1940 4616 2043 4667 kal.
2069 4615 2174 4667 iulii
2208 4634 2259 4682 p.
2285 4634 2334 4667 n.
2360 4634 2405 4667 a.
2432 4616 2482 4667 3.
2520 4615 2763 4682 originale
2787 4631 2919 4667 nunc
2943 4616 3050 4667 sine
3074 4615 3276 4681 plumbo
3302 4616 3351 4666 in
3378 4616 3573 4666 archivo

727 4704 1121 4770 Regimontan03
1169 4706 1231 4754 A.
1263 4702 1326 4754 16
1366 4721 1417 4770 p.
1443 4703 1513 4753 46
1554 4702 1803 4767 „Baruli‘·.
1845 4734 1905 4743 —-
1960 4706 2081 4755 Cum
2117 4705 2262 4756 dato:
2313 4704 2523 4755 viterbii
2558 4706 2590 4755 5
2628 4704 2730 4755 kal.
2764 4704 2872 4755 iulii
2906 4722 2956 4771 p.
2982 4721 3031 4757 n.
3058 4722 3103 4755 a.
3130 4704 3181 4756 3.
3230 4704 3329 4765 VI,
3362 4704 3481 4755 355.
3509 4732 3569 4742 -

729 4792 851 4844 Cum
887 4793 1033 4844 dato:
1069 4791 1171 4843 kal.
1197 4792 1304 4843 iulii
1340 4792 1412 4859 (p.
1437 4810 1488 4843 n.
1513 4809 1560 4843 a.
1585 4792 1640 4858 3)
1678 4791 1920 4859 originale
1956 4810 2069 4843 cum
2103 4793 2240 4845 bulla
2274 4794 2327 4844 in
2352 4793 2551 4845 archivo
2575 4793 2763 4845 ordinis
2787 4793 3081 4845 Theutonici
3104 4792 3494 4845 vindobonensi.
3510 4822 3566 4829 ——

729 4882 852 4933 Cum
889 4882 1034 4933 dato:
1085 4880 1298 4933 viterbii
1331 4881 1366 4932 3
1401 4898 1519 4933 non.
1555 4880 1659 4931 iulii
1693 4899 1744 4948 p.
1769 4898 1818 4932 n.
1855 4900 1901 4933 a.
1932 4882 1983 4932 3.
2032 4882 2112 4933 ed.
2150 4883 2201 4933 in
2236 4882 2415 4935 Notice
2460 4882 2733 4948 historique
2775 4900 2861 4933 sur
2894 4882 3175 4934 l'ancienne
3210 4883 3404 4949 grande
3438 4898 3568 4934 com·

727 4970 984 5022 munderis
1020 4969 1110 5022 des
1147 4970 1424 5022 chevuliers
1462 4969 1526 5021 de
1560 4969 1746 5021 l’ordre
1779 4969 2091 5037 Teutonique
2129 4971 2231 5022 dite
2268 4972 2359 5023 des
2382 4970 2762 5023 vieux-Joncs.
2792 4971 2962 5047 ‘Gand
2991 4971 3143 5023 1849.
3188 4972 3265 5023 8⁰.
3308 4972 3381 5022 44
3416 4990 3464 5023 ιι.
3486 4972 3535 5023 4.
