3892 5609
1141 316 1370 363 ‘mam
1415 313 1698 371 sAnc‘rA.
1770 316 2103 363 Annum.
2176 314 2443 365 cyrnos
3137 306 3235 377 49

537 474 778 541 laxavit
822 476 1042 541 domui
1081 477 1508 543 remissionem
1553 500 1594 540 a
1639 477 1823 542 domo
1875 479 2058 563 patri
2098 498 2211 541 suo
2257 480 2398 561 reqi
2432 477 2689 561 factam
2734 498 2927 562 super
2970 498 3039 543 eo
3087 490 3235 559 toto,

538 585 709 668 quod
751 606 919 647 nunc
965 595 1051 648 est
1081 584 1150 647 in
1180 584 1469 649 manibus
1503 582 2027 663 Sarracenorum,
2078 606 2219 647 cum
2245 584 2461 667 suerit
2504 586 2883 669 acquisitum
2915 607 3042 670 per
3070 586 3237 668 fide-

537 690 656 770 les,
718 691 1008 777 quodque
1055 691 1276 755 domus
1321 714 1361 755 a
1410 694 1628 757 comite
1685 705 1742 757 et
1793 712 1991 755 uxore
2040 702 2288 756 emerat.
2373 689 2561 771 Item,
2622 692 2795 776 quod
2850 692 3241 773 confirmavit

539 796 758 861 domui
799 798 1053 863 domum
1100 799 1420 884 quondam
1450 791 1785 863 Iozcelini'
1815 800 2063 863 comitis
2108 797 2287 883 apud
2316 792 2610 861 Acclton³
2622 821 2645 873 ,-
2692 810 2883 862 totam
2929 799 3236 864 barbaca-

535 926 706 985 nam,
755 916 956 969 turres
1003 918 1058 971 et
1097 927 1308 970 muros
1355 917 1410 969 et
1435 904 1760 990 fossatum
1790 930 1831 972 α
1862 917 2025 969 meta
2061 905 2452 990 proprisiae,
2504 926 2694 989 quam
2728 902 3040 969 Henricus
3082 904 3238 971 Tre-

538 1014 736 1076 censis
795 1034 994 1078 comes
1048 1013 1374 1098 palatinus
1432 1015 1798 1079 assentiente
1854 1012 2130 1077 Isabella
2184 1034 2415 1091 uxore,
2474 1011 2784 1076 Almerici
2846 1016 3011 1099 reqis
3064 1012 3235 1095 filia,

538 1119 758 1183 domui
789 1142 917 1205 pro
949 1119 1334 1205 eleemosyna
1365 1124 1680 1201 concessit,
1730 1141 1926 1205 usque
1973 1121 2060 1184 ad
2099 1132 2356 1205 portam
2386 1117 2443 1183 b.
2470 1118 2764 1195 Nicolai,·
2812 1120 3037 1184 deinde
3070 1122 3241 1205 quod

535 1228 884 1312 imperator
913 1228 1222 1313 quasdam
1252 1230 1670 1293 immunitates
1704 1228 1924 1292 domui
1952 1227 2270 1291 concessit.
2346 1224 2479 1291 Sub
2512 1226 2685 1290 bulla
2732 1248 2926 1292 cerea.
2995 1226 3236 1293 Testes.-

541 1332 784 1417 Symon
797 1382 818 1415 ,
878 1333 1177 1418 Tyrensis
1223 1333 1764 1419 archiepiscopus,
1825 1337 2009 1419 reqni
2053 1332 2549 1398 Ierosolimitani
2591 1334 3005 1399 cancellarius
3020 1358 3042 1410 ,·
3097 1335 3236 1399 Ba—

537 1439 778 1521 lianm,
838 1442 1129 1506 dominus
1179 1440 1460 1527 Sydonis
1472 1489 1491 1521 ,
1552 1440 1794 1507 Daniel
1838 1442 1914 1505 de
1968 1438 2030 1505 T
2026 1441 2411 1505 erramunda
2426 1488 2447 1519 ,
2496 1432 2807 1507 Nicolaus
2820 1489 2841 1522 ,
2899 1440 3241 1527 Capuanus

535 1544 906 1627 (Gainanus
918 1543 972 1630 ⁴)
1020 1550 1096 1613 de
1142 1546 1356 1635 inro,
1411 1546 1622 1616 Guido
1672 1548 1922 1632 Infans,
1984 1544 2197 1613 Guido
2243 1548 2320 1612 de
2368 1546 2621 1613 Roman
2637 1542 2680 1629 ⁵,
2747 1548 2931 1613 Ralio
2981 1550 3059 1615 de
3101 1550 3238 1614 Pa-

536 1654 816 1720 triarcha
828 1650 874 1735 ⁰,
929 1653 1270 1721 Gema-sius
1317 1657 1393 1720 de
1425 1647 1670 1720 Emau⁷
1717 1656 1991 1735 castello,
2042 1655 2355 1719 Iohannes
2386 1655 2693 1735 Pisanus,
2746 1656 3053 1722 Raimont
3086 1654 3240 1723 Gn·-

533 1755 764 1842 maut⁸,
819 1757 1184 1849 Goffridus⁹
1215 1764 1291 1827 de
1317 1762 1561 1843 Villers,
1617 1758 1829 1829 Guido
1862 1764 1939 1827 de
1968 1761 2199 1842 Nubis,
2250 1774 2308 1827 et
2334 1764 2636 1847 maqister
2664 1763 2918 1843 Petrus,
2964 1764 3241 1829 medicus

531 1882 772 1950 noster,
805 1870 1028 1952 fideles
1073 1873 1280 1935 nostri
1331 1873 1516 1955 reqni
1559 1868 2071 1934 Ierosolimitani.
2142 1870 2274 1933 Per
2322 1892 2544 1934 manus
2597 1868 2899 1955 Symonis
2942 1870 3241 1956 Tyr-ensis

534 1977 1013 2064 archiepiscopi,
1059 1980 1245 2063 reyni
1274 1975 1785 2041 Ierosolomitani
1812 1976 2197 2056 cancellarii,
2246 1976 2557 2041 Isabellae
2602 1979 3025 2063 imperatricis
3072 2001 3238 2045 anno

530 2085 791 2170 imperii
834 2096 890 2149 et
937 2083 1431 2149 Ierosolimitani
1474 2096 1531 2148 et
1577 2082 1841 2149 Siciliae
1883 2105 2223 2169 reynorum
2266 2106 2327 2147 a.
2362 2083 2423 2149 1.

567 2222 612 2273 E
649 2222 822 2275 codiee
857 2232 1029 2275 nostro
1063 2224 1116 2286 1,
1159 2223 1281 2274 12v.
1319 2240 1370 2275 n.
1395 2222 1460 2273 21
1501 2232 1554 2273 et.
1597 2221 1650 2272 in
1697 2221 2075 2274 confirmatione
2103 2222 2175 2273 46
2210 2222 2372 2273 edidit
2406 2220 2963 2275 Huiuard-Brehonoe
3000 2224 3078 2285 11,
3115 2224 3237 2277 536.

353 2310 414 2362 Ῑιι
438 2311 640 2363 archivo
665 2312 1034 2378 Regimontano
1071 2320 1358 2363 asservatur
1381 2319 1740 2363 “assumtum
1769 2310 1997 2363 officialis
2022 2310 2341 2363 Pataviensis
2378 2311 2547 2363 curiae
2585 2310 2633 2362 d.
2654 2310 2703 2362 d.
2728 2312 2865 2363 1393
2889 2312 3018 2364 febr.
3040 2312 3235 2364 Vindo-

353 2400 536 2461 bonae,
571 2401 660 2451 ubi
695 2400 905 2467 leg-itur:
1088 2401 1134 2451 1.
1170 2400 1358 2453 Iaroth.
1525 2400 1577 2451 2.
1614 2400 1866 2452 Iozeolini.
2034 2400 2085 2451 3.
2123 2400 2312 2451 Aeson.
2480 2400 2531 2451 4.
2570 2400 2869 2467 Gaynanus.
3038 2402 3088 2453 5.
3126 2402 3235 2453 Ro-

353 2490 470 2539 ιιιιιῐ
507 2488 550 2539 Β
575 2489 622 2551 1,
661 2490 824 2541 Gvido
864 2489 928 2541 de
963 2490 1174 2542 Romav.
1353 2489 1402 2541 6.
1441 2490 1552 2541 Rau
1589 2489 1654 2540 de
1689 2488 2003 2541 Patriamha.
2170 2487 2221 2541 ⁷.
2260 2488 2535 2540 Get-nasius
2575 2488 2639 2539 de
2676 2490 2850 2541 Emav.
3024 2490 3074 2542 8.
3114 2491 3234 2542 Gri-

352 2586 510 2631 mant.
688 2580 739 2631 9.
779 2578 1057 2632 Gotfridus.

359 2826 482 2897 60.
531 2830 708 2897 1226
751 2832 909 2896 iulio
957 2855 1062 2918 ap.
1098 2832 1168 2897 S.
1201 2832 1568 2897 Miniatum.
1647 2829 2019 2895 Fridmicus
2051 2829 2137 2894 II
2170 2831 2516 2915 imperator
2560 2840 2779 2894 notum
2805 2828 2986 2913 facit
3013 2830 3231 2913 fideli·

532 2939 644 3004 bus
690 2940 822 3002 suis
861 2960 984 3024 per
1013 2937 1588 3003 Ierosolimitanum
1631 2960 1896 3024 reynum
1936 2940 2307 3017 constitutis,
2359 2937 2547 3021 quod,
2600 2920 2795 3022 quum
2825 2935 3231 3003 Her-mannus

531 3048 828 3131 maqister
875 3046 1093 3110 domus
1139 3046 1198 3109 Ῐι.
1233 3068 1282 3109 s.
1317 3046 1412 3110 M.
1455 3044 1569 3110 Th.
1605 3048 1674 3109 in
1707 3045 1760 3110 I.
1801 3047 2156 3131 possederit
2199 3044 2365 3109 bona
2411 3045 2733 3130 quondam
2780 3044 3083 3110 Iozcelini
3125 3068 3229 3110 co-

533 3156 723 3234 mitis,
773 3164 933 3217 emta
964 3176 1006 3216 a
1039 3152 1180 3219 Otto
1227 3154 1446 3217 comite
1481 3154 1558 3217 de
1585 3152 1999 3217 Ennenherch
2042 3165 2101 3217 et
2128 3152 2422 3217 Beatrice
2464 3172 2661 3215 uxore
2708 3163 2767 3215 et
2806 3151 3029 3217 Ottone
3056 3152 3225 3235 filio,

533 3273 588 3325 et
617 3260 986 3326 Iacobinum
1018 3262 1094 3324 de
1115 3260 1486 3344 Amiqdala,
1521 3260 1738 3343 filium
1768 3261 2087 3345 quondam
2123 3255 2221 3326 G)
2251 3261 2523 3325 iunioris
2550 3258 2736 3341 filiae
2764 3258 3082 3339 Iozcelini,
3134 3282 3229 3325 se-

531 3368 802 3432 cundum
849 3369 1352 3433 consuetudinem
1393 3370 1578 3453 reqni
1621 3366 2118 3433 Ierosolimitani
2172 3368 2249 3432 de
2294 3369 2622 3453 portione,
2685 3388 2847 3451 quae
2904 3368 3231 3452 contiyeoit

533 3497 674 3539 eum
713 3478 784 3539 in
831 3476 1060 3539 eisdem
1103 3476 1280 3539 bonis
1317 3496 1446 3561 pro
1481 3486 1674 3561 parte
1706 3476 1951 3554 matris,
1997 3476 2414 3551 investiverit3
2461 3473 2727 3539 Iacobus
2774 3474 2851 3538 de
2880 3473 3230 3559 Amiqdala

530 3585 900 3668 mayistmm
946 3594 1002 3647 et
1046 3583 1299 3647 domu-m
1345 3583 1758 3663 assecuravit,
1819 3584 1981 3646 sicut
2015 3602 2141 3667 *pro
2178 3593 2369 3667 parte
2410 3584 2631 3646 matois
2677 3603 2832 3645 suae
2873 3580 3229 3645 Beatricem

519 3691 1012 3776 primoqenitam
1042 3690 1283 3755 comitis
1317 3690 1598 3755 debuerit
1635 3710 2016 3768 assecurare,
2066 3690 2143 3752 de
2173 3689 2347 3751 cuius
2379 3688 2733 3752 venditione
2761 3687 2981 3753 domus
3014 3688 3227 3753 eadem

531 3796 694 3863 bona
727 3796 1132 3883 possidebat3
1186 3809 1243 3863 et
1283 3798 1646 3885 praedictus
1691 3794 2029 3861 Iacobinus
2076 3796 2361 3859 convenit
2403 3794 2599 3858 eidem
2644 3796 2866 3859 domui
2906 3796 3228 3861 restituere

528 3904 710 3969 illam
750 3905 1055 3990 pecuniae
1084 3907 1514 3990 quantitatem,
1565 3925 1762 3989 quam
1801 3924 1924 3989 pro
1955 3903 2320 3967 redimenda
2352 3902 2565 3967 eadem
2603 3914 2789 3988 parte
2830 3903 3042 3988 ipsum
3074 3923 3224 3967 con-

529 4014 818 4097 tinqente,
869 4012 1108 4075 dudum
1141 4035 1266 4098 per
1311 4012 1629 4097 quondam
1666 4006 2049 4077 Guilelmum
2094 4011 2171 4074 de
2201 4007 2551 4095 Amiqdala
2586 4020 2837 4093 patrem
2884 4010 3015 4074 eius
3063 4010 3223 4075 obli-

524 4130 710 4203 qata,
761 4118 1174 4183 creditoribus
1217 4121 1350 4184 suis
1398 4118 1675 4183 easolvit.
1744 4116 1985 4182 Testes.-
2038 4114 2139 4197 G(
2133 4114 2415 4197 eroldus)
2460 4115 2831 4181 venerabilis
2879 4116 2948 4197 ί,
2972 4118 3223 4183 Werne-

527 4224 713 4302 rus“)
741 4226 1115 4311 patriarcha
1145 4226 1682 4291 Ierosolimitanus
1696 4248 1719 4300 ,-
1752 4224 2040 4304 Iacobus,
2074 4223 2456 4289 Acconensis
2487 4224 2849 4309 episcopus3
2881 4224 3221 4305 Balianus,

529 4334 818 4397 dominus
847 4328 1163 4418 Sydonis'
1174 4356 1198 4409 ,·
1228 4332 1472 4399 Daniel
1503 4333 1580 4395 de
1610 4330 2149 4407 Tenderemunde,·
2183 4330 2494 4395 Iohannes
2524 4330 2807 4395 Pisanus
2819 4354 2843 4408 ,-
2896 4328 3225 4417 G'offridus

525 4441 604 4505 de
643 4438 912 4505 Williers
923 4462 947 4515 ‚-
999 4437 1210 4507 Guido
1242 4441 1318 4505 de
1346 4438 1580 4504 Nubie.
1651 4439 1780 4503 Per
1809 4460 2034 4503 manus
2068 4436 2367 4523 Symonis
2400 4436 2700 4523 Tyr-ensis
2736 4437 3219 4524 archiepiscopi,

523 4549 708 4633 reyni
749 4544 1244 4612 Ierosolimitani
1287 4545 1670 4611 cancellarii.

559 4685 600 4747 1,
630 4686 694 4736 15
731 4703 781 4737 n.
807 4684 894 4736 23.
949 4686 994 4735 E
1031 4684 1202 4736 codiee
1237 4694 1411 4771 nostro
1447 4684 1528 4735 ed.
1555 4682 2105 4735 Huiuard-Brsholles
2136 4682 2363 4735 Historia
2401 4683 2723 4750 diplomatica
2746 4682 2990 4735 Friderici
3013 4682 3063 4735 11
3099 4683 3221 4748 imp.

343 4774 552 4827 Parisiis
581 4774 717 4827 1852
741 4792 816 4841 sq.
866 4776 916 4826 4.
965 4775 1032 4837 Π,
1071 4773 1232 4867 671..
1377 4774 1420 4825 1.
1458 4791 1509 4840 p.
1534 4773 1604 4824 30
1641 4782 1694 4825 et
1728 4773 1799 4824 32
1834 4773 2012 4839 Agnes
2049 4772 2205 4825 audit.
2384 4773 2437 4825 2.
2473 4773 2699 4841 Sydonie
2734 4772 2794 4826 Β.
