3892 5609
727 352 876 425 380
1700 364 2123 414 ros‘rmcnn
2166 363 2609 413 Romanorum

721 522 938 574 mitanas
983 540 1075 590 per
1111 523 1384 576 Iohannem
1429 522 1662 576 clericum
1698 524 2042 575 Acconensem
2082 520 2216 575 1277
2253 530 2350 574 oct.
2376 522 2441 575 19
2478 521 2649 575 Accon
2694 522 2920 575 confecto
2964 521 3017 573 in
3060 520 3265 573 archivo
3300 520 3570 587 Regimen-

721 620 839 663 tano
876 611 956 663 ed.
991 612 1044 662 in
1081 613 1206 663 Livl.
1231 612 1560 664 Urkundenb.
1587 613 1638 675 Ι,
1663 612 1768 663 382
1803 630 1852 663 ιι.
1879 612 2001 665 295.
2060 611 2423 679 Apographum
2458 610 2747 663 transsumti
2782 610 2929 663 huius
2962 610 3015 661 in
3050 610 3115 661 B..
3139 609 3211 660 36
3248 608 3381 661 inter
3414 608 3573 660 Ruin-

720 702 898 767 gensia
931 718 982 753 n.
1013 702 1092 752 19.
1147 701 1206 752 In
1242 701 1419 753 eodem
1455 702 1654 753 archivo
1691 702 1840 752 etiam
1875 702 1973 752 tria
2008 708 2313 752 transsumta
2348 708 2569 751 exstant:
2621 701 2667 752 1.
2703 700 2753 751 d.
2779 700 2831 751 d.
2872 699 3001 751 1341
3042 699 3151 751 dec.
3178 698 3231 749 2.
3284 699 3450 765 Rigas
3486 716 3573 764 per

719 790 780 841 fr.
814 789 1170 855 guardianum,
1220 792 1359 858 cuius
1407 790 1622 857 sigillum
1671 789 1953 857 appendet,
2010 800 2300 855 ceterosque
2347 790 2527 840 fratres
2574 788 2790 839 minores
2838 788 2891 839 in
2931 788 3079 854 Riga.
3158 787 3209 839 2.
3259 787 3311 838 (1.
3342 786 3391 838 (1.
3441 786 3567 839 1321

719 878 888 944 vigilia
927 888 1241 944 pentecostes
1279 879 1435 945 (iunii
1460 880 1524 946 6)
1562 880 1613 929 in
1650 888 1812 930 castro
1837 878 1987 929 Velin
2022 896 2114 945 per
2148 877 2408 929 Nicolaum
2444 878 2803 929 'l'arbatensem
2840 878 3145 944 episcopum,
3180 876 3323 928 cuius
3359 874 3575 942 sigillum

721 966 880 1029 deest,
917 968 1195 1033 Egbertum
1232 970 1466 1019 abbatem
1490 968 1789 1030 Padenwm,
1815 966 2102 1019 Wezcelum
2138 967 2355 1033 priorem
2378 966 2485 1017 ord.
2510 966 2731 1034 praedic.
2756 965 3045 1032 Rigensem.
3100 966 3151 1017 3.
3194 964 3333 1016 1393
3366 964 3486 1015 maii
3508 963 3574 1015 29

717 1055 770 1106 ἰιι
806 1064 969 1107 castro
1007 1074 1047 1107 s.
1072 1056 1264 1108 Mariae
1299 1066 1504 1123 petente
1527 1058 1828 1108 wenemaro
1861 1057 2101 1123 magistro
2126 1057 2364 1109 Livoniae
2388 1072 2479 1122 per
2500 1054 2789 1105 Heinricnm
2812 1054 3287 1105 Wladislaviensem
3310 1063 3367 1104 et
3386 1053 3572 1105 Iohan-

717 1162 832 1195 nem
871 1146 1104 1196 abbatem
1138 1145 1526 1213 Polplinensem.
1594 1146 1971 1196 rl'ranssumtum
2006 1144 2211 1197 Henrici
2246 1143 2684 1209 Babenbergensis
2720 1153 2773 1194 et
2806 1143 3005 1194 Alberti
3036 1142 3427 1209 Batisponensis
3462 1142 3572 1208 epi-

718 1250 980 1300 scoporum
1017 1234 1064 1284 d.
1093 1234 1142 1285 d.
1178 1234 1281 1285 ind.
1305 1234 1402 1284 XV
1443 1233 1612 1301 (1257
1627 1236 1683 1299 ?)
1719 1233 1906 1285 mensis
1943 1234 2049 1285 iulii
2086 1234 2167 1286 die
2193 1234 2241 1297 8,
2284 1248 2425 1298 „cum
2448 1232 2664 1283 viterbii
2697 1231 2749 1282 in
2784 1231 3060 1298 supradicti
3093 1231 3283 1282 domini
3312 1247 3449 1297 pape
3484 1232 3573 1295 (se.

719 1320 994 1373 Alexandri
1016 1321 1108 1388 IV)
1147 1324 1282 1377 curia
1317 1322 1692 1384 existeremus“,
1727 1322 1778 1372 in
1816 1323 2015 1373 archivo
2053 1323 2241 1374 ordinis
2265 1321 2561 1372 Theutonici
2584 1320 2988 1382 vindobonensi3
3024 1318 3191 1387 sigilla
3218 1320 3412 1371 avulsa..
3458 1318 3571 1370 He-

715 1418 936 1461 moratur
984 1428 1014 1461 a
1049 1409 1246 1461 Duellio
1283 1410 1357 1473 11,
1389 1412 1446 1461 11
1489 1428 1538 1462 ιι.
1563 1411 1643 1461 15.
1670 1440 1728 1448 --
1770 1410 1832 1461 A.
1859 1410 1928 1461 20
1963 1429 2014 1463 ιι.
2041 1411 2139 1462 130
2186 1410 2364 1462 Latine
2399 1418 2453 1461 et
2488 1408 2785 1461 Germanice
2820 1425 2931 1459 cum
2968 1416 3111 1462 nota:
3153 1408 3278 1473 „Est
3311 1408 3367 1460 in
3392 1407 3569 1459 Velin‘

721 1498 884 1563 „unde
920 1498 963 1550 is
999 1496 1264 1549 zcu'Velin
1299 1498 1620 1565 Lyfflande“.

723 1745 897 1819 538.
939 1749 1119 1816 1257
1148 1752 1369 1815 martii
1393 1751 1438 1815 8
1468 1750 1789 1815 Laterani.
1861 1750 2225 1815 Alexander
2254 1747 2364 1813 IV
2384 1750 2601 1813 ordini
2634 1747 3009 1814 Theutonieo
3056 1750 3355 1829 concedit,
3408 1749 3575 1835 quod

939 1859 1026 1921 ad
1043 1859 1471 1943 provisionem
1501 1858 1770 1923 alicuius
1791 1880 1914 1945 per
1945 1857 2183 1922 litteras
2214 1856 2591 1943 apostolicas
2619 1854 2717 1919 vel
2744 1855 3085 1943 leqatorum
3110 1877 3239 1921 non
3270 1868 3571 1935 teneatur,

927 1967 1000 2028 ‘si
1039 1987 1167 2028 non
1216 1986 1510 2051 eapressa
1555 1966 1981 2052 indulqentiae
2024 1964 2208 2028 huius
2250 1963 2346 2028 ibi
2370 1964 2496 2047 flat
2538 1965 2782 2027 mentio.

935 2104 1294 2172 Alexander
1351 2105 1680 2193 episcopus
1737 2126 1954 2172 servus
2000 2124 2321 2171 servornm
2366 2104 2469 2171 dei
2514 2103 2757 2173 dilectis
2800 2102 2946 2171 filiis
2992 2103 3292 2187 magistro
3337 2108 3405 2169 et
3446 2103 3571 2169 fra-

713 2211 915 2279 tribus
959 2212 1288 2298 hospitalis
1334 2220 1550 2280 sancte
1593 2212 1792 2280 Marie
1838 2212 2359 2279 Theotonicorum
2407 2211 2887 2277 Ierosolimitani
2926 2211 3191 2277 salutem
3222 2215 3289 2277 et
3318 2216 3571 2297 aposto-

710 2320 896 2386 licam
946 2318 1456 2385 benedictionem.
1683 2320 1903 2386 Vestre
1949 2319 2193 2385 meritis
2239 2318 2593 2385 devocionis
2637 2318 3011 2403 inducimur,
3056 2324 3129 2383 nt
3168 2336 3280 2383 vos
3311 2316 3571 2403 speciali

712 2427 926 2511 gracia
978 2446 1450 2512 prosequamur.
1543 2426 1706 2492 Hinc
1765 2431 1891 2509 est,
1954 2425 2121 2511 quod
2178 2445 2292 2491 nos
2336 2426 2561 2492 vestris
2608 2425 3175 2513 supplicacionibus
3220 2428 3567 2491 annuentes

714 2534 1083 2599 auctoritate
1129 2534 1304 2600 vobis
1349 2535 1742 2620 presencium
1791 2534 2208 2617 indulgemu8‚
2254 2538 2326 2598 ut
2370 2532 2451 2599 ad
2482 2532 2902 2621 provisionem
2934 2532 3195 2600 alicuius
3226 2532 3569 2618 impensio-

711 2640 896 2707 nibus
943 2640 1042 2706 vel
1088 2639 1403 2707 beneficiis
1451 2640 1886 2707 ecclesiasticis
1933 2661 2047 2728 per
2089 2640 2334 2706 litteras
2382 2640 2721 2727 apostolice
2764 2638 2929 2707 sedis
2962 2646 3024 2706 et
3050 2639 3399 2723 legatorum
3434 2638 3567 2706 eins

712 2748 1110 2833 impetratas,
1169 2768 1285 2834 per
1342 2768 1496 2833 quas
1552 2769 1676 2815 non
1739 2750 1824 2815 sit
1875 2748 1974 2813 ius
2034 2747 2219 2813 alicui
2274 2748 2681 2833 acquisitum,
2740 2753 2849 2813 aut
2892 2748 3091 2813 eciam
3134 2746 3567 2833 impetrandas

711 2855 969 2921 minime
1016 2856 1354 2921 teneamini
1399 2875 1515 2921 nec
1561 2855 1640 2921 ad
1685 2856 1748 2921 id
1796 2854 2086 2940 compelli
2127 2855 2404 2941 possitis,
2449 2855 2573 2920 nisi
2602 2854 2957 2920 huiusmodi
2986 2854 3193 2921 littere
3224 2854 3567 2940 apostolic-e

711 2962 1104 3048 impetrande
1150 2962 1228 3027 de
1274 2961 1671 3045 indulgencia
1715 2962 2073 3029 huiusmodi
2120 2966 2184 3029 et
2226 2966 2358 3028 toto
2402 2967 2618 3029 tenore
2664 2962 2864 3048 ipsius
2910 2982 3268 3047 expressam
3302 2962 3569 3027 fecerint

711 3068 1117 3135 mencionem.
1205 3066 1377 3134 Nulli
1425 3090 1571 3153 ergo
1618 3070 1869 3136 omnino
1915 3070 2235 3135 hominum
2285 3068 2469 3135 liceat
2511 3069 2672 3136 hanc
2716 3069 3011 3155 paginam
3054 3075 3268 3136 nostre
3312 3088 3564 3135 conces-

710 3176 902 3242 sionis
947 3176 1288 3258 infringere
1332 3176 1430 3242 vel
1477 3177 1534 3242 ei
1581 3198 1736 3243 ausu
1764 3176 2097 3243 temerario
2130 3177 2459 3243 contraire.
2530 3176 2596 3241 Si
2628 3178 2768 3261 quis
2800 3182 3009 3242 autem
3038 3176 3157 3243 hoc
3182 3181 3561 3262 attemptare

709 3283 1183 3369 presumpserit,
1227 3283 1727 3366 indignacionem
1775 3285 2222 3369 omnipotentis
2270 3284 2371 3350 dei
2416 3289 2479 3350 et
2524 3283 2845 3350 beatorum
2879 3282 3050 3350 Petri
3095 3289 3160 3350 et
3186 3282 3370 3349 Pauli
3410 3302 3559 3369 apo-

709 3390 1009 3455 stolorum
1057 3390 1190 3456 eius
1237 3410 1304 3456 se
1347 3392 1596 3457 noverit
1637 3392 2053 3457 incursurum.
2122 3390 2357 3457 Datum
2402 3389 2699 3456 Laterani
2746 3391 2858 3457 viii
2901 3391 3041 3457 idus
3086 3391 3307 3457 marcii
3352 3390 3559 3477 ponti-

708 3495 925 3563 ficatus
969 3498 1169 3562 nostri
1215 3517 1376 3563 anno
1421 3498 1635 3563 tercio.

919 3638 1038 3689 Sine
1063 3638 1208 3690 dato:
1245 3638 1308 3690 R.
1339 3638 1440 3689 154
1461 3638 1593 3689 inter
1615 3638 1906 3700 Iuncensia3
1945 3639 2009 3690 A.
2036 3638 2106 3689 20
2140 3656 2189 3691 ιι.
2221 3638 2319 3690 105
2356 3638 2534 3690 Latine
2558 3646 2611 3690 et
2634 3638 2931 3691 Germanice
2954 3655 3067 3689 cum
3088 3646 3234 3691 nota:
3265 3638 3355 3713 „In
3376 3636 3555 3690 Mark-

711 3728 841 3793 burg
866 3726 948 3777 rel
981 3727 1032 3777 in
1055 3726 1264 3793 Bysin“.
1307 3727 1426 3792 „Dis
1461 3726 1504 3777 is
1539 3744 1630 3777 scu
1653 3726 1939 3793 Marcbnrg.
1994 3728 2121 3779 Item
2156 3746 2217 3779 zu
2242 3727 2433 3779 Bisiffl.
2456 3758 2517 3765 -
2560 3728 2683 3779 Οιιιιι
2704 3728 2848 3779 dato:
2884 3727 2974 3788 IV,
2994 3727 3115 3779 207.
3163 3727 3421 3794 originale
3444 3745 3557 3779 cnm

708 3815 844 3867 bulla
889 3816 940 3866 in
986 3815 1084 3867 filis
1131 3815 1293 3867 rubris
1339 3824 1392 3866 et
1437 3816 1586 3867 luteis
1634 3832 1861 3882 appensa
1906 3816 2156 3882 quondam
2192 3816 2436 3867 Iuncense
2482 3816 2532 3867 in
2570 3816 2771 3867 archivo
2806 3816 2993 3868 ordinis
3028 3816 3323 3869 Theutonici
3360 3816 3555 3869 Vindo-

708 3904 933 3956 bonensi-

713 4125 886 4197 539.
927 4128 1107 4195 1257
1163 4131 1324 4194 maii
1374 4130 1418 4195 3
1474 4129 1783 4195 Laterani
1844 4126 1969 4215 (ef.
2018 4129 2166 4194 iulii
2208 4129 2359 4211 11).
2463 4130 2825 4195 Alexander
2870 4128 2983 4195 IV
3042 4130 3286 4196 ordinis
3350 4128 3554 4195 wm-

927 4238 1124 4301 tonici
1155 4237 1479 4321 fratribus
1530 4240 1599 4301 in
1646 4250 1846 4303 terrae
1890 4249 2140 4302 sanetae
2182 4239 2432 4303 servitio
2480 4241 2794 4323 occupatis
2838 4238 3293 4323 indulqentiam
3347 4250 3555 4303 trans-

929 4344 1212 4411 euntibus
1256 4347 1326 4409 in
1371 4347 1642 4411 eiusdem
1687 4344 2033 4409 subsidium
2077 4366 2427 4409 concessam
2472 4346 2766 4410 concedit.

927 4486 1286 4552 Alexander
1342 4487 1671 4572 episcopus
1719 4506 1934 4551 servus
1983 4506 2301 4552 servorum
2352 4486 2451 4551 dei
2496 4484 2741 4551 dilectis
2784 4483 2929 4552 filiis
2975 4486 3277 4569 magistro
3322 4491 3389 4553 et
3428 4486 3559 4552 fra-

705 4594 905 4660 tribus
963 4593 1292 4680 hospitalis
1351 4599 1563 4660 sancte
1608 4592 1806 4659 Marie
1852 4594 2375 4660 Theutonicorum
2422 4591 2903 4659 lerosolimitani
2954 4593 3223 4659 salutem
3282 4600 3348 4661 et
3404 4614 3556 4679 apo-

705 4700 988 4765 stolicam
1050 4701 1564 4766 benedictionem.
1790 4700 1885 4766 De
1940 4700 2185 4766 fervore
2242 4700 2662 4767 sincerissime
2716 4700 3063 4766 devotionis
3111 4706 3317 4767 vestre
3358 4702 3553 4787 inspi-

704 4814 883 4873 rante
939 4808 1152 4873 divina
1205 4808 1418 4891 gracia
1473 4809 1850 4894 processisse
1905 4808 2283 4889 dinoscitur,
2342 4807 2508 4892 quod
2558 4806 2901 4891 reliquistis
2948 4808 3160 4873 omnia
3204 4812 3267 4874 et
3310 4810 3556 4893 sequuti

705 4915 854 4979 estis
911 4914 1265 4997 dominum,
1328 4922 1399 4981 ut
1453 4916 1530 4981 de
1587 4915 1785 5000 ipsius
1843 4914 2143 4981 ineffabili
2199 4914 2433 5000 pietate
2486 4915 2663 4981 vobis
2709 4915 3039 5000 proveniat
3078 4913 3283 4998 gloria
3324 4916 3555 4981 civium

707 5040 1138 5107 supernorum.
1209 5022 1584 5089 Huiusmodi
1629 5021 1936 5107 siqnidem
1984 5021 2242 5088 obtentu
2288 5022 2485 5106 glorie
2528 5041 2639 5089 vos
2686 5041 2827 5089 cum
2872 5022 3043 5087 omni
3088 5021 3419 5107 diligentia
3450 5024 3555 5091 de-
