3892 5609
647 306 682 375 1
698 307 793 377 58
1964 319 2189 366 BnRzA

648 475 820 544 165.
863 475 904 557 (
898 476 1071 543 Inter
1101 476 1277 542 1223
1306 477 1456 542 iulii
1482 477 1571 542 24
1618 489 1674 543 et
1702 469 1877 543 1224
1912 476 2062 543 iulii
2087 476 2208 558 24)
2253 499 2303 542 s.
2339 479 2400 542 d.
2433 477 2757 543 Laterani.
2827 477 3154 544 Honorius
3187 501 3366 566 papa
3391 477 3526 544 III

862 583 1285 665 (Dilectorum
1326 583 1647 667 filiorum)
1700 584 2189 671 archiepiscopis
2236 598 2294 651 et
2339 587 2648 672 episcopis
2703 607 2820 672 per
2879 585 3226 671 Unqariam
3271 589 3512 652 consti-

860 695 1007 756 tutis
1050 703 1267 756 notum
1292 691 1487 776 facit,
1535 713 1601 756 se
1625 691 1952 776 fratribus
1996 691 2328 777 hospitalis
2373 715 2423 757 s.
2459 693 2714 758 Mariae
2756 691 3282 758 Theutonicorum
3325 693 3512 758 Iero-

862 797 1226 863 solomitani
1278 801 1357 866 ab
1402 799 1683 865 Andrea·
1722 798 2039 885 Unyariae
2088 820 2232 884 reye
2285 801 2583 864 donatam
2639 813 2871 865 terram
2917 799 3166 865 Boreae
3223 813 3282 865 et
3333 801 3513 866 ultra

858 901 1094 971 montes
1137 909 1381 971 nivium
1424 920 1728 992 tanquam
1772 918 2074 971 exemtam
2118 908 2474 973 immediate
2517 909 2588 972 in
2631 906 3013 994 apostolicae
3067 908 3235 972 sedis
3289 920 3508 994 prote-

861 1015 1123 1078 ctionem
1169 1026 1227 1079 et
1261 1017 1717 1100 proprietatem
1760 1015 2120 1099 suscepisse.

848 1125 917 1187 11,
956 1125 1058 1176 136
1069 1143 1115 1177 v·
1152 1126 1239 1177 ubi
1274 1127 1327 1177 in
1362 1126 1465 1178 fine
1500 1125 1707 1193 legitur:
1762 1126 1871 1191 „Ite
1904 1125 2156 1177 invenitur
2189 1126 2256 1176 de
2291 1127 2444 1178 verbo
2482 1123 2550 1177 ud
2585 1127 2790 1178 verbum
2825 1125 2879 1177 in
2914 1126 3130 1192 registro
3165 1125 3356 1178 domini
3389 1125 3506 1178 Ho-

636 1215 765 1266 norii
800 1231 936 1281 papa
970 1213 1047 1264 111
1080 1231 1213 1265 anno
1239 1214 1377 1266 Vm.
1426 1214 1727 1266 Martinue“.
1756 1244 1819 1253 —-
1850 1213 1911 1265 In
1946 1223 2252 1266 transsumto
2289 1215 2354 1266 de
2394 1213 2530 1266 1278
2567 1214 2675 1266 dec.
2701 1214 2771 1265 28
2805 1214 2859 1265 in
2894 1215 3096 1266 archivo
3129 1215 3506 1280 Regimontano

639 1321 751 1354 cum
796 1303 1028 1354 introitu:
1078 1340 1103 1367 „
1118 1302 1247 1352 Item
1282 1303 1416 1368 quod
1453 1302 1681 1354 dominus
1728 1320 1865 1369 papa
1907 1303 2086 1368 recipit
2129 1310 2316 1354 terram
2353 1303 2419 1355 de
2453 1303 2616 1356 Borza
2665 1305 2758 1356 sub
2804 1303 3116 1369 protectione
3152 1304 3305 1354 sua‘h
3369 1302 3506 1354 md.

640 1391 868 1444 Schuller
904 1390 1088 1442 Archiv
1126 1390 1167 1452 1,
1204 1390 1338 1452 23&
1375 1391 1594 1442 'l'eutsch
1630 1399 1685 1443 et
1717 1391 1998 1443 Fimhaber
2032 1392 2075 1455 1,
2111 1391 2180 1443 27
2219 1411 2268 1444 η.
2294 1391 2380 1443 27.

564 1593 573 1600 ’
648 1594 821 1666 166.
863 1596 1037 1663 1225
1084 1611 1198 1664 oct.
1231 1597 1327 1662 27
1374 1597 1587 1663 Reate.
1668 1597 1995 1664 Honorius
2049 1622 2226 1686 papa
2270 1598 2395 1664 III
2440 1598 2616 1680 (Iam
2667 1597 3047 1679 meminisse)
3105 1594 3506 1678 (Andr-eam)

860 1703 1237 1790 Hunqariae
1287 1726 1495 1789 reqem
1552 1718 1893 1771 commonet
1944 1708 2023 1771 de
2075 1707 2457 1772 restituenda
2512 1707 2733 1770 domui
2783 1705 3114 1791 hospitalis
3159 1727 3210 1768 s.
3246 1705 3509 1772 Mariae

868 1809 1390 1876 Theutonicorum
1435 1824 1605 1876 terra
1648 1813 1901 1878 Borzae
1944 1827 2004 1880 et
2045 1813 2216 1878 ultra
2260 1825 2494 1878 montes
2539 1815 2799 1878 nivium.

850 1932 917 1994 11,
947 1931 1045 1983 127
1059 1950 1105 1983 v·
1143 1931 1253 1982 eine
1289 1932 1435 1993 ἄπιος
1472 1933 1525 1982 in
1560 1932 1661 1985 fine
1695 1932 1903 2000 legitur:
1946 1935 2056 2000 „Ita
2089 1935 2340 1986 invenitur
2363 1933 2429 1984 de
2451 1934 2606 1985 verbo
2642 1933 2710 1984 ad
2733 1933 2939 1984 verbum
2973 1933 3027 1983 in
3061 1931 3278 1998 registro
3314 1931 3507 1984 domini

638 2019 851 2073 Honorii
884 2037 1018 2087 pape
1043 2020 1117 2072 111
1153 2039 1285 2073 anno
1310 2021 1376 2073 X.
1421 2019 1721 2074 Martinus&
1749 2053 1811 2061 —-
1849 2023 1909 2074 In
1946 2032 2250 2074 transsumto
2288 2024 2352 2073 de
2382 2019 2517 2073 1278
2554 2023 2663 2073 dec.
2687 2021 2756 2072 28
2792 2021 2845 2072 in
2882 2021 3082 2072 archivo
3111 2021 3504 2087 Regimontauo,

638 2127 752 2162 cum
786 2109 1016 2162 introitu:
1058 2109 1213 2175 „Post
1248 2109 1471 2161 ablatam
1504 2111 1649 2163 nobie
1687 2120 1872 2162 terram
1907 2111 2072 2164 Bone
2107 2111 2279 2164 scribit
2315 2111 2544 2163 dominus
2578 2127 2716 2176 papa
2749 2108 3036 2176 sepedictus
3071 2109 3180 2176 regi
3213 2108 3504 2175 Ungnrie“;

638 2207 691 2250 et
726 2198 972 2252 clausula:
1015 2197 1124 2263 „Ita
1158 2197 1408 2249 invenitur
1444 2200 1603 2250 caet.“
1644 2207 1701 2250 ut
1734 2217 1902 2265 supra..
1957 2199 2146 2252 Datum
2183 2200 2414 2268 supplevi
2449 2217 2510 2251 ex
2536 2198 2755 2251 Teutsch
2783 2205 2838 2249 et
2861 2197 3138 2250 F'imhaber
3159 2198 3204 2259 1,
3227 2197 3298 2250 37
3335 2215 3387 2250 n.
3412 2197 3506 2260 36,

638 2289 723 2354 qui
759 2287 943 2340 citant:
982 2285 1210 2338 Schuller
1245 2285 1433 2338 Archiv
1468 2287 1511 2348 1,
1546 2285 1680 2349 2483
1715 2287 1869 2354 Fejer
1904 2288 1998 2351 111,
2023 2289 2074 2351 2,
2099 2289 2186 2340 58.
2273 2349 2282 2358 .

648 2491 820 2562 167.
862 2493 1035 2560 1231
1084 2515 1224 2580 apr.
1251 2493 1339 2560 26
1370 2493 1693 2558 Laterani.
1771 2490 2114 2579 Gregorius
2157 2518 2336 2582 papa
2367 2495 2475 2560 IX
2517 2493 2650 2575 (Ne
2685 2516 2874 2580 super
2909 2493 3304 2581 pmvileyiis)
3351 2492 3500 2560 con'-

854 2599 1081 2684 fimat
1130 2601 1349 2666 domui
1390 2600 1721 2686 hospitalis
1763 2622 1813 2664 s.
1848 2601 2105 2666 Mariae
2157 2599 2220 2666 T
2213 2589 2680 2668 teutonicorum
2735 2604 2974 2668 inserta
3023 2601 3371 2687 privileyia
3425 2603 3502 2665 de

858 2720 1028 2773 terra
1071 2707 1401 2786 „Bozze“.·

1063 2815 1123 2881 1.
1195 2812 1437 2895 (1211)
1450 2812 1766 2894 Andreas,
1781 2813 2159 2901 Hunyariae
2180 2829 2330 2880 caet.
2345 2837 2459 2880 rex
2480 2814 2688 2896 (Inter
2707 2811 2974 2901 reyalis)
2997 2811 3207 2900 (supr.
3218 2837 3282 2877 n.
3298 2811 3462 2894 158)
3473 2837 3498 2889 ,-

1063 2921 1125 2987 2.
1200 2919 1440 3002 (1212)
1486 2921 1815 3003 Andreas,
1878 2920 2256 3008 Hunqariae
2301 2935 2447 2988 caet.
2496 2945 2609 2988 rex
2667 2920 3056 3008 (Amplioris
3111 2918 3496 3004 beneficium)

860 3026 1091 3113 (supra
1132 3051 1196 3091 n.
1230 3026 1432 3109 159);

1060 3134 1122 3200 3.
1194 3132 1436 3216 (1212)
1482 3135 1797 3215 Andreas,
1832 3134 2212 3221 Hunqariae
2240 3147 2391 3200 caet.
2423 3157 2556 3216 rea,
2593 3136 2791 3201 donat
2818 3134 3144 3219 cruciferis
3175 3135 3254 3200 de
3281 3134 3499 3200 Bozza

858 3241 937 3306 ab
982 3243 1142 3328 ipsis
1188 3254 1605 3308 constructum
1650 3255 1924 3308 castrum
1971 3239 2297 3328 Gruzpurq
2344 3263 2486 3307 cum
2530 3245 2742 3328 pratis
2787 3241 3215 3307 adiacentibus
3269 3237 3498 3328 (supra

854 3371 921 3412 n.
956 3345 1141 3429 160).

846 3469 915 3531 11,
955 3467 1055 3520 125
1066 3461 1116 3519 ν’.
1152 3467 1261 3519 eine
1298 3467 1419 3519 dato
1454 3483 1568 3519 cum
1604 3467 1849 3520 clausula:
1893 3469 2008 3534 „Ita
2041 3469 2292 3520 invenitur
2327 3467 2392 3519 de
2427 3469 2580 3522 verbo
2617 3469 2684 3520 ad
2720 3469 2926 3520 verbum
2969 3469 3024 3520 in
3057 3468 3274 3536 registro
3311 3467 3498 3520 domini

639 3557 873 3624 Gregorii
905 3573 1041 3624 pepe
1077 3573 1210 3608 anno
1234 3555 1282 3605 V
1318 3555 1537 3621 capitulo
1572 3556 1765 3608 LVIIII
1778 3558 1826 3608 “.
1888 3556 2084 3608 Eadem
2119 3556 2170 3606 in
2206 3555 2310 3608 fine
2353 3566 2620 3622 excerptae
2665 3557 3054 3610 confirmationis
3097 3557 3150 3607 in
3193 3565 3499 3609 munte

634 3645 1007 3712 Regimontano
1044 3645 1119 3716 ‹le-
1150 3641 1286 3694 1278
1322 3644 1433 3695 dec.
1458 3644 1543 3695 28.
1610 3645 1739 3696 Tota
1786 3643 2096 3697 confirmatio
2140 3645 2193 3695 in
2240 3644 2428 3696 archivi
2461 3645 2819 3712 Regimoutaui
2863 3645 3034 3696 codice
3071 3645 3138 3697 A.
3165 3645 3231 3696 18
3265 3645 3354 3697 flul.
3384 3645 3500 3696 135.

634 3733 769 3786 Edd.
806 3749 919 3786 cum
953 3733 1101 3785 dato:
1137 3731 1357 3784 Teutsch
1392 3740 1447 3784 et
1479 3732 1759 3784 Firnhaber
1792 3732 1828 3784 1.
1853 3749 1897 3784 c.
1923 3733 1995 3784 46
2029 3751 2080 3784 n.
2105 3733 2204 3794 44,
2249 3734 2336 3783 ubi
2381 3741 2552 3784 tamen
2593 3733 2658 3784 de
2692 3734 2858 3785 medio
2897 3733 3189 3784 confirmato
3227 3732 3500 3798 diplomate

636 3822 825 3885 siletur,
862 3831 915 3873 et
950 3821 1037 3888 qui
1070 3819 1141 3872 ibi
1176 3820 1390 3872 citantur
1426 3837 1477 3886 p.
1502 3819 1706 3871 XXXI:
1754 3819 1909 3886 Fejer
1943 3820 2036 3883 111,
2073 3820 2126 3882 2,
2161 3820 2284 3872 245.
2339 3819 2570 3873 Schuller
2604 3821 2790 3873 Archiv
2825 3822 2868 3883 Ι,
2905 3821 3026 3873 255.
3083 3821 3274 3888 Unger.
3299 3820 3499 3888 Magn.

634 3911 727 3975 IV,
763 3910 885 3962 218.
944 3909 1183 3963 Schlozer
1217 3907 1340 3960 326.

644 4077 816 4150 168.
857 4080 1037 4147 1232
1080 4103 1225 4166 auq.
1256 4079 1343 4146 31
1390 4079 1750 4165 Anaqniae.
1826 4077 2172 4164 Greyorius
2208 4101 2392 4166 papa
2423 4079 2532 4145 IX
2574 4079 2847 4162 (Dilecti
2877 4079 3042 4163 filia)
3089 4079 3344 4146 electum
3370 4079 3499 4144 Pe-

854 4189 1319 4266 nsm-inensem,
1368 4188 1751 4273 apostolicae
1794 4187 1960 4250 sedis
2008 4186 2296 4272 legatum,
2343 4186 2512 4252 iubet
2556 4185 2884 4252 Andream
2934 4184 3254 4272 Unqariae
3293 4207 3500 4272 reqsm

858 4305 917 4358 et
957 4293 1185 4358 Belam
1223 4293 1438 4376 filium
1482 4295 1614 4359 eius
1659 4294 1749 4359 ad
1790 4293 2240 4357 restituendum
2283 4293 2502 4357 domui
2543 4292 2874 4379 hospitalis
2919 4315 2970 4358 s.
3002 4293 3258 4358 Mariae
3295 4291 3498 4358 Theu-

855 4402 1204 4466 tonicorum
1249 4399 1529 4466 ablatam
1573 4412 1809 4465 terram
1852 4399 2268 4464 ecclesiastica
2313 4421 2576 4464 censura
2619 4420 2914 4464 coercere.

832 4500 911 4582 '11,
952 4519 1053 4571 128
1064 4537 1111 4572 v,
1149 4529 1203 4570 et
1245 4520 1297 4571 in
1345 4528 1651 4572 transsumto
1688 4519 1755 4570 de
1794 4517 1930 4570 1278
1968 4519 2077 4571 dec.
2103 4518 2174 4570 28
2219 4519 2271 4586 (,,
2285 4519 2414 4570 Item
2450 4518 2618 4570 littere
2655 4519 2928 4585 apostolice
2974 4519 3042 4570 ad
3079 4517 3292 4570 electum
3327 4518 3494 4569 Pene-

632 4607 931 4660 strineneem
967 4625 1049 4676 ap.
1076 4627 1117 4660 s.
1143 4607 1244 4676 leg.
1281 4625 1433 4674 super
1468 4617 1605 4659 terra
1640 4607 1708 4658 (le
1741 4606 1960 4674 Boma“)
2009 4607 2061 4657 in
2105 4607 2304 4659 archivo
2341 4607 2709 4673 Regimontano
2723 4645 2740 4669 ,
2785 4608 3049 4674 utrobique
3095 4623 3208 4658 cum
3249 4606 3495 4658 clausula

637 4696 755 4762 „Ite
799 4695 1048 4748 invenitur
1094 4697 1159 4747 de
1205 4696 1360 4748 verbo
1407 4695 1473 4747 ad
1518 4696 1725 4746 verbum
1774 4696 1825 4745 in
1872 4695 2088 4761 reg-istro
2134 4693 2322 4747 domini
2368 4695 2602 4761 Gregorii
2645 4712 2780 4763 pape
2804 4695 2956 4746 VIIII
3000 4711 3134 4746 anno
3163 4693 3238 4745 VI
3279 4694 3496 4761 capitulo

633 4783 1023 4835 CCLXXXXII.
1066 4783 1366 4836 Martinus&
1418 4782 1605 4835 Datum
1640 4785 1888 4849 praebent
1909 4784 2128 4836 Teutsch
2156 4792 2210 4834 et
2231 4783 2512 4835 Firnhaber
2537 4785 2599 4835 51
2641 4800 2692 4835 n.
2715 4783 2801 4845 LI,
2839 4783 2923 4850 qui
2959 4783 3116 4834 citant
3141 4781 3373 4834 Schuller
3395 4782 3493 4834 Ar-

631 4871 745 4924 chiv
778 4872 822 4935 Ι,
858 4872 979 4924 258.
1034 4872 1237 4925 Katona
1272 4871 1498 4924 Historia
1531 4888 1707 4939 regum
1742 4871 2038 4939 Hungariae
2061 4871 2126 4934 V,
2163 4871 2284 4924 604.
2337 4871 2556 4924 Bethlen
2591 4871 2655 4924 D.
2681 4871 2743 4924 Ο.
2783 4872 2902 4924 101.
2967 4871 3123 4938 Fejer
3157 4871 3252 4934 111,
3287 4870 3340 4934 2,
3377 4868 3497 4922 803.

630 4958 871 5012 Schlozer
906 4958 1028 5013 550.
