<?xml version="1.0" encoding="UTF-8"?>
<!DOCTYPE html PUBLIC "-//W3C//DTD XHTML 1.0 Transitional//EN"
    "http://www.w3.org/TR/xhtml1/DTD/xhtml1-transitional.dtd">
<html xmlns="http://www.w3.org/1999/xhtml" xml:lang="en" lang="en">
 <head>
  <title>
</title>
<meta http-equiv="Content-Type" content="text/html;charset=utf-8" />
  <meta name='ocr-system' content='tesseract 3.04.00' />
  <meta name='ocr-capabilities' content='ocr_page ocr_carea ocr_par ocr_line ocrx_word'/>
</head>
<body>
  <div class='ocr_page' id='page_1' title='image "./tabulaeordinist00stregoog_0299.png"; bbox 0 0 3892 5609; ppageno 0'>
   <div class='ocr_carea' id='block_1_1' title="bbox 1391 306 3223 379">
    <p class='ocr_par' dir='ltr' id='par_1_1' title="bbox 1391 306 3223 379">
     <span class='ocr_line' id='line_1_1' title="bbox 1391 306 3223 379; baseline 0.008 -14"><span class='ocrx_word' id='word_1_1' title='bbox 1391 315 1783 365; x_wconf 70' lang='lat' dir='ltr'><strong>1³1³me</strong></span> <span class='ocrx_word' id='word_1_2' title='bbox 1826 315 2216 367; x_wconf 64' lang='lat' dir='ltr'><strong>summu</strong></span> <span class='ocrx_word' id='word_1_3' title='bbox 3074 306 3169 379; x_wconf 90' lang='grc'><strong>28</strong></span> <span class='ocrx_word' id='word_1_4' title='bbox 3182 306 3223 378; x_wconf 88' lang='grc'><strong>3</strong></span> 
     </span>
    </p>
   </div>
   <div class='ocr_carea' id='block_1_2' title="bbox 367 470 3255 673">
    <p class='ocr_par' dir='ltr' id='par_1_2' title="bbox 367 470 3255 673">
     <span class='ocr_line' id='line_1_2' title="bbox 368 470 3255 565; baseline 0.001 -24"><span class='ocrx_word' id='word_1_5' title='bbox 368 474 684 545; x_wconf 78' lang='lat' dir='ltr'><strong>diocesani</strong></span> <span class='ocrx_word' id='word_1_6' title='bbox 709 473 987 562; x_wconf 80' lang='lat' dir='ltr'><strong>episcopi</strong></span> <span class='ocrx_word' id='word_1_7' title='bbox 1009 474 1339 542; x_wconf 84' lang='lat' dir='ltr'><strong>veritatem</strong></span> <span class='ocrx_word' id='word_1_8' title='bbox 1353 470 1392 539; x_wconf 86' lang='lat'><strong>¹.’</strong></span> <span class='ocrx_word' id='word_1_9' title='bbox 1415 474 1928 545; x_wconf 81' lang='lat' dir='ltr'><strong>continentibus¹²</strong></span> <span class='ocrx_word' id='word_1_10' title='bbox 1955 477 2295 564; x_wconf 86' lang='lat' dir='ltr'><strong>apostolico</strong></span> <span class='ocrx_word' id='word_1_11' title='bbox 2326 498 2397 545; x_wconf 87' lang='lat' dir='ltr'><strong>se</strong></span> <span class='ocrx_word' id='word_1_12' title='bbox 2424 478 2786 565; x_wconf 88' lang='lat' dir='ltr'><strong>conspectui</strong></span> <span class='ocrx_word' id='word_1_13' title='bbox 2816 482 3255 565; x_wconf 68' lang='lat' dir='ltr'><strong>representet·</strong></span> 
     </span>
     <span class='ocr_line' id='line_1_3' title="bbox 367 578 2855 673; baseline 0.001 -24"><span class='ocrx_word' id='word_1_14' title='bbox 367 580 608 649; x_wconf 87' lang='lat' dir='ltr'><strong>Datum</strong></span> <span class='ocrx_word' id='word_1_15' title='bbox 649 578 949 649; x_wconf 77' lang='lat' dir='ltr'><strong>Laterani</strong></span> <span class='ocrx_word' id='word_1_16' title='bbox 995 583 1152 649; x_wconf 82' lang='lat' dir='ltr'><strong>xviii</strong></span> <span class='ocrx_word' id='word_1_17' title='bbox 1193 582 1322 651; x_wconf 87' lang='lat' dir='ltr'><strong>kal.</strong></span> <span class='ocrx_word' id='word_1_18' title='bbox 1369 584 1672 653; x_wconf 87' lang='lat' dir='ltr'><strong>februarii</strong></span> <span class='ocrx_word' id='word_1_19' title='bbox 1714 585 2115 673; x_wconf 85' lang='lat' dir='ltr'><strong>pontificatus</strong></span> <span class='ocrx_word' id='word_1_20' title='bbox 2162 586 2362 653; x_wconf 81' lang='lat' dir='ltr'><strong>nostri</strong></span> <span class='ocrx_word' id='word_1_21' title='bbox 2408 606 2571 653; x_wconf 90' lang='lat' dir='ltr'><strong>anno</strong></span> <span class='ocrx_word' id='word_1_22' title='bbox 2618 586 2855 671; x_wconf 90' lang='lat' dir='ltr'><strong>quinto.</strong></span> 
     </span>
    </p>
   </div>
   <div class='ocr_carea' id='block_1_3' title="bbox 365 704 3229 955">
    <p class='ocr_par' dir='ltr' id='par_1_3' title="bbox 365 704 3229 955">
     <span class='ocr_line' id='line_1_4' title="bbox 582 704 3229 771; baseline 0.001 -14"><span class='ocrx_word' id='word_1_23' title='bbox 582 704 705 757; x_wconf 84' lang='lat' dir='ltr'><strong>Sine</strong></span> <span class='ocrx_word' id='word_1_24' title='bbox 752 706 899 757; x_wconf 82' lang='lat' dir='ltr'><strong>dato:</strong></span> <span class='ocrx_word' id='word_1_25' title='bbox 943 706 1020 769; x_wconf 90' lang='lat'><strong>11,</strong></span> <span class='ocrx_word' id='word_1_26' title='bbox 1055 706 1125 759; x_wconf 81' lang='lat'><strong>99</strong></span> <span class='ocrx_word' id='word_1_27' title='bbox 1159 725 1210 759; x_wconf 87' lang='lat' dir='ltr'><strong>n.</strong></span> <span class='ocrx_word' id='word_1_28' title='bbox 1235 706 1337 771; x_wconf 70' lang='lat'><strong>335</strong></span> <span class='ocrx_word' id='word_1_29' title='bbox 1382 708 1446 760; x_wconf 76' lang='lat' dir='ltr'><strong>A.</strong></span> <span class='ocrx_word' id='word_1_30' title='bbox 1471 707 1542 760; x_wconf 89' lang='grc'><strong>20</strong></span> <span class='ocrx_word' id='word_1_31' title='bbox 1577 727 1628 761; x_wconf 90' lang='lat' dir='ltr'><strong>n.</strong></span> <span class='ocrx_word' id='word_1_32' title='bbox 1653 710 1722 762; x_wconf 83' lang='lat'><strong>33</strong></span> <span class='ocrx_word' id='word_1_33' title='bbox 1759 709 1938 761; x_wconf 88' lang='lat' dir='ltr'><strong>Latine</strong></span> <span class='ocrx_word' id='word_1_34' title='bbox 1984 718 2037 761; x_wconf 87' lang='lat' dir='ltr'><strong>et</strong></span> <span class='ocrx_word' id='word_1_35' title='bbox 2072 710 2395 770; x_wconf 77' lang='lat' dir='ltr'><strong>Germanice3</strong></span> <span class='ocrx_word' id='word_1_36' title='bbox 2440 709 2505 761; x_wconf 89' lang='lat' dir='ltr'><strong>D.</strong></span> <span class='ocrx_word' id='word_1_37' title='bbox 2531 709 2600 761; x_wconf 83' lang='grc'><strong>32</strong></span> <span class='ocrx_word' id='word_1_38' title='bbox 2638 708 2951 761; x_wconf 75' lang='lat' dir='ltr'><strong>Germanice.</strong></span> <span class='ocrx_word' id='word_1_39' title='bbox 2992 738 3055 747; x_wconf 92' lang='lat'><strong>—</strong></span> <span class='ocrx_word' id='word_1_40' title='bbox 3106 708 3229 760; x_wconf 80' lang='lat' dir='ltr'><strong>Oum</strong></span> 
     </span>
     <span class='ocr_line' id='line_1_5' title="bbox 367 793 3227 865; baseline 0 -18"><span class='ocrx_word' id='word_1_41' title='bbox 367 794 518 847; x_wconf 67' lang='lat' dir='ltr'><strong>datae</strong></span> <span class='ocrx_word' id='word_1_42' title='bbox 554 793 618 845; x_wconf 78' lang='lat' dir='ltr'><strong>A.</strong></span> <span class='ocrx_word' id='word_1_43' title='bbox 644 794 707 845; x_wconf 83' lang='lat'><strong>16</strong></span> <span class='ocrx_word' id='word_1_44' title='bbox 743 812 795 861; x_wconf 86' lang='lat' dir='ltr'><strong>p.</strong></span> <span class='ocrx_word' id='word_1_45' title='bbox 815 794 884 847; x_wconf 84' lang='lat'><strong>38</strong></span> <span class='ocrx_word' id='word_1_46' title='bbox 907 812 983 863; x_wconf 82' lang='lat' dir='ltr'><strong>sq.</strong></span> <span class='ocrx_word' id='word_1_47' title='bbox 1013 795 1262 861; x_wconf 78' lang='lat' dir='ltr'><strong>„Bamli“.</strong></span> <span class='ocrx_word' id='word_1_48' title='bbox 1435 798 1480 848; x_wconf 90' lang='lat'><strong>1.</strong></span> <span class='ocrx_word' id='word_1_49' title='bbox 1525 808 1820 865; x_wconf 77' lang='lat' dir='ltr'><strong>presumant</strong></span> <span class='ocrx_word' id='word_1_50' title='bbox 1843 798 1906 851; x_wconf 81' lang='lat' dir='ltr'><strong>A.</strong></span> <span class='ocrx_word' id='word_1_51' title='bbox 1930 798 2012 851; x_wconf 85' lang='lat'><strong>16.</strong></span> <span class='ocrx_word' id='word_1_52' title='bbox 2179 798 2228 849; x_wconf 82' lang='lat'><strong>2.</strong></span> <span class='ocrx_word' id='word_1_53' title='bbox 2266 807 2320 850; x_wconf 87' lang='lat' dir='ltr'><strong>et</strong></span> <span class='ocrx_word' id='word_1_54' title='bbox 2352 798 2417 850; x_wconf 88' lang='grc' dir='ltr'><strong>Π.</strong></span> <span class='ocrx_word' id='word_1_55' title='bbox 2594 798 2645 849; x_wconf 79' lang='grc'><strong>3.</strong></span> <span class='ocrx_word' id='word_1_56' title='bbox 2684 797 2915 849; x_wconf 85' lang='lat' dir='ltr'><strong>duxerint</strong></span> <span class='ocrx_word' id='word_1_57' title='bbox 2948 798 3015 859; x_wconf 93' lang='lat'><strong>11,</strong></span> <span class='ocrx_word' id='word_1_58' title='bbox 3052 797 3117 849; x_wconf 84' lang='lat' dir='ltr'><strong>A.</strong></span> <span class='ocrx_word' id='word_1_59' title='bbox 3142 797 3227 849; x_wconf 92' lang='grc'><strong>20.</strong></span> 
     </span>
     <span class='ocr_line' id='line_1_6' title="bbox 365 881 3224 955; baseline 0.001 -22"><span class='ocrx_word' id='word_1_60' title='bbox 365 882 419 934; x_wconf 80' lang='lat'><strong>4.</strong></span> <span class='ocrx_word' id='word_1_61' title='bbox 454 899 552 934; x_wconf 85' lang='lat' dir='ltr'><strong>nec</strong></span> <span class='ocrx_word' id='word_1_62' title='bbox 587 883 652 935; x_wconf 80' lang='lat' dir='ltr'><strong>A.</strong></span> <span class='ocrx_word' id='word_1_63' title='bbox 682 883 762 936; x_wconf 97' lang='grc'><strong>16.</strong></span> <span class='ocrx_word' id='word_1_64' title='bbox 903 884 954 936; x_wconf 81' lang='grc'><strong>5.</strong></span> <span class='ocrx_word' id='word_1_65' title='bbox 991 884 1275 937; x_wconf 81' lang='lat' dir='ltr'><strong>nullatenus</strong></span> <span class='ocrx_word' id='word_1_66' title='bbox 1311 884 1376 937; x_wconf 79' lang='lat' dir='ltr'><strong>A.</strong></span> <span class='ocrx_word' id='word_1_67' title='bbox 1400 885 1482 949; x_wconf 87' lang='grc'><strong>16,</strong></span> <span class='ocrx_word' id='word_1_68' title='bbox 1507 881 1570 939; x_wconf 67' lang='grc' dir='ltr'><strong>Ἀ.</strong></span> <span class='ocrx_word' id='word_1_69' title='bbox 1597 886 1682 940; x_wconf 91' lang='grc'><strong>20.</strong></span> <span class='ocrx_word' id='word_1_70' title='bbox 1823 886 1873 939; x_wconf 89' lang='grc'><strong>6.</strong></span> <span class='ocrx_word' id='word_1_71' title='bbox 1913 887 2185 955; x_wconf 75' lang='lat' dir='ltr'><strong>quamlibet</strong></span> <span class='ocrx_word' id='word_1_72' title='bbox 2206 887 2273 939; x_wconf 85' lang='lat'><strong>11.</strong></span> <span class='ocrx_word' id='word_1_73' title='bbox 2418 886 2467 939; x_wconf 82' lang='grc'><strong>7.</strong></span> <span class='ocrx_word' id='word_1_74' title='bbox 2504 904 2621 938; x_wconf 83' lang='lat' dir='ltr'><strong>vero</strong></span> <span class='ocrx_word' id='word_1_75' title='bbox 2647 886 2711 938; x_wconf 80' lang='lat' dir='ltr'><strong>A.</strong></span> <span class='ocrx_word' id='word_1_76' title='bbox 2735 886 2817 938; x_wconf 88' lang='grc'><strong>16.</strong></span> <span class='ocrx_word' id='word_1_77' title='bbox 2958 886 3009 938; x_wconf 92' lang='grc'><strong>8.</strong></span> <span class='ocrx_word' id='word_1_78' title='bbox 3046 894 3224 953; x_wconf 87' lang='lat' dir='ltr'><strong>quate·-</strong></span> 
     </span>
    </p>
   </div>
   <div class='ocr_carea' id='block_1_4' title="bbox 365 962 3227 1117">
    <p class='ocr_par' dir='ltr' id='par_1_4' title="bbox 365 962 3227 1117">
     <span class='ocr_line' id='line_1_7' title="bbox 365 962 3227 1047; baseline 0.001 -24"><span class='ocrx_word' id='word_1_79' title='bbox 365 989 462 1023; x_wconf 84' lang='lat' dir='ltr'><strong>nus</strong></span> <span class='ocrx_word' id='word_1_80' title='bbox 500 971 546 1023; x_wconf 89' lang='lat' dir='ltr'><strong>si</strong></span> <span class='ocrx_word' id='word_1_81' title='bbox 581 972 690 1039; x_wconf 86' lang='lat' dir='ltr'><strong>quis</strong></span> <span class='ocrx_word' id='word_1_82' title='bbox 723 972 790 1035; x_wconf 90' lang='lat'><strong>11,</strong></span> <span class='ocrx_word' id='word_1_83' title='bbox 829 974 890 1023; x_wconf 86' lang='lat' dir='ltr'><strong>si¹</strong></span> <span class='ocrx_word' id='word_1_84' title='bbox 909 974 1020 1039; x_wconf 79' lang='lat' dir='ltr'><strong>quis</strong></span> <span class='ocrx_word' id='word_1_85' title='bbox 1057 974 1202 1027; x_wconf 85' lang='lat' dir='ltr'><strong>deest</strong></span> <span class='ocrx_word' id='word_1_86' title='bbox 1235 975 1300 1026; x_wconf 80' lang='lat' dir='ltr'><strong>A.</strong></span> <span class='ocrx_word' id='word_1_87' title='bbox 1332 974 1413 1027; x_wconf 88' lang='grc'><strong>16.</strong></span> <span class='ocrx_word' id='word_1_88' title='bbox 1567 976 1617 1028; x_wconf 88' lang='grc'><strong>9.</strong></span> <span class='ocrx_word' id='word_1_89' title='bbox 1667 976 1963 1029; x_wconf 79' lang='lat' dir='ltr'><strong>iniacientes</strong></span> <span class='ocrx_word' id='word_1_90' title='bbox 1997 977 2063 1028; x_wconf 80' lang='lat' dir='ltr'><strong>A.</strong></span> <span class='ocrx_word' id='word_1_91' title='bbox 2093 976 2186 1038; x_wconf 91' lang='grc'><strong>16,</strong></span> <span class='ocrx_word' id='word_1_92' title='bbox 2222 976 2484 1047; x_wconf 75' lang='lat' dir='ltr'><strong>iniecerint</strong></span> <span class='ocrx_word' id='word_1_93' title='bbox 2518 993 2632 1027; x_wconf 88' lang='lat' dir='ltr'><strong>eum</strong></span> <span class='ocrx_word' id='word_1_94' title='bbox 2667 975 2732 1027; x_wconf 90' lang='lat'><strong>11.</strong></span> <span class='ocrx_word' id='word_1_95' title='bbox 2907 974 2994 1031; x_wconf 89' lang='grc'><strong>10.</strong></span> <span class='ocrx_word' id='word_1_96' title='bbox 3038 962 3227 1027; x_wconf 64' lang='lat' dir='ltr'><strong>ettam</strong></span> 
     </span>
     <span class='ocr_line' id='line_1_8' title="bbox 367 1058 1516 1117; baseline 0.005 -6"><span class='ocrx_word' id='word_1_97' title='bbox 367 1058 455 1111; x_wconf 86' lang='lat' dir='ltr'><strong>diu</strong></span> <span class='ocrx_word' id='word_1_98' title='bbox 491 1060 556 1112; x_wconf 79' lang='lat' dir='ltr'><strong>A.</strong></span> <span class='ocrx_word' id='word_1_99' title='bbox 588 1060 668 1113; x_wconf 87' lang='grc'><strong>16.</strong></span> <span class='ocrx_word' id='word_1_100' title='bbox 814 1063 894 1114; x_wconf 95' lang='grc'><strong>11.</strong></span> <span class='ocrx_word' id='word_1_101' title='bbox 931 1062 997 1115; x_wconf 90' lang='lat'><strong>11.</strong></span> <span class='ocrx_word' id='word_1_102' title='bbox 1144 1062 1225 1115; x_wconf 84' lang='grc'><strong>12.</strong></span> <span class='ocrx_word' id='word_1_103' title='bbox 1270 1063 1417 1117; x_wconf 85' lang='lat' dir='ltr'><strong>deest</strong></span> <span class='ocrx_word' id='word_1_104' title='bbox 1449 1064 1516 1117; x_wconf 91' lang='lat'><strong>11.</strong></span> 
     </span>
    </p>
   </div>
   <div class='ocr_carea' id='block_1_5' title="bbox 355 1273 3239 1620">
    <p class='ocr_par' dir='ltr' id='par_1_5' title="bbox 355 1273 3239 1620">
     <span class='ocr_line' id='line_1_9' title="bbox 371 1273 3239 1403; baseline 0.001 -22"><span class='ocrx_word' id='word_1_105' title='bbox 371 1310 467 1383; x_wconf 86' lang='lat'><strong>31</strong></span> <span class='ocrx_word' id='word_1_106' title='bbox 485 1311 552 1383; x_wconf 89' lang='lat'><strong>1.</strong></span> <span class='ocrx_word' id='word_1_107' title='bbox 593 1314 765 1381; x_wconf 81' lang='lat'><strong><em>1221</em></strong></span> <span class='ocrx_word' id='word_1_108' title='bbox 811 1318 1116 1381; x_wconf 45' lang='lat' dir='ltr'><strong>ianuarii*</strong></span> <span class='ocrx_word' id='word_1_109' title='bbox 1137 1316 1226 1383; x_wconf 88' lang='lat'><strong>15</strong></span> <span class='ocrx_word' id='word_1_110' title='bbox 1269 1273 1580 1383; x_wconf 54' lang='lat' dir='ltr'><strong>Laterani</strong></span> <span class='ocrx_word' id='word_1_111' title='bbox 1621 1316 1748 1403; x_wconf 64' lang='lat' dir='ltr'><strong>(ff.</strong></span> <span class='ocrx_word' id='word_1_112' title='bbox 1791 1318 1971 1385; x_wconf 83' lang='lat'><em>1225</em></span> <span class='ocrx_word' id='word_1_113' title='bbox 2023 1320 2185 1383; x_wconf 67' lang='lat' dir='ltr'><strong>maa·</strong></span> <span class='ocrx_word' id='word_1_114' title='bbox 2218 1317 2304 1383; x_wconf 87' lang='lat'><strong>31</strong></span> <span class='ocrx_word' id='word_1_115' title='bbox 2360 1316 2672 1403; x_wconf 70' lang='lat' dir='ltr'><strong>Tyhure).</strong></span> <span class='ocrx_word' id='word_1_116' title='bbox 2748 1317 3074 1385; x_wconf 69' lang='lat' dir='ltr'><strong>Honorius</strong></span> <span class='ocrx_word' id='word_1_117' title='bbox 3114 1316 3239 1384; x_wconf 83' lang='lat' dir='ltr'><strong>III</strong></span> 
     </span>
     <span class='ocr_line' id='line_1_10' title="bbox 355 1424 3230 1513; baseline 0.001 -26"><span class='ocrx_word' id='word_1_118' title='bbox 355 1452 363 1461; x_wconf 93' lang='lat'><strong>·</strong></span> <span class='ocrx_word' id='word_1_119' title='bbox 592 1424 870 1489; x_wconf 74' lang='lat' dir='ltr'><strong>concedit</strong></span> <span class='ocrx_word' id='word_1_120' title='bbox 913 1425 1128 1489; x_wconf 77' lang='lat' dir='ltr'><strong>ordini</strong></span> <span class='ocrx_word' id='word_1_121' title='bbox 1176 1424 1552 1491; x_wconf 69' lang='lat' dir='ltr'><strong>Theutonico</strong></span> <span class='ocrx_word' id='word_1_122' title='bbox 1565 1472 1585 1505; x_wconf 93' lang='lat'>‚</span> <span class='ocrx_word' id='word_1_123' title='bbox 1635 1427 1834 1511; x_wconf 81' lang='lat' dir='ltr'><strong>quod,</strong></span> <span class='ocrx_word' id='word_1_124' title='bbox 1882 1429 1942 1491; x_wconf 79' lang='lat' dir='ltr'><strong>si</strong></span> <span class='ocrx_word' id='word_1_125' title='bbox 1985 1438 2203 1491; x_wconf 77' lang='lat' dir='ltr'><strong>contra</strong></span> <span class='ocrx_word' id='word_1_126' title='bbox 2242 1426 2583 1513; x_wconf 72' lang='lat' dir='ltr'><strong>privileqia</strong></span> <span class='ocrx_word' id='word_1_127' title='bbox 2628 1428 2759 1493; x_wconf 73' lang='lat' dir='ltr'><strong>eius</strong></span> <span class='ocrx_word' id='word_1_128' title='bbox 2804 1426 2962 1513; x_wconf 77' lang='lat' dir='ltr'><strong>quid</strong></span> <span class='ocrx_word' id='word_1_129' title='bbox 3004 1449 3047 1490; x_wconf 86' lang='lat' dir='ltr'><strong>a</strong></span> <span class='ocrx_word' id='word_1_130' title='bbox 3088 1426 3230 1491; x_wconf 73' lang='lat' dir='ltr'><strong>sede</strong></span> 
     </span>
     <span class='ocr_line' id='line_1_11' title="bbox 592 1530 2483 1620; baseline 0.003 -27"><span class='ocrx_word' id='word_1_131' title='bbox 592 1530 937 1616; x_wconf 77' lang='lat' dir='ltr'><strong>apostolica</strong></span> <span class='ocrx_word' id='word_1_132' title='bbox 960 1531 1173 1616; x_wconf 58' lang='lat' dir='ltr'><strong>fuerit</strong></span> <span class='ocrx_word' id='word_1_133' title='bbox 1216 1534 1546 1613; x_wconf 76' lang='lat' dir='ltr'><strong>decretum,</strong></span> <span class='ocrx_word' id='word_1_134' title='bbox 1595 1556 1725 1599; x_wconf 75' lang='lat' dir='ltr'><strong>non</strong></span> <span class='ocrx_word' id='word_1_135' title='bbox 1770 1545 2050 1599; x_wconf 73' lang='lat' dir='ltr'><strong>teneatur</strong></span> <span class='ocrx_word' id='word_1_136' title='bbox 2090 1534 2483 1620; x_wconf 78' lang='lat' dir='ltr'><strong>respondere.</strong></span> 
     </span>
    </p>
   </div>
   <div class='ocr_carea' id='block_1_6' title="bbox 329 1668 3265 3477">
    <p class='ocr_par' dir='ltr' id='par_1_6' title="bbox 329 1668 3265 3477">
     <span class='ocr_line' id='line_1_12' title="bbox 592 1668 3229 1760; baseline 0.001 -23"><span class='ocrx_word' id='word_1_137' title='bbox 592 1668 907 1737; x_wconf 89' lang='lat' dir='ltr'><strong>Honorius</strong></span> <span class='ocrx_word' id='word_1_138' title='bbox 967 1674 1298 1760; x_wconf 87' lang='lat' dir='ltr'><strong>episeopus</strong></span> <span class='ocrx_word' id='word_1_139' title='bbox 1355 1694 1572 1741; x_wconf 84' lang='lat' dir='ltr'><strong>servus</strong></span> <span class='ocrx_word' id='word_1_140' title='bbox 1617 1694 1949 1745; x_wconf 87' lang='lat' dir='ltr'><strong>servorum</strong></span> <span class='ocrx_word' id='word_1_141' title='bbox 1998 1672 2101 1740; x_wconf 91' lang='lat' dir='ltr'><strong>dei</strong></span> <span class='ocrx_word' id='word_1_142' title='bbox 2144 1673 2390 1741; x_wconf 87' lang='lat' dir='ltr'><strong>dilectis</strong></span> <span class='ocrx_word' id='word_1_143' title='bbox 2442 1672 2591 1741; x_wconf 88' lang='lat' dir='ltr'><strong>filiis</strong></span> <span class='ocrx_word' id='word_1_144' title='bbox 2634 1674 2941 1757; x_wconf 87' lang='lat' dir='ltr'><strong>magistro</strong></span> <span class='ocrx_word' id='word_1_145' title='bbox 2997 1678 3059 1740; x_wconf 91' lang='lat' dir='ltr'><strong>et</strong></span> <span class='ocrx_word' id='word_1_146' title='bbox 3102 1673 3229 1739; x_wconf 80' lang='lat' dir='ltr'><strong>fra-</strong></span> 
     </span>
     <span class='ocr_line' id='line_1_13' title="bbox 365 1777 3229 1866; baseline 0 -21"><span class='ocrx_word' id='word_1_147' title='bbox 365 1778 571 1845; x_wconf 86' lang='lat' dir='ltr'><strong>tribus</strong></span> <span class='ocrx_word' id='word_1_148' title='bbox 616 1777 946 1865; x_wconf 86' lang='lat' dir='ltr'><strong>hospitalis</strong></span> <span class='ocrx_word' id='word_1_149' title='bbox 991 1787 1204 1849; x_wconf 84' lang='lat' dir='ltr'><strong>sancte</strong></span> <span class='ocrx_word' id='word_1_150' title='bbox 1246 1780 1446 1849; x_wconf 82' lang='lat' dir='ltr'><strong>Marie</strong></span> <span class='ocrx_word' id='word_1_151' title='bbox 1477 1781 1999 1847; x_wconf 88' lang='lat' dir='ltr'><strong>Theotonicorum</strong></span> <span class='ocrx_word' id='word_1_152' title='bbox 2029 1782 2513 1849; x_wconf 87' lang='lat' dir='ltr'><strong>lerosolimitani</strong></span> <span class='ocrx_word' id='word_1_153' title='bbox 2558 1782 2825 1849; x_wconf 86' lang='lat' dir='ltr'><strong>salutem</strong></span> <span class='ocrx_word' id='word_1_154' title='bbox 2870 1784 2933 1846; x_wconf 89' lang='lat' dir='ltr'><strong>et</strong></span> <span class='ocrx_word' id='word_1_155' title='bbox 2978 1784 3229 1866; x_wconf 84' lang='lat' dir='ltr'><strong>aposto-</strong></span> 
     </span>
     <span class='ocr_line' id='line_1_14' title="bbox 363 1885 3229 1975; baseline 0 -24"><span class='ocrx_word' id='word_1_156' title='bbox 363 1885 555 1952; x_wconf 89' lang='lat' dir='ltr'><strong>licam</strong></span> <span class='ocrx_word' id='word_1_157' title='bbox 600 1885 1116 1955; x_wconf 81' lang='lat' dir='ltr'><strong>benedictionem.</strong></span> <span class='ocrx_word' id='word_1_158' title='bbox 1353 1888 1512 1955; x_wconf 87' lang='lat' dir='ltr'><strong>Cum</strong></span> <span class='ocrx_word' id='word_1_159' title='bbox 1557 1908 1667 1955; x_wconf 87' lang='lat' dir='ltr'><strong>vos</strong></span> <span class='ocrx_word' id='word_1_160' title='bbox 1728 1894 2034 1974; x_wconf 81' lang='lat' dir='ltr'><strong>tanquam</strong></span> <span class='ocrx_word' id='word_1_161' title='bbox 2078 1889 2383 1975; x_wconf 77' lang='lat' dir='ltr'><strong>speciales</strong></span> <span class='ocrx_word' id='word_1_162' title='bbox 2442 1888 2701 1955; x_wconf 88' lang='lat' dir='ltr'><strong>ecclesie</strong></span> <span class='ocrx_word' id='word_1_163' title='bbox 2742 1887 3025 1954; x_wconf 80' lang='lat' dir='ltr'><strong>Romane</strong></span> <span class='ocrx_word' id='word_1_164' title='bbox 3064 1885 3229 1952; x_wconf 89' lang='lat' dir='ltr'><strong>filios</strong></span> 
     </span>
     <span class='ocr_line' id='line_1_15' title="bbox 367 1992 3229 2081; baseline 0 -22"><span class='ocrx_word' id='word_1_165' title='bbox 367 1992 691 2077; x_wconf 87' lang='lat' dir='ltr'><strong>religionis</strong></span> <span class='ocrx_word' id='word_1_166' title='bbox 746 1994 982 2061; x_wconf 89' lang='lat' dir='ltr'><strong>intuitu</strong></span> <span class='ocrx_word' id='word_1_167' title='bbox 1025 2000 1089 2061; x_wconf 89' lang='lat' dir='ltr'><strong>et</strong></span> <span class='ocrx_word' id='word_1_168' title='bbox 1132 1996 1632 2063; x_wconf 81' lang='lat' dir='ltr'><strong>consideratione</strong></span> <span class='ocrx_word' id='word_1_169' title='bbox 1677 1995 1980 2081; x_wconf 71' lang='lat' dir='ltr'><strong>obsequii,</strong></span> <span class='ocrx_word' id='word_1_170' title='bbox 2030 1995 2194 2081; x_wconf 89' lang='lat' dir='ltr'><strong>quod</strong></span> <span class='ocrx_word' id='word_1_171' title='bbox 2238 1996 2308 2063; x_wconf 90' lang='lat' dir='ltr'><strong>in</strong></span> <span class='ocrx_word' id='word_1_172' title='bbox 2352 1995 2783 2063; x_wconf 81' lang='lat' dir='ltr'><strong>ultramarinis</strong></span> <span class='ocrx_word' id='word_1_173' title='bbox 2829 1993 3115 2081; x_wconf 87' lang='lat' dir='ltr'><strong>partibus</strong></span> <span class='ocrx_word' id='word_1_174' title='bbox 3162 1994 3229 2059; x_wconf 88' lang='lat' dir='ltr'><strong>in</strong></span> 
     </span>
     <span class='ocr_line' id='line_1_16' title="bbox 370 2100 3229 2190; baseline 0.001 -25"><span class='ocrx_word' id='word_1_175' title='bbox 370 2100 732 2167; x_wconf 80' lang='lat' dir='ltr'><strong>defensione</strong></span> <span class='ocrx_word' id='word_1_176' title='bbox 775 2103 1048 2169; x_wconf 86' lang='lat' dir='ltr'><strong>nominis</strong></span> <span class='ocrx_word' id='word_1_177' title='bbox 1095 2102 1422 2170; x_wconf 88' lang='lat' dir='ltr'><strong>christiani</strong></span> <span class='ocrx_word' id='word_1_178' title='bbox 1464 2104 1578 2170; x_wconf 92' lang='lat' dir='ltr'><strong>deo</strong></span> <span class='ocrx_word' id='word_1_179' title='bbox 1621 2104 1934 2171; x_wconf 82' lang='lat' dir='ltr'><strong>ferventer</strong></span> <span class='ocrx_word' id='word_1_180' title='bbox 1965 2102 2349 2190; x_wconf 85' lang='lat' dir='ltr'><strong>impenditis,</strong></span> <span class='ocrx_word' id='word_1_181' title='bbox 2396 2122 2644 2187; x_wconf 87' lang='lat' dir='ltr'><strong>semper</strong></span> <span class='ocrx_word' id='word_1_182' title='bbox 2675 2100 3021 2187; x_wconf 86' lang='lat' dir='ltr'><strong>apostolica</strong></span> <span class='ocrx_word' id='word_1_183' title='bbox 3049 2100 3229 2167; x_wconf 89' lang='lat' dir='ltr'><strong>sedes</strong></span> 
     </span>
     <span class='ocr_line' id='line_1_17' title="bbox 369 2208 3231 2302; baseline 0.001 -30"><span class='ocrx_word' id='word_1_184' title='bbox 369 2208 616 2273; x_wconf 87' lang='lat' dir='ltr'><strong>sincera</strong></span> <span class='ocrx_word' id='word_1_185' title='bbox 659 2208 922 2302; x_wconf 80' lang='lat' dir='ltr'><strong>caritate</strong></span> <span class='ocrx_word' id='word_1_186' title='bbox 966 2208 1260 2277; x_wconf 86' lang='lat' dir='ltr'><strong>dilexerit</strong></span> <span class='ocrx_word' id='word_1_187' title='bbox 1302 2216 1366 2278; x_wconf 91' lang='lat' dir='ltr'><strong>et</strong></span> <span class='ocrx_word' id='word_1_188' title='bbox 1395 2210 1694 2298; x_wconf 86' lang='lat' dir='ltr'><strong>specialia</strong></span> <span class='ocrx_word' id='word_1_189' title='bbox 1724 2211 2039 2277; x_wconf 83' lang='lat' dir='ltr'><strong>curaverit</strong></span> <span class='ocrx_word' id='word_1_190' title='bbox 2068 2210 2400 2297; x_wconf 84' lang='lat' dir='ltr'><strong>privilegia</strong></span> <span class='ocrx_word' id='word_1_191' title='bbox 2443 2210 2801 2293; x_wconf 83' lang='lat' dir='ltr'><strong>indulgere;</strong></span> <span class='ocrx_word' id='word_1_192' title='bbox 2849 2214 3065 2275; x_wconf 88' lang='lat' dir='ltr'><strong>nostro</strong></span> <span class='ocrx_word' id='word_1_193' title='bbox 3111 2210 3231 2274; x_wconf 90' lang='lat' dir='ltr'><strong>im-</strong></span> 
     </span>
     <span class='ocr_line' id='line_1_18' title="bbox 367 2314 3229 2405; baseline 0 -24"><span class='ocrx_word' id='word_1_194' title='bbox 367 2314 571 2381; x_wconf 86' lang='lat' dir='ltr'><strong>minet</strong></span> <span class='ocrx_word' id='word_1_195' title='bbox 613 2314 815 2382; x_wconf 85' lang='lat' dir='ltr'><strong>officio</strong></span> <span class='ocrx_word' id='word_1_196' title='bbox 861 2316 1338 2403; x_wconf 79' lang='lat' dir='ltr'><strong>providendum,</strong></span> <span class='ocrx_word' id='word_1_197' title='bbox 1385 2323 1473 2401; x_wconf 84' lang='lat' dir='ltr'><strong>ut,</strong></span> <span class='ocrx_word' id='word_1_198' title='bbox 1521 2319 1576 2384; x_wconf 88' lang='lat' dir='ltr'><strong>si</strong></span> <span class='ocrx_word' id='word_1_199' title='bbox 1621 2337 1735 2405; x_wconf 88' lang='lat' dir='ltr'><strong>per</strong></span> <span class='ocrx_word' id='word_1_200' title='bbox 1763 2316 1991 2384; x_wconf 86' lang='lat' dir='ltr'><strong>falsam</strong></span> <span class='ocrx_word' id='word_1_201' title='bbox 2020 2318 2483 2402; x_wconf 85' lang='lat' dir='ltr'><strong>suggestionem</strong></span> <span class='ocrx_word' id='word_1_202' title='bbox 2517 2323 2627 2383; x_wconf 86' lang='lat' dir='ltr'><strong>aut</strong></span> <span class='ocrx_word' id='word_1_203' title='bbox 2653 2316 2903 2383; x_wconf 89' lang='lat' dir='ltr'><strong>tacendi</strong></span> <span class='ocrx_word' id='word_1_204' title='bbox 2941 2316 3229 2382; x_wconf 86' lang='lat' dir='ltr'><strong>fraudem</strong></span> 
     </span>
     <span class='ocr_line' id='line_1_19' title="bbox 367 2422 3231 2512; baseline 0 -24"><span class='ocrx_word' id='word_1_205' title='bbox 367 2422 580 2489; x_wconf 89' lang='lat' dir='ltr'><strong>littere</strong></span> <span class='ocrx_word' id='word_1_206' title='bbox 621 2442 662 2489; x_wconf 86' lang='lat' dir='ltr'><strong>a</strong></span> <span class='ocrx_word' id='word_1_207' title='bbox 689 2422 869 2491; x_wconf 88' lang='lat' dir='ltr'><strong>nobis</strong></span> <span class='ocrx_word' id='word_1_208' title='bbox 913 2430 1134 2491; x_wconf 87' lang='lat' dir='ltr'><strong>contra</strong></span> <span class='ocrx_word' id='word_1_209' title='bbox 1175 2426 1318 2512; x_wconf 87' lang='lat' dir='ltr'><strong>ipsa</strong></span> <span class='ocrx_word' id='word_1_210' title='bbox 1349 2424 1680 2512; x_wconf 83' lang='lat' dir='ltr'><strong>privilegia</strong></span> <span class='ocrx_word' id='word_1_211' title='bbox 1725 2425 2176 2509; x_wconf 84' lang='lat' dir='ltr'><strong>emanaverint,</strong></span> <span class='ocrx_word' id='word_1_212' title='bbox 2222 2424 2469 2492; x_wconf 88' lang='lat' dir='ltr'><strong>nullum</strong></span> <span class='ocrx_word' id='word_1_213' title='bbox 2502 2443 2581 2492; x_wconf 85' lang='lat' dir='ltr'><strong>ex</strong></span> <span class='ocrx_word' id='word_1_214' title='bbox 2610 2424 2702 2491; x_wconf 88' lang='lat' dir='ltr'><strong>eis</strong></span> <span class='ocrx_word' id='word_1_215' title='bbox 2730 2423 2989 2491; x_wconf 87' lang='lat' dir='ltr'><strong>libertas</strong></span> <span class='ocrx_word' id='word_1_216' title='bbox 3020 2428 3231 2491; x_wconf 82' lang='lat' dir='ltr'><strong>vestra</strong></span> 
     </span>
     <span class='ocr_line' id='line_1_20' title="bbox 371 2530 3229 2620; baseline 0 -23"><span class='ocrx_word' id='word_1_217' title='bbox 371 2530 681 2597; x_wconf 85' lang='lat' dir='ltr'><strong>sustineat</strong></span> <span class='ocrx_word' id='word_1_218' title='bbox 743 2531 1208 2599; x_wconf 87' lang='lat' dir='ltr'><strong>detrimentum.</strong></span> <span class='ocrx_word' id='word_1_219' title='bbox 1297 2531 1656 2620; x_wconf 87' lang='lat' dir='ltr'><strong>Eapropter</strong></span> <span class='ocrx_word' id='word_1_220' title='bbox 1715 2533 2089 2601; x_wconf 86' lang='lat' dir='ltr'><strong>auctoritate</strong></span> <span class='ocrx_word' id='word_1_221' title='bbox 2156 2532 2332 2600; x_wconf 86' lang='lat' dir='ltr'><strong>vobis</strong></span> <span class='ocrx_word' id='word_1_222' title='bbox 2396 2531 2743 2619; x_wconf 88' lang='lat' dir='ltr'><strong>apostolica</strong></span> <span class='ocrx_word' id='word_1_223' title='bbox 2808 2531 3229 2616; x_wconf 83' lang='lat' dir='ltr'><strong>indulgemus,</strong></span> 
     </span>
     <span class='ocr_line' id='line_1_21' title="bbox 368 2638 3229 2727; baseline -0 -22"><span class='ocrx_word' id='word_1_224' title='bbox 368 2644 461 2722; x_wconf 85' lang='lat' dir='ltr'><strong>ut,</strong></span> <span class='ocrx_word' id='word_1_225' title='bbox 509 2638 564 2704; x_wconf 90' lang='lat' dir='ltr'><strong>si</strong></span> <span class='ocrx_word' id='word_1_226' title='bbox 609 2642 828 2705; x_wconf 87' lang='lat' dir='ltr'><strong>contra</strong></span> <span class='ocrx_word' id='word_1_227' title='bbox 870 2639 1204 2726; x_wconf 77' lang='lat' dir='ltr'><strong>privilegia</strong></span> <span class='ocrx_word' id='word_1_228' title='bbox 1249 2646 1460 2707; x_wconf 84' lang='lat' dir='ltr'><strong>vestra</strong></span> <span class='ocrx_word' id='word_1_229' title='bbox 1501 2641 1712 2708; x_wconf 86' lang='lat' dir='ltr'><strong>littere</strong></span> <span class='ocrx_word' id='word_1_230' title='bbox 1758 2661 1797 2706; x_wconf 89' lang='lat' dir='ltr'><strong>a</strong></span> <span class='ocrx_word' id='word_1_231' title='bbox 1840 2661 2157 2727; x_wconf 86' lang='lat' dir='ltr'><strong>quoquam</strong></span> <span class='ocrx_word' id='word_1_232' title='bbox 2186 2660 2301 2727; x_wconf 87' lang='lat' dir='ltr'><strong>per</strong></span> <span class='ocrx_word' id='word_1_233' title='bbox 2344 2640 2819 2727; x_wconf 87' lang='lat' dir='ltr'><strong>subrepcionem</strong></span> <span class='ocrx_word' id='word_1_234' title='bbox 2852 2646 3071 2708; x_wconf 88' lang='lat' dir='ltr'><strong>contra</strong></span> <span class='ocrx_word' id='word_1_235' title='bbox 3100 2640 3229 2727; x_wconf 91' lang='lat' dir='ltr'><strong>pri-</strong></span> 
     </span>
     <span class='ocr_line' id='line_1_22' title="bbox 369 2745 3228 2835; baseline 0.001 -24"><span class='ocrx_word' id='word_1_236' title='bbox 369 2745 741 2829; x_wconf 82' lang='lat' dir='ltr'><strong>vilegiorum</strong></span> <span class='ocrx_word' id='word_1_237' title='bbox 780 2746 1064 2832; x_wconf 89' lang='lat' dir='ltr'><strong>ipsorum</strong></span> <span class='ocrx_word' id='word_1_238' title='bbox 1105 2752 1387 2814; x_wconf 88' lang='lat' dir='ltr'><strong>tenorem</strong></span> <span class='ocrx_word' id='word_1_239' title='bbox 1429 2747 1680 2815; x_wconf 89' lang='lat' dir='ltr'><strong>obtente</strong></span> <span class='ocrx_word' id='word_1_240' title='bbox 1725 2748 1850 2814; x_wconf 88' lang='lat' dir='ltr'><strong>nisi</strong></span> <span class='ocrx_word' id='word_1_241' title='bbox 1896 2768 1975 2815; x_wconf 80' lang='lat' dir='ltr'><strong>ex</strong></span> <span class='ocrx_word' id='word_1_242' title='bbox 2006 2752 2179 2815; x_wconf 88' lang='lat' dir='ltr'><strong>certa</strong></span> <span class='ocrx_word' id='word_1_243' title='bbox 2207 2748 2590 2815; x_wconf 88' lang='lat' dir='ltr'><strong>conscientia</strong></span> <span class='ocrx_word' id='word_1_244' title='bbox 2617 2752 2838 2815; x_wconf 87' lang='lat' dir='ltr'><strong>nostra</strong></span> <span class='ocrx_word' id='word_1_245' title='bbox 2866 2746 3228 2835; x_wconf 83' lang='lat' dir='ltr'><strong>procedant,</strong></span> 
     </span>
     <span class='ocr_line' id='line_1_23' title="bbox 329 2851 3231 2943; baseline 0 -23"><span class='ocrx_word' id='word_1_246' title='bbox 329 2884 334 2889; x_wconf 94' lang='lat'><strong>·</strong></span> <span class='ocrx_word' id='word_1_247' title='bbox 368 2854 437 2920; x_wconf 90' lang='lat' dir='ltr'><strong>in</strong></span> <span class='ocrx_word' id='word_1_248' title='bbox 481 2852 715 2920; x_wconf 87' lang='lat' dir='ltr'><strong>iudicio</strong></span> <span class='ocrx_word' id='word_1_249' title='bbox 760 2851 1020 2925; x_wconf 81' lang='lat' dir='ltr'><strong>alicuius</strong></span> <span class='ocrx_word' id='word_1_250' title='bbox 1066 2874 1192 2921; x_wconf 90' lang='lat' dir='ltr'><strong>non</strong></span> <span class='ocrx_word' id='word_1_251' title='bbox 1238 2856 1582 2922; x_wconf 84' lang='lat' dir='ltr'><strong>teneamini</strong></span> <span class='ocrx_word' id='word_1_252' title='bbox 1626 2855 1998 2943; x_wconf 88' lang='lat' dir='ltr'><strong>disceptare,</strong></span> <span class='ocrx_word' id='word_1_253' title='bbox 2044 2855 2222 2923; x_wconf 86' lang='lat' dir='ltr'><strong>salva</strong></span> <span class='ocrx_word' id='word_1_254' title='bbox 2264 2855 2694 2923; x_wconf 89' lang='lat' dir='ltr'><strong>moderatione</strong></span> <span class='ocrx_word' id='word_1_255' title='bbox 2740 2854 2987 2923; x_wconf 89' lang='lat' dir='ltr'><strong>concilii</strong></span> <span class='ocrx_word' id='word_1_256' title='bbox 3042 2874 3231 2939; x_wconf 84' lang='lat' dir='ltr'><strong>gene-</strong></span> 
     </span>
     <span class='ocr_line' id='line_1_24' title="bbox 367 2958 3231 3050; baseline -0 -22"><span class='ocrx_word' id='word_1_257' title='bbox 367 2960 542 3028; x_wconf 83' lang='lat' dir='ltr'><strong>ralis.</strong></span> <span class='ocrx_word' id='word_1_258' title='bbox 610 2958 784 3026; x_wconf 89' lang='lat' dir='ltr'><strong>Nulli</strong></span> <span class='ocrx_word' id='word_1_259' title='bbox 843 2979 992 3044; x_wconf 88' lang='lat' dir='ltr'><strong>ergo</strong></span> <span class='ocrx_word' id='word_1_260' title='bbox 1051 2962 1304 3029; x_wconf 90' lang='lat' dir='ltr'><strong>omnino</strong></span> <span class='ocrx_word' id='word_1_261' title='bbox 1357 2962 1682 3029; x_wconf 88' lang='lat' dir='ltr'><strong>hominum</strong></span> <span class='ocrx_word' id='word_1_262' title='bbox 1735 2962 1924 3031; x_wconf 91' lang='lat' dir='ltr'><strong>liceat</strong></span> <span class='ocrx_word' id='word_1_263' title='bbox 1976 2962 2141 3030; x_wconf 89' lang='lat' dir='ltr'><strong>hanc</strong></span> <span class='ocrx_word' id='word_1_264' title='bbox 2196 2963 2491 3050; x_wconf 80' lang='lat' dir='ltr'><strong>paginam</strong></span> <span class='ocrx_word' id='word_1_265' title='bbox 2546 2970 2759 3031; x_wconf 87' lang='lat' dir='ltr'><strong>nostre</strong></span> <span class='ocrx_word' id='word_1_266' title='bbox 2815 2962 3231 3031; x_wconf 86' lang='lat' dir='ltr'><strong>concessionis</strong></span> 
     </span>
     <span class='ocr_line' id='line_1_25' title="bbox 369 3065 3265 3157; baseline 0 -22"><span class='ocrx_word' id='word_1_267' title='bbox 369 3066 712 3150; x_wconf 85' lang='lat' dir='ltr'><strong>infringere</strong></span> <span class='ocrx_word' id='word_1_268' title='bbox 755 3065 856 3133; x_wconf 84' lang='lat' dir='ltr'><strong>vel</strong></span> <span class='ocrx_word' id='word_1_269' title='bbox 899 3068 958 3135; x_wconf 89' lang='lat' dir='ltr'><strong>ei</strong></span> <span class='ocrx_word' id='word_1_270' title='bbox 1003 3088 1162 3135; x_wconf 89' lang='lat' dir='ltr'><strong>ausu</strong></span> <span class='ocrx_word' id='word_1_271' title='bbox 1205 3070 1515 3137; x_wconf 84' lang='lat' dir='ltr'><strong>tenerario</strong></span> <span class='ocrx_word' id='word_1_272' title='bbox 1562 3068 1890 3137; x_wconf 85' lang='lat' dir='ltr'><strong>contraire.</strong></span> <span class='ocrx_word' id='word_1_273' title='bbox 1965 3068 2032 3137; x_wconf 91' lang='lat' dir='ltr'><strong>Si</strong></span> <span class='ocrx_word' id='word_1_274' title='bbox 2080 3071 2220 3156; x_wconf 84' lang='lat' dir='ltr'><strong>quis</strong></span> <span class='ocrx_word' id='word_1_275' title='bbox 2266 3076 2473 3138; x_wconf 89' lang='lat' dir='ltr'><strong>autem</strong></span> <span class='ocrx_word' id='word_1_276' title='bbox 2504 3070 2624 3139; x_wconf 89' lang='lat' dir='ltr'><strong>boc</strong></span> <span class='ocrx_word' id='word_1_277' title='bbox 2668 3076 3045 3157; x_wconf 86' lang='lat' dir='ltr'><strong>attemptare</strong></span> <span class='ocrx_word' id='word_1_278' title='bbox 3088 3090 3265 3156; x_wconf 51' lang='lat' dir='ltr'><strong>pre-x</strong></span> 
     </span>
     <span class='ocr_line' id='line_1_26' title="bbox 371 3174 3231 3263; baseline -0 -21"><span class='ocrx_word' id='word_1_279' title='bbox 371 3174 742 3261; x_wconf 86' lang='lat' dir='ltr'><strong>sumpserit,</strong></span> <span class='ocrx_word' id='word_1_280' title='bbox 799 3174 1296 3257; x_wconf 84' lang='lat' dir='ltr'><strong>indignationem</strong></span> <span class='ocrx_word' id='word_1_281' title='bbox 1353 3178 1801 3263; x_wconf 87' lang='lat' dir='ltr'><strong>omnipotentis</strong></span> <span class='ocrx_word' id='word_1_282' title='bbox 1858 3177 1962 3243; x_wconf 89' lang='lat' dir='ltr'><strong>dei</strong></span> <span class='ocrx_word' id='word_1_283' title='bbox 2016 3183 2081 3244; x_wconf 91' lang='lat' dir='ltr'><strong>et</strong></span> <span class='ocrx_word' id='word_1_284' title='bbox 2137 3177 2461 3245; x_wconf 85' lang='lat' dir='ltr'><strong>beatorum</strong></span> <span class='ocrx_word' id='word_1_285' title='bbox 2506 3177 2680 3245; x_wconf 89' lang='lat' dir='ltr'><strong>Petri</strong></span> <span class='ocrx_word' id='word_1_286' title='bbox 2736 3184 2801 3245; x_wconf 89' lang='lat' dir='ltr'><strong>et</strong></span> <span class='ocrx_word' id='word_1_287' title='bbox 2842 3174 3025 3243; x_wconf 85' lang='lat' dir='ltr'><strong>Pauli</strong></span> <span class='ocrx_word' id='word_1_288' title='bbox 3080 3195 3231 3262; x_wconf 85' lang='lat' dir='ltr'><strong>apo-</strong></span> 
     </span>
     <span class='ocr_line' id='line_1_27' title="bbox 371 3280 3232 3351; baseline 0 -2"><span class='ocrx_word' id='word_1_289' title='bbox 371 3281 678 3349; x_wconf 89' lang='lat' dir='ltr'><strong>stolorum</strong></span> <span class='ocrx_word' id='word_1_290' title='bbox 735 3280 868 3348; x_wconf 88' lang='lat' dir='ltr'><strong>eius</strong></span> <span class='ocrx_word' id='word_1_291' title='bbox 937 3301 1006 3349; x_wconf 89' lang='lat' dir='ltr'><strong>se</strong></span> <span class='ocrx_word' id='word_1_292' title='bbox 1069 3284 1319 3350; x_wconf 84' lang='lat' dir='ltr'><strong>noverit</strong></span> <span class='ocrx_word' id='word_1_293' title='bbox 1381 3284 1797 3350; x_wconf 87' lang='lat' dir='ltr'><strong>incursurum.</strong></span> <span class='ocrx_word' id='word_1_294' title='bbox 1884 3284 2123 3351; x_wconf 89' lang='lat' dir='ltr'><strong>Datum</strong></span> <span class='ocrx_word' id='word_1_295' title='bbox 2176 3282 2473 3351; x_wconf 85' lang='lat' dir='ltr'><strong>Laterani</strong></span> <span class='ocrx_word' id='word_1_296' title='bbox 2540 3284 2697 3351; x_wconf 87' lang='lat' dir='ltr'><strong>xviii</strong></span> <span class='ocrx_word' id='word_1_297' title='bbox 2756 3284 2881 3351; x_wconf 88' lang='lat' dir='ltr'><strong>kal.</strong></span> <span class='ocrx_word' id='word_1_298' title='bbox 2930 3282 3232 3350; x_wconf 87' lang='lat' dir='ltr'><strong>februarii</strong></span> 
     </span>
     <span class='ocr_line' id='line_1_28' title="bbox 369 3388 1512 3477; baseline 0 -20"><span class='ocrx_word' id='word_1_299' title='bbox 369 3388 772 3477; x_wconf 86' lang='lat' dir='ltr'><strong>pontificatus</strong></span> <span class='ocrx_word' id='word_1_300' title='bbox 816 3390 1018 3457; x_wconf 90' lang='lat' dir='ltr'><strong>nostri</strong></span> <span class='ocrx_word' id='word_1_301' title='bbox 1061 3410 1228 3457; x_wconf 89' lang='lat' dir='ltr'><strong>anno</strong></span> <span class='ocrx_word' id='word_1_302' title='bbox 1275 3392 1512 3476; x_wconf 86' lang='lat' dir='ltr'><strong>quinto.</strong></span> 
     </span>
    </p>
   </div>
   <div class='ocr_carea' id='block_1_7' title="bbox 367 3512 3233 4103">
    <p class='ocr_par' dir='ltr' id='par_1_7' title="bbox 367 3512 3233 4103">
     <span class='ocr_line' id='line_1_29' title="bbox 583 3512 3230 3581; baseline -0 -16"><span class='ocrx_word' id='word_1_303' title='bbox 583 3512 706 3565; x_wconf 85' lang='lat' dir='ltr'><strong>Sine</strong></span> <span class='ocrx_word' id='word_1_304' title='bbox 743 3512 888 3565; x_wconf 84' lang='lat' dir='ltr'><strong>dato:</strong></span> <span class='ocrx_word' id='word_1_305' title='bbox 924 3513 968 3575; x_wconf 91' lang='lat'><strong>1,</strong></span> <span class='ocrx_word' id='word_1_306' title='bbox 994 3513 1093 3575; x_wconf 68' lang='lat'><strong>⁷43</strong></span> <span class='ocrx_word' id='word_1_307' title='bbox 1129 3514 1196 3575; x_wconf 88' lang='lat'><strong>11,</strong></span> <span class='ocrx_word' id='word_1_308' title='bbox 1222 3512 1292 3565; x_wconf 84' lang='grc'><strong>96</strong></span> <span class='ocrx_word' id='word_1_309' title='bbox 1329 3532 1378 3565; x_wconf 91' lang='lat' dir='ltr'><strong>n.</strong></span> <span class='ocrx_word' id='word_1_310' title='bbox 1405 3512 1502 3577; x_wconf 73' lang='lat'><strong>213</strong></span> <span class='ocrx_word' id='word_1_311' title='bbox 1537 3514 1602 3565; x_wconf 79' lang='lat' dir='ltr'><strong>A.</strong></span> <span class='ocrx_word' id='word_1_312' title='bbox 1634 3514 1698 3566; x_wconf 89' lang='grc'><strong>16</strong></span> <span class='ocrx_word' id='word_1_313' title='bbox 1733 3532 1783 3581; x_wconf 87' lang='lat' dir='ltr'><strong>p.</strong></span> <span class='ocrx_word' id='word_1_314' title='bbox 1809 3514 1882 3565; x_wconf 84' lang='lat'><strong>94</strong></span> <span class='ocrx_word' id='word_1_315' title='bbox 1921 3513 2169 3579; x_wconf 82' lang='lat' dir='ltr'><strong>„Iuneis“,</strong></span> <span class='ocrx_word' id='word_1_316' title='bbox 2205 3530 2256 3581; x_wconf 86' lang='lat' dir='ltr'><strong>p.</strong></span> <span class='ocrx_word' id='word_1_317' title='bbox 2286 3512 2386 3565; x_wconf 86' lang='lat'><strong>112</strong></span> <span class='ocrx_word' id='word_1_318' title='bbox 2416 3514 2725 3578; x_wconf 73' lang='lat' dir='ltr'><strong>„Treviris“3</strong></span> <span class='ocrx_word' id='word_1_319' title='bbox 2760 3512 2948 3564; x_wconf 81' lang='grc' dir='ltr'><strong>Β.153</strong></span> <span class='ocrx_word' id='word_1_320' title='bbox 2983 3512 3230 3578; x_wconf 83' lang='lat' dir='ltr'><strong>„Iuncis“.</strong></span> 
     </span>
     <span class='ocr_line' id='line_1_30' title="bbox 371 3600 3231 3669; baseline -0.002 -11"><span class='ocrx_word' id='word_1_321' title='bbox 371 3604 436 3658; x_wconf 76' lang='lat' dir='ltr'><strong>A.</strong></span> <span class='ocrx_word' id='word_1_322' title='bbox 461 3602 532 3655; x_wconf 88' lang='grc'><strong>20</strong></span> <span class='ocrx_word' id='word_1_323' title='bbox 565 3620 618 3655; x_wconf 89' lang='lat' dir='ltr'><strong>n.</strong></span> <span class='ocrx_word' id='word_1_324' title='bbox 643 3602 706 3654; x_wconf 92' lang='grc'><strong>21</strong></span> <span class='ocrx_word' id='word_1_325' title='bbox 747 3602 928 3654; x_wconf 85' lang='lat' dir='ltr'><strong>Latine</strong></span> <span class='ocrx_word' id='word_1_326' title='bbox 963 3612 1018 3653; x_wconf 83' lang='lat' dir='ltr'><strong>et</strong></span> <span class='ocrx_word' id='word_1_327' title='bbox 1041 3602 1338 3655; x_wconf 81' lang='lat' dir='ltr'><strong>Germanice</strong></span> <span class='ocrx_word' id='word_1_328' title='bbox 1375 3620 1486 3655; x_wconf 85' lang='lat' dir='ltr'><strong>cum</strong></span> <span class='ocrx_word' id='word_1_329' title='bbox 1521 3612 1670 3657; x_wconf 75' lang='lat' dir='ltr'><strong>nota:</strong></span> <span class='ocrx_word' id='word_1_330' title='bbox 1707 3604 1760 3655; x_wconf 87' lang='lat' dir='ltr'><strong>in</strong></span> <span class='ocrx_word' id='word_1_331' title='bbox 1794 3604 1983 3669; x_wconf 80' lang='lat' dir='ltr'><strong>Bysen.</strong></span> <span class='ocrx_word' id='word_1_332' title='bbox 2013 3634 2077 3642; x_wconf 92' lang='lat'>—</span> <span class='ocrx_word' id='word_1_333' title='bbox 2116 3604 2239 3655; x_wconf 85' lang='lat' dir='ltr'><strong>Cum</strong></span> <span class='ocrx_word' id='word_1_334' title='bbox 2274 3602 2421 3655; x_wconf 69' lang='lat' dir='ltr'><strong>dato:</strong></span> <span class='ocrx_word' id='word_1_335' title='bbox 2458 3602 2697 3654; x_wconf 77' lang='lat' dir='ltr'><strong>Laterani</strong></span> <span class='ocrx_word' id='word_1_336' title='bbox 2730 3602 2849 3653; x_wconf 75' lang='lat' dir='ltr'><strong>xviii</strong></span> <span class='ocrx_word' id='word_1_337' title='bbox 2883 3600 2986 3653; x_wconf 65' lang='lat' dir='ltr'><strong>kal.</strong></span> <span class='ocrx_word' id='word_1_338' title='bbox 3010 3601 3231 3663; x_wconf 70' lang='lat' dir='ltr'><strong>febmar.</strong></span> 
     </span>
     <span class='ocr_line' id='line_1_31' title="bbox 369 3690 3233 3760; baseline -0.001 -15"><span class='ocrx_word' id='word_1_339' title='bbox 369 3710 422 3760; x_wconf 84' lang='lat' dir='ltr'><strong>p.</strong></span> <span class='ocrx_word' id='word_1_340' title='bbox 445 3710 498 3745; x_wconf 88' lang='lat' dir='ltr'><strong>n.</strong></span> <span class='ocrx_word' id='word_1_341' title='bbox 523 3710 570 3745; x_wconf 77' lang='lat' dir='ltr'><strong>a.</strong></span> <span class='ocrx_word' id='word_1_342' title='bbox 595 3693 647 3745; x_wconf 82' lang='lat'><strong>5.</strong></span> <span class='ocrx_word' id='word_1_343' title='bbox 701 3692 766 3745; x_wconf 80' lang='lat' dir='ltr'><strong>R.</strong></span> <span class='ocrx_word' id='word_1_344' title='bbox 789 3692 890 3743; x_wconf 84' lang='lat'><strong>142</strong></span> <span class='ocrx_word' id='word_1_345' title='bbox 924 3691 1056 3744; x_wconf 81' lang='lat' dir='ltr'><strong>inter</strong></span> <span class='ocrx_word' id='word_1_346' title='bbox 1081 3692 1424 3745; x_wconf 75' lang='lat' dir='ltr'><strong>Treverensia.</strong></span> <span class='ocrx_word' id='word_1_347' title='bbox 1457 3722 1504 3731; x_wconf 86' lang='lat'><strong>-—</strong></span> <span class='ocrx_word' id='word_1_348' title='bbox 1543 3693 1677 3745; x_wconf 82' lang='lat' dir='ltr'><strong>Citat</strong></span> <span class='ocrx_word' id='word_1_349' title='bbox 1701 3692 1959 3759; x_wconf 75' lang='lat' dir='ltr'><strong>catalog-us</strong></span> <span class='ocrx_word' id='word_1_350' title='bbox 1984 3692 2173 3743; x_wconf 81' lang='lat' dir='ltr'><strong>archivi</strong></span> <span class='ocrx_word' id='word_1_351' title='bbox 2208 3694 2299 3745; x_wconf 85' lang='lat' dir='ltr'><strong>ois.</strong></span> <span class='ocrx_word' id='word_1_352' title='bbox 2318 3693 2457 3745; x_wconf 66' lang='lat' dir='ltr'><strong>Thai.</strong></span> <span class='ocrx_word' id='word_1_353' title='bbox 2476 3690 2883 3745; x_wconf 81' lang='lat' dir='ltr'><strong>Vindobonensis</strong></span> <span class='ocrx_word' id='word_1_354' title='bbox 2918 3690 3233 3757; x_wconf 78' lang='lat' dir='ltr'><strong>privilegium</strong></span> 
     </span>
     <span class='ocr_line' id='line_1_32' title="bbox 369 3780 3228 3849; baseline -0.001 -15"><span class='ocrx_word' id='word_1_355' title='bbox 369 3780 598 3835; x_wconf 84' lang='lat' dir='ltr'><strong>eiusdem</strong></span> <span class='ocrx_word' id='word_1_356' title='bbox 633 3781 738 3833; x_wconf 77' lang='lat' dir='ltr'><strong>dati</strong></span> <span class='ocrx_word' id='word_1_357' title='bbox 773 3790 826 3833; x_wconf 83' lang='lat' dir='ltr'><strong>et</strong></span> <span class='ocrx_word' id='word_1_358' title='bbox 861 3782 1049 3833; x_wconf 81' lang='lat' dir='ltr'><strong>tenoris</strong></span> <span class='ocrx_word' id='word_1_359' title='bbox 1085 3798 1198 3833; x_wconf 86' lang='lat' dir='ltr'><strong>cum</strong></span> <span class='ocrx_word' id='word_1_360' title='bbox 1233 3780 1372 3833; x_wconf 82' lang='lat' dir='ltr'><strong>bulla</strong></span> <span class='ocrx_word' id='word_1_361' title='bbox 1408 3782 1645 3849; x_wconf 81' lang='lat' dir='ltr'><strong>plumbea</strong></span> <span class='ocrx_word' id='word_1_362' title='bbox 1679 3782 1732 3832; x_wconf 88' lang='lat' dir='ltr'><strong>in</strong></span> <span class='ocrx_word' id='word_1_363' title='bbox 1767 3781 1866 3832; x_wconf 80' lang='lat' dir='ltr'><strong>filis</strong></span> <span class='ocrx_word' id='word_1_364' title='bbox 1903 3781 2107 3834; x_wconf 82' lang='lat' dir='ltr'><strong>sericeis</strong></span> <span class='ocrx_word' id='word_1_365' title='bbox 2142 3798 2397 3848; x_wconf 81' lang='lat' dir='ltr'><strong>appensa,</strong></span> <span class='ocrx_word' id='word_1_366' title='bbox 2444 3781 2697 3847; x_wconf 76' lang='lat' dir='ltr'><strong>quondam</strong></span> <span class='ocrx_word' id='word_1_367' title='bbox 2730 3780 2959 3833; x_wconf 76' lang='lat' dir='ltr'><strong>Treveris</strong></span> <span class='ocrx_word' id='word_1_368' title='bbox 2997 3796 3228 3831; x_wconf 79' lang='lat' dir='ltr'><strong>asserva-</strong></span> 
     </span>
     <span class='ocr_line' id='line_1_33' title="bbox 368 3867 3231 3939; baseline -0.001 -16"><span class='ocrx_word' id='word_1_369' title='bbox 368 3880 493 3935; x_wconf 88' lang='lat' dir='ltr'><strong>tum,</strong></span> <span class='ocrx_word' id='word_1_370' title='bbox 522 3870 654 3937; x_wconf 87' lang='lat' dir='ltr'><strong>quod</strong></span> <span class='ocrx_word' id='word_1_371' title='bbox 681 3880 846 3922; x_wconf 78' lang='lat' dir='ltr'><strong>tamen</strong></span> <span class='ocrx_word' id='word_1_372' title='bbox 871 3870 1103 3937; x_wconf 81' lang='lat' dir='ltr'><strong>incipiat:</strong></span> <span class='ocrx_word' id='word_1_373' title='bbox 1146 3871 1362 3939; x_wconf 74' lang='lat' dir='ltr'><strong>„Vestra</strong></span> <span class='ocrx_word' id='word_1_374' title='bbox 1386 3871 1612 3938; x_wconf 79' lang='lat' dir='ltr'><strong>religio“.</strong></span> <span class='ocrx_word' id='word_1_375' title='bbox 1641 3901 1701 3910; x_wconf 94' lang='lat'>—</span> <span class='ocrx_word' id='word_1_376' title='bbox 1732 3870 1854 3922; x_wconf 87' lang='lat' dir='ltr'><strong>Cum</strong></span> <span class='ocrx_word' id='word_1_377' title='bbox 1879 3872 2026 3922; x_wconf 74' lang='lat' dir='ltr'><strong>dato:</strong></span> <span class='ocrx_word' id='word_1_378' title='bbox 2053 3871 2253 3936; x_wconf 81' lang='lat' dir='ltr'><strong>Tybure</strong></span> <span class='ocrx_word' id='word_1_379' title='bbox 2277 3870 2315 3921; x_wconf 90' lang='lat' dir='ltr'><strong>ii</strong></span> <span class='ocrx_word' id='word_1_380' title='bbox 2336 3870 2439 3921; x_wconf 72' lang='lat' dir='ltr'><strong>kal.</strong></span> <span class='ocrx_word' id='word_1_381' title='bbox 2463 3870 2587 3921; x_wconf 89' lang='lat' dir='ltr'><strong>iunii</strong></span> <span class='ocrx_word' id='word_1_382' title='bbox 2620 3888 2670 3937; x_wconf 87' lang='lat' dir='ltr'><strong>p.</strong></span> <span class='ocrx_word' id='word_1_383' title='bbox 2696 3888 2747 3921; x_wconf 88' lang='lat' dir='ltr'><strong>n.</strong></span> <span class='ocrx_word' id='word_1_384' title='bbox 2771 3888 2818 3921; x_wconf 78' lang='lat' dir='ltr'><strong>a.</strong></span> <span class='ocrx_word' id='word_1_385' title='bbox 2837 3869 2888 3921; x_wconf 83' lang='lat'><strong>9.</strong></span> <span class='ocrx_word' id='word_1_386' title='bbox 2924 3870 2987 3920; x_wconf 80' lang='lat' dir='ltr'><strong>R.</strong></span> <span class='ocrx_word' id='word_1_387' title='bbox 3008 3867 3075 3920; x_wconf 81' lang='lat'><strong>77</strong></span> <span class='ocrx_word' id='word_1_388' title='bbox 3100 3868 3231 3921; x_wconf 86' lang='lat' dir='ltr'><strong>inter</strong></span> 
     </span>
     <span class='ocr_line' id='line_1_34' title="bbox 367 3958 3229 4026; baseline -0.001 -15"><span class='ocrx_word' id='word_1_389' title='bbox 367 3959 866 4026; x_wconf 75' lang='lat' dir='ltr'><strong>Mer-genthemensia</strong></span> <span class='ocrx_word' id='word_1_390' title='bbox 900 3978 950 4011; x_wconf 93' lang='lat' dir='ltr'><strong>n.</strong></span> <span class='ocrx_word' id='word_1_391' title='bbox 975 3959 1061 4012; x_wconf 84' lang='lat'><strong>30.</strong></span> <span class='ocrx_word' id='word_1_392' title='bbox 1130 3961 1216 4013; x_wconf 89' lang='lat' dir='ltr'><strong>Or.</strong></span> <span class='ocrx_word' id='word_1_393' title='bbox 1253 3978 1366 4013; x_wconf 85' lang='lat' dir='ltr'><strong>cum</strong></span> <span class='ocrx_word' id='word_1_394' title='bbox 1410 3960 1550 4010; x_wconf 84' lang='lat' dir='ltr'><strong>bulla</strong></span> <span class='ocrx_word' id='word_1_395' title='bbox 1593 3960 1646 4011; x_wconf 90' lang='lat' dir='ltr'><strong>in</strong></span> <span class='ocrx_word' id='word_1_396' title='bbox 1693 3958 1790 4011; x_wconf 79' lang='lat' dir='ltr'><strong>filis</strong></span> <span class='ocrx_word' id='word_1_397' title='bbox 1839 3959 2041 4011; x_wconf 81' lang='lat' dir='ltr'><strong>sericeis</strong></span> <span class='ocrx_word' id='word_1_398' title='bbox 2087 3960 2407 4025; x_wconf 76' lang='lat' dir='ltr'><strong>appendente</strong></span> <span class='ocrx_word' id='word_1_399' title='bbox 2452 3959 2705 4025; x_wconf 84' lang='lat' dir='ltr'><strong>quondam</strong></span> <span class='ocrx_word' id='word_1_400' title='bbox 2741 3958 3009 4011; x_wconf 83' lang='lat' dir='ltr'><strong>Veteribus</strong></span> <span class='ocrx_word' id='word_1_401' title='bbox 3045 3958 3229 4019; x_wconf 86' lang='lat' dir='ltr'><strong>Iunois‚</strong></span> 
     </span>
     <span class='ocr_line' id='line_1_35' title="bbox 370 4048 1805 4103; baseline -0.001 -2"><span class='ocrx_word' id='word_1_402' title='bbox 370 4066 505 4101; x_wconf 84' lang='lat' dir='ltr'><strong>nunc</strong></span> <span class='ocrx_word' id='word_1_403' title='bbox 537 4050 590 4101; x_wconf 85' lang='lat' dir='ltr'><strong>in</strong></span> <span class='ocrx_word' id='word_1_404' title='bbox 627 4050 828 4103; x_wconf 80' lang='lat' dir='ltr'><strong>archivo</strong></span> <span class='ocrx_word' id='word_1_405' title='bbox 865 4050 1053 4103; x_wconf 81' lang='lat' dir='ltr'><strong>ordinis</strong></span> <span class='ocrx_word' id='word_1_406' title='bbox 1087 4049 1384 4103; x_wconf 83' lang='lat' dir='ltr'><strong>&#39;l&#39;heutonici</strong></span> <span class='ocrx_word' id='word_1_407' title='bbox 1409 4048 1805 4101; x_wconf 86' lang='lat' dir='ltr'><strong>Vindobonensi.</strong></span> 
     </span>
    </p>
   </div>
   <div class='ocr_carea' id='block_1_8' title="bbox 376 4298 3230 4497">
    <p class='ocr_par' dir='ltr' id='par_1_8' title="bbox 376 4298 3230 4497">
     <span class='ocr_line' id='line_1_36' title="bbox 376 4298 3230 4389; baseline -0.003 -16"><span class='ocrx_word' id='word_1_408' title='bbox 376 4298 552 4373; x_wconf 82' lang='grc'><strong>312.</strong></span> <span class='ocrx_word' id='word_1_409' title='bbox 594 4302 766 4369; x_wconf 84' lang='grc'><strong>1221</strong></span> <span class='ocrx_word' id='word_1_410' title='bbox 813 4305 1103 4371; x_wconf 71' lang='lat' dir='ltr'><strong>ianuarii</strong></span> <span class='ocrx_word' id='word_1_411' title='bbox 1127 4304 1216 4371; x_wconf 89' lang='grc'><strong>15</strong></span> <span class='ocrx_word' id='word_1_412' title='bbox 1259 4302 1584 4369; x_wconf 81' lang='lat' dir='ltr'><strong>Laterani.</strong></span> <span class='ocrx_word' id='word_1_413' title='bbox 1655 4302 1981 4367; x_wconf 77' lang='lat' dir='ltr'><strong>Honorius</strong></span> <span class='ocrx_word' id='word_1_414' title='bbox 2013 4301 2137 4368; x_wconf 90' lang='lat' dir='ltr'><strong>III</strong></span> <span class='ocrx_word' id='word_1_415' title='bbox 2170 4314 2335 4368; x_wconf 79' lang='lat' dir='ltr'><strong>vetat</strong></span> <span class='ocrx_word' id='word_1_416' title='bbox 2356 4300 2675 4389; x_wconf 76' lang='lat' dir='ltr'><strong>praelatos</strong></span> <span class='ocrx_word' id='word_1_417' title='bbox 2707 4302 2988 4367; x_wconf 78' lang='lat' dir='ltr'><strong>ordinem</strong></span> <span class='ocrx_word' id='word_1_418' title='bbox 3026 4298 3230 4365; x_wconf 76' lang='lat' dir='ltr'><strong>Theu-</strong></span> 
     </span>
     <span class='ocr_line' id='line_1_37' title="bbox 593 4412 1714 4497; baseline -0.004 -20"><span class='ocrx_word' id='word_1_419' title='bbox 593 4413 866 4477; x_wconf 78' lang='lat' dir='ltr'><strong>tonioum</strong></span> <span class='ocrx_word' id='word_1_420' title='bbox 909 4412 985 4477; x_wconf 83' lang='lat' dir='ltr'><strong>de</strong></span> <span class='ocrx_word' id='word_1_421' title='bbox 1031 4412 1426 4497; x_wconf 51' lang='lat' dir='ltr'><strong>eleemosynas</strong></span> <span class='ocrx_word' id='word_1_422' title='bbox 1470 4432 1714 4475; x_wconf 63' lang='lat' dir='ltr'><strong>vexare.</strong></span> 
     </span>
    </p>
   </div>
   <div class='ocr_carea' id='block_1_9' title="bbox 369 4546 3233 5069">
    <p class='ocr_par' dir='ltr' id='par_1_9' title="bbox 369 4546 3233 5069">
     <span class='ocr_line' id='line_1_38' title="bbox 593 4546 3231 4639; baseline -0.002 -20"><span class='ocrx_word' id='word_1_423' title='bbox 593 4552 908 4620; x_wconf 87' lang='lat' dir='ltr'><strong>Honorius</strong></span> <span class='ocrx_word' id='word_1_424' title='bbox 959 4554 1290 4639; x_wconf 87' lang='lat' dir='ltr'><strong>episcopus</strong></span> <span class='ocrx_word' id='word_1_425' title='bbox 1347 4572 1566 4620; x_wconf 84' lang='lat' dir='ltr'><strong>servus</strong></span> <span class='ocrx_word' id='word_1_426' title='bbox 1620 4571 1946 4619; x_wconf 81' lang='lat' dir='ltr'><strong>servorum</strong></span> <span class='ocrx_word' id='word_1_427' title='bbox 2002 4550 2105 4619; x_wconf 91' lang='lat' dir='ltr'><strong>dei</strong></span> <span class='ocrx_word' id='word_1_428' title='bbox 2163 4549 2625 4620; x_wconf 84' lang='lat' dir='ltr'><strong>venerabilibus</strong></span> <span class='ocrx_word' id='word_1_429' title='bbox 2682 4550 2981 4618; x_wconf 75' lang='lat' dir='ltr'><strong>fratribus</strong></span> <span class='ocrx_word' id='word_1_430' title='bbox 3028 4546 3231 4617; x_wconf 88' lang='lat' dir='ltr'><strong>archi-</strong></span> 
     </span>
     <span class='ocr_line' id='line_1_39' title="bbox 371 4655 3232 4749; baseline -0.002 -20"><span class='ocrx_word' id='word_1_431' title='bbox 371 4660 684 4749; x_wconf 87' lang='lat' dir='ltr'><strong>episcopis</strong></span> <span class='ocrx_word' id='word_1_432' title='bbox 731 4666 794 4729; x_wconf 91' lang='lat' dir='ltr'><strong>et</strong></span> <span class='ocrx_word' id='word_1_433' title='bbox 838 4660 1148 4747; x_wconf 89' lang='lat' dir='ltr'><strong>episcopis</strong></span> <span class='ocrx_word' id='word_1_434' title='bbox 1195 4664 1312 4727; x_wconf 91' lang='lat' dir='ltr'><strong>etc.</strong></span> <span class='ocrx_word' id='word_1_435' title='bbox 1359 4660 1628 4727; x_wconf 78' lang='lat' dir='ltr'><strong>salutem</strong></span> <span class='ocrx_word' id='word_1_436' title='bbox 1673 4663 1737 4727; x_wconf 91' lang='lat' dir='ltr'><strong>et</strong></span> <span class='ocrx_word' id='word_1_437' title='bbox 1781 4658 2189 4748; x_wconf 75' lang='lat' dir='ltr'><strong>apostolicam</strong></span> <span class='ocrx_word' id='word_1_438' title='bbox 2234 4659 2752 4727; x_wconf 90' lang='lat' dir='ltr'><strong>benedictionem.</strong></span> <span class='ocrx_word' id='word_1_439' title='bbox 2986 4655 3232 4734; x_wconf 87' lang='lat' dir='ltr'><strong>Quanto</strong></span> 
     </span>
     <span class='ocr_line' id='line_1_40' title="bbox 371 4764 3231 4854; baseline -0.003 -17"><span class='ocrx_word' id='word_1_440' title='bbox 371 4768 586 4837; x_wconf 89' lang='lat' dir='ltr'><strong>dilecti</strong></span> <span class='ocrx_word' id='word_1_441' title='bbox 629 4766 764 4851; x_wconf 82' lang='lat' dir='ltr'><strong>filii,</strong></span> <span class='ocrx_word' id='word_1_442' title='bbox 807 4768 1034 4835; x_wconf 87' lang='lat' dir='ltr'><strong>fratres</strong></span> <span class='ocrx_word' id='word_1_443' title='bbox 1081 4766 1302 4834; x_wconf 88' lang='lat' dir='ltr'><strong>domus</strong></span> <span class='ocrx_word' id='word_1_444' title='bbox 1347 4766 1676 4854; x_wconf 85' lang='lat' dir='ltr'><strong>hospitalis</strong></span> <span class='ocrx_word' id='word_1_445' title='bbox 1707 4773 1920 4835; x_wconf 88' lang='lat' dir='ltr'><strong>sancte</strong></span> <span class='ocrx_word' id='word_1_446' title='bbox 1950 4766 2153 4834; x_wconf 83' lang='lat' dir='ltr'><strong>Maris</strong></span> <span class='ocrx_word' id='word_1_447' title='bbox 2181 4766 2699 4834; x_wconf 89' lang='lat' dir='ltr'><strong>Theotonicorum</strong></span> <span class='ocrx_word' id='word_1_448' title='bbox 2730 4764 3231 4848; x_wconf 85' lang='lat' dir='ltr'><strong>lerosolimitani,</strong></span> 
     </span>
     <span class='ocr_line' id='line_1_41' title="bbox 369 4871 3232 4961; baseline -0.002 -17"><span class='ocrx_word' id='word_1_449' title='bbox 369 4876 596 4944; x_wconf 89' lang='lat' dir='ltr'><strong>maiori</strong></span> <span class='ocrx_word' id='word_1_450' title='bbox 641 4875 942 4960; x_wconf 83' lang='lat' dir='ltr'><strong>religione</strong></span> <span class='ocrx_word' id='word_1_451' title='bbox 987 4880 1051 4941; x_wconf 89' lang='lat' dir='ltr'><strong>et</strong></span> <span class='ocrx_word' id='word_1_452' title='bbox 1093 4874 1421 4941; x_wconf 85' lang='lat' dir='ltr'><strong>honestate</strong></span> <span class='ocrx_word' id='word_1_453' title='bbox 1477 4873 1834 4961; x_wconf 86' lang='lat' dir='ltr'><strong>preminent</strong></span> <span class='ocrx_word' id='word_1_454' title='bbox 1887 4880 1953 4941; x_wconf 90' lang='lat' dir='ltr'><strong>et</strong></span> <span class='ocrx_word' id='word_1_455' title='bbox 1996 4879 2217 4942; x_wconf 87' lang='lat' dir='ltr'><strong>contra</strong></span> <span class='ocrx_word' id='word_1_456' title='bbox 2261 4874 2583 4942; x_wconf 89' lang='lat' dir='ltr'><strong>christiani</strong></span> <span class='ocrx_word' id='word_1_457' title='bbox 2627 4872 2900 4941; x_wconf 88' lang='lat' dir='ltr'><strong>nominis</strong></span> <span class='ocrx_word' id='word_1_458' title='bbox 2920 4871 3232 4940; x_wconf 82' lang='lat' dir='ltr'><strong>’inimicos</strong></span> 
     </span>
     <span class='ocr_line' id='line_1_42' title="bbox 369 4979 3233 5069; baseline -0.001 -17"><span class='ocrx_word' id='word_1_459' title='bbox 369 4983 648 5069; x_wconf 78' lang='lat' dir='ltr'><strong>graviori</strong></span> <span class='ocrx_word' id='word_1_460' title='bbox 689 4983 919 5067; x_wconf 87' lang='lat' dir='ltr'><strong>ingiter</strong></span> <span class='ocrx_word' id='word_1_461' title='bbox 960 4982 1178 5049; x_wconf 89' lang='lat' dir='ltr'><strong>labore</strong></span> <span class='ocrx_word' id='word_1_462' title='bbox 1223 4981 1576 5063; x_wconf 85' lang='lat' dir='ltr'><strong>decertant3</strong></span> <span class='ocrx_word' id='word_1_463' title='bbox 1633 4986 1809 5049; x_wconf 86' lang='lat' dir='ltr'><strong>tanto</strong></span> <span class='ocrx_word' id='word_1_464' title='bbox 1857 4986 1922 5050; x_wconf 90' lang='lat' dir='ltr'><strong>et</strong></span> <span class='ocrx_word' id='word_1_465' title='bbox 1964 4981 2275 5050; x_wconf 82' lang='lat' dir='ltr'><strong>universis</strong></span> <span class='ocrx_word' id='word_1_466' title='bbox 2330 4982 2735 5049; x_wconf 83' lang='lat' dir='ltr'><strong>christianam</strong></span> <span class='ocrx_word' id='word_1_467' title='bbox 2778 4979 3233 5069; x_wconf 87' lang='lat' dir='ltr'><strong>professionem</strong></span> 
     </span>
    </p>
   </div>
  </div>
 </body>
</html>
