3892 5609
1312 333 1742 383 -PRIVILRGIA‘
1770 334 2157 383 Gannnanm
3024 323 3171 397 383

319 512 586 579 quorum
644 492 838 579 aliqui
883 494 1060 561 vobis
1105 494 1302 579 gratis
1315 540 1346 578 ‚-
1394 494 1504 561 alii
1546 514 1694 561 vero
1743 494 1824 560 ad
1867 494 2099 561 solidos
2146 494 2457 578 serviunt,
2516 494 3176 561 excommunicationis

317 599 421 666 vel
474 600 792 667 interdicti
845 602 1223 669 sententiam
1268 600 1666 687 promulgare
1712 606 1806 685 et,
1865 602 1920 667 si
1968 601 2214 686 quando
2258 602 2327 667 in
2370 622 2483 667 vos
2526 600 2628 667 vel
2672 602 2740 666 in
2784 622 2889 668 eos
2938 601 3014 667 ab
3063 602 3175 667 ali-

320 726 444 793 quo
501 706 858 775 huiusmodi
911 709 1224 775 sententia
1264 708 1397 775 lata
1437 706 1661 791 fuerit,
1717 728 1844 775 non
1890 708 2239 776 obmittatis
2287 708 2578 775 ecclesias
2622 709 3022 795 frequentare
3068 715 3175 775 aut

317 814 577 881 servitio
624 815 844 883 domus
890 821 1096 883 vestre
1143 816 1243 882 vel
1287 815 1515 881 divinis
1563 814 1782 882 officiis
1821 816 2147 900 interesse,
2194 837 2336 883 cnm
2366 816 2723 882 huiusmodi
2753 817 3062 882 sententia
3092 816 3177 881 sit

317 921 502 989 irrita
554 923 804 1011 penitus
860 928 924 989 et
977 923 1204 990 inanis.
1297 922 1468 989 Nulli
1521 943 1669 1005 ergo
1730 922 1984 989 omnino
2042 923 2366 1015 hominum
2420 923 2612 989 liceat
2666 923 2827 989 hanc
2878 924 3174 1009 paginam

317 1033 532 1096 nostre
575 1029 992 1097 concessionis
1037 1030 1377 1115 infringere
1419 1029 1520 1097 vel
1566 1029 1623 1096 ei
1671 1050 1824 1095 ausu
1870 1030 2205 1095 temerario
2252 1032 2582 1099 contraire.
2665 1030 2731 1097 Si
2778 1032 2917 1115 quis
2964 1037 3171 1097 autem

319 1136 436 1203 hoc
479 1142 858 1223 attemptare
901 1139 1374 1225 presumpserit,
1419 1138 1915 1221 indignationem
1945 1138 2393 1224 omnipotentis
2424 1138 2523 1205 dei
2555 1144 2619 1205 et
2648 1138 2968 1205 beatorum
3001 1137 3174 1204 Petri

318 1250 386 1310 et
426 1243 607 1311 Pauli
652 1245 1074 1331 apostolorum
1124 1246 1257 1312 eius
1304 1266 1370 1313 se
1413 1244 1663 1311 noverit
1703 1244 2119 1312 incursurum.
2189 1244 2423 1313 Datum
2456 1245 2721 1313 Viterbii
2766 1246 2835 1311 iii
2872 1243 3173 1312 kalendas

316 1350 477 1417 iunii
521 1351 918 1437 pontificatus
965 1354 1164 1419 nostri
1210 1373 1374 1420 anno
1421 1354 1626 1420 tertio.

529 1491 649 1543 Sine
685 1492 804 1543 dato
841 1492 1020 1544 citatur
1056 1494 1118 1544 R.
1144 1494 1244 1545 140
1278 1495 1409 1545 inter
1444 1494 1786 1555 Trevirensia‚
1829 1509 2023 1543 necnon
2060 1492 2123 1543 A.
2154 1494 2217 1543 16
2252 1511 2303 1559 p.
2334 1494 2451 1545 115.
2511 1494 2702 1544 Citatur
2736 1494 2788 1544 in
2826 1494 3173 1561 designatione

316 1578 641 1632 Mitowiensis
688 1580 875 1631 archivi
915 1582 1044 1632 1621
1094 1582 1346 1635 Holmiam
1391 1573 1548 1635 delati
1594 1581 1730 1649 apud
1779 1581 2014 1633 Schirren
2058 1599 2109 1647 p.
2140 1582 2234 1633 131
2282 1600 2333 1634 n.
2368 1583 2466 1635 109
2520 1580 2802 1633 Bernhardi
2849 1584 3171 1635 rl'arbatensis

317 1668 544 1736 episcopi
575 1679 628 1721 et
661 1670 918 1723 cuiusdam
953 1671 1150 1724 abbatis
1191 1682 1560 1725 transsumtum.
1600 1700 1662 1709 —
1713 1672 1834 1721 Cum
1871 1669 2015 1721 dato:
2053 1670 2267 1722 Viterbii
2308 1670 2370 1721 17
2405 1670 2507 1722 kal.
2534 1670 2655 1721 iunii
2689 1689 2740 1738 p.
2765 1689 2815 1722 ιι.
2841 1690 2888 1723 a.
2912 1672 2946 1723 3
2982 1672 3173 1723 habent

255 1802 264 1815 ,
320 1757 588 1813 Caorsinus
615 1760 670 1812 O.
695 1760 731 1809 4
766 1768 819 1811 et
840 1760 1036 1811 Senner
1057 1760 1144 1812 fol.
1169 1761 1228 1811 E.
1254 1762 1287 1812 5
1315 1760 1490 1827 (malet
1531 1762 1653 1811 Cum
1674 1761 1807 1826 nos),
1847 1760 1938 1811 sed
1962 1761 2136 1826 procul
2161 1759 2311 1811 dubio
2336 1777 2503 1811 errore
2528 1760 2833 1827 typographi
2859 1777 2949 1826 pro
2979 1760 3043 1811 16
3066 1759 3169 1811 kal.

318 1845 442 1910 iulii,
478 1847 611 1914 quod
647 1865 709 1900 ex
744 1849 920 1900 eodem
953 1857 1256 1901 transsumto
1281 1849 1519 1901 exhibent
1541 1849 1631 1911 1V,
1657 1847 1760 1899 207
1772 1866 1820 1899 v.
1857 1858 1909 1899 et
1931 1848 2039 1901 Ioh.
2065 1848 2151 1901 37.
2181 1880 2242 1887 —
2285 1848 2407 1899 Cum
2436 1848 2578 1899 dato:
2616 1848 2830 1900 Viterbii
2865 1850 2898 1899 3
2921 1849 3025 1901 kal.
3051 1848 3173 1899 iunii

319 1953 370 2002 p.
389 1954 439 1987 n.
465 1954 512 1987 a.
538 1936 588 1988 3.
626 1954 698 1989 or.
723 1955 835 1989 cnm
867 1938 1005 1990 bulla
1041 1939 1092 1989 in
1128 1938 1225 1989 filis
1251 1940 1452 1989 sericeis
1476 1938 1638 1989 rubris
1663 1947 1714 1989 et
1735 1937 1884 1988 luteis
1909 1955 2137 2004 appensa
2160 1938 2403 1989 Iuncense
2428 1937 2704 2003 quondam,
2740 1954 2871 1989 nunc
2897 1938 2947 1989 in
2972 1938 3171 1989 archivo

319 2024 508 2077 ordinis
543 2026 838 2078 Theutonici
872 2028 1266 2080 vindobonensi.
1333 2028 1377 2077 E
1412 2036 1715 2079 transsumto
1751 2044 1842 2093 per
1877 2025 2176 2079 Michaelem
2222 2026 2648 2093 archiepiscopum
2683 2027 2846 2093 Rigae
2892 2026 3172 2078 confectum

323 2114 459 2165 1495
496 2132 612 2181 aug.
643 2115 705 2166 17
742 2116 794 2167 in
831 2117 1030 2169 archivo
1065 2116 1431 2183 Regimontano
1468 2126 1723 2168 asservato
1761 2116 1842 2167 ed.
1867 2115 1992 2168 Livl.
2016 2116 2081 2167 U.
2104 2116 2165 2167 Β.
2189 2116 2241 2178 1,
2266 2116 2365 2166 391
2406 2133 2456 2168 ιι.
2481 2114 2601 2167 303.
2663 2115 2721 2166 Ιιι
2758 2116 2935 2167 eodem
2970 2116 3170 2167 archivo

318 2202 473 2255 etiam
507 2204 604 2255 tria
638 2213 942 2257 transsumta
992 2208 1039 2257 1.
1076 2207 1125 2257 d.
1144 2206 1194 2257 d.
1237 2205 1368 2255 1335
1405 2203 1531 2255 febr.
1556 2204 1642 2255 25.
1702 2204 1865 2270 Rigae
1900 2222 1993 2271 per
2027 2205 2263 2255 Iacobum
2293 2203 2569 2256 Osilianum
2604 2205 2893 2272 episcopum
2928 2205 3170 2257 confecto.

321 2292 455 2344 citat
490 2310 551 2344 ex
585 2293 782 2346 Hiarnii
821 2295 1148 2347 Collectaneis
1183 2294 1248 2345 ad
1283 2294 1541 2345 historiam
1565 2294 1850 2345 Livonicam
1886 2292 1934 2344 Ν
1937 2294 2175 2361 apiersky
2209 2293 2261 2343 in
2298 2293 2469 2344 Indice
2506 2294 2570 2355 ΙΙ,
2596 2292 2699 2345 277
2736 2312 2787 2345 ιι.
2813 2294 2968 2345 3305.
3016 2296 3081 2345 A.
3107 2292 3171 2346 16

318 2398 370 2447 p.
396 2380 464 2431 72
505 2382 800 2447 „Colonie“;
847 2385 896 2435 2.
936 2386 986 2435 d.
1013 2384 1062 2436 d.
1106 2383 1240 2435 1393
1277 2382 1395 2434 maii
1418 2383 1487 2433 29
1523 2382 1867 2449 Marionburgi
1901 2382 1969 2433 ad
2006 2382 2294 2433 instantiam
2328 2382 2553 2448 magistri
2588 2383 2827 2435 Livoniae
2863 2383 3169 2443 confectum3

317 2470 370 2521 3.
408 2470 458 2522 (1.
477 2470 528 2521 d.
556 2471 691 2522 1406
726 2481 855 2539 sept.
881 2473 916 2523 6
951 2471 1230 2537 Herbipoli‚
1266 2471 1550 2537 requirente
1574 2470 1831 2538 Rudigero
1869 2471 1934 2523 de
1959 2471 2179 2533 Dulken‚
2217 2471 2455 2537 magistro
2479 2471 2741 2537 hospitalis
2773 2472 2824 2522 in
2850 2471 3168 2534 Brotselden‚

318 2558 426 2611 ord.
449 2560 594 2627 hosp.
629 2580 670 2611 s.
693 2561 764 2613 M.
789 2562 882 2613 Th.
920 2562 1174 2628 professo,
1210 2578 1302 2627 per
1325 2560 1622 2611 Wernerum
1660 2560 1724 2611 do
1759 2560 1940 2626 Hayn,
1990 2559 2255 2614 officialem
2291 2560 2459 2611 curiae
2481 2559 2917 2627 wirciburgensis.
2945 2590 3007 2599 —
3048 2560 3169 2611 Cum

319 2648 464 2700 dato:
501 2649 712 2702 Viterbii
751 2650 817 2702 16
850 2650 953 2702 kal.
990 2651 1094 2702 iulii
1131 2668 1180 2716 p.
1205 2668 1256 2701 ιι.
1281 2668 1326 2699 a.
1353 2650 1404 2701 3.
1450 2648 1692 2715 originale
1737 2665 1848 2700 cum
1894 2648 2031 2701 bulla
2076 2650 2127 2700 in
2174 2648 2373 2701 archivo
2408 2649 2793 2717 Regimontano.
2846 2650 2911 2701 R.
2934 2650 3003 2701 57
3040 2649 3171 2701 inter

317 2728 708 2804 Ratisponensia
742 2757 792 2790 n.
817 2739 910 2801 113
946 2739 1036 2802 lv,
1055 2739 1158 2790 207
1170 2757 1216 2789 v.
1253 2756 1304 2789 ιι.
1325 2739 1358 2789 3
1373 2756 1387 2799 ;
1433 2738 1548 2789 Joh.
1575 2737 1644 2789 37
1654 2756 1672 2800 3
1708 2738 1773 2789 R..
1791 2738 1860 2789 47
1897 2737 2030 2789 inter
2052 2737 2365 2804 Ellingensia
2398 2757 2447 2789 ιι.
2468 2740 2540 2791 34
2563 2748 2615 2791 et
2636 2740 2701 2792 A.
2726 2738 2791 2791 16
2826 2756 2877 2805 p.
2902 2738 2973 2789 64
3002 2738 3170 2804 „Mar-

317 2828 498 2892 purg“.
557 2826 842 2893 „Invenitur
889 2828 1041 2879 etiam
1084 2828 1136 2878 in
1177 2826 1506 2879 Mechelinia“
1549 2826 1896 2894 apographum
1937 2826 2229 2877 transsumti
2277 2827 2531 2879 Gwidonis
2578 2838 2673 2881 etc.
2720 2845 2902 2895 nempe
2949 2827 3173 2879 eiusdem

318 2930 379 2965 ae
412 2914 477 2967 R.
501 2915 535 2966 9
567 2916 698 2968 inter
720 2916 768 2968 N
771 2916 1162 2982 erimbergensia
1197 2934 1245 2968 n.
1277 2915 1357 2967 16.
1413 2915 1562 2966 Cuius
1597 2916 1851 2967 introitus:
1895 2915 2170 2981 „Norerint
2203 2914 2422 2967 universi
2455 2934 2665 2983 presens
2700 2916 2953 2983 publicum
2981 2916 3169 2967 instru-

316 3012 538 3055 mentum
579 3005 880 3072 inspecturi‚
927 3006 1060 3071 quod
1105 3024 1198 3057 nos
1244 3005 1400 3057 frater
1437 3004 1613 3057 Gwido
1651 3005 1716 3055 de
1751 3004 1926 3056 ordine
1963 3005 2125 3056 sancti
2159 3004 2453 3071 Augustini,
2502 3006 2585 3056 dei
2620 3006 2789 3071 gracia
2824 3013 2997 3056 sancte
3035 3005 3169 3055 Gra·

317 3092 487 3145 densis
523 3094 734 3146 ecclesie
775 3095 1061 3163 patriarcha
1097 3104 1150 3147 ot
1183 3095 1516 3147 veneciarum
1551 3092 1906 3159 Dalmacieque
1941 3094 2156 3161 primas,
2204 3102 2255 3143 et
2290 3110 2383 3145 nos
2418 3094 2575 3145 frater
2608 3094 2859 3145 Iohannes
2897 3095 2961 3145 de
2998 3092 3172 3144 ordine

315 3180 524 3233 fratrum
555 3182 817 3245 minorum,
856 3184 1026 3235 divina
1060 3184 1383 3235 miseracione
1407 3182 1592 3233 Barine
1627 3192 1682 3233 et
1705 3183 1955 3235 Canusino
1990 3181 2126 3233 sedis
2164 3181 2584 3248 archiepiscopus,
2622 3182 2831 3233 vidimus
2854 3190 2907 3233 et
2932 3182 2995 3233 de
3019 3181 3171 3233 verbo

317 3270 384 3321 ad
417 3272 624 3323 verbum
667 3272 970 3339 inspeximus
1017 3282 1070 3325 et
1110 3272 1178 3323 ad
1210 3272 1507 3327 instanciam
1541 3271 1761 3337 religiosi
1797 3271 1888 3322 viri
1922 3250 2090 3323 fratris
2126 3270 2425 3323 Hartmanni
2462 3270 2527 3322 de
2562 3270 2909 3336 Heldruingen
2946 3270 3171 3337 magistri

315 3359 576 3426 hospitalis
625 3370 796 3413 sancte
842 3361 1002 3412 Marie
1049 3360 1466 3413 Theutonicorum
1512 3359 1892 3412 Ierosolimitani
1940 3360 2233 3413 transscribi
2278 3368 2329 3411 et
2386 3359 2629 3426 publicari
2675 3359 2881 3410 fecimus
2928 3359 3171 3425 quasdam

315 3447 486 3500 literas
533 3448 692 3501 felicis
736 3449 1100 3503 recordacionis
1147 3449 1334 3501 domini
1369 3448 1662 3500 Allexandri
1704 3468 1837 3517 pape
1874 3449 1974 3500 1111
2022 3466 2134 3501 cum
2168 3466 2288 3500 vera
2332 3448 2471 3499 bulla
2516 3447 2752 3515 plumbea
2795 3456 2847 3499 et
2891 3447 2975 3499 filo
3012 3448 3171 3499 serico

316 3533 511 3604 integro
548 3544 602 3589 ot
635 3556 776 3601 sano,
813 3556 912 3591 non
950 3538 1188 3601 abolitas,
1225 3556 1324 3589 non
1362 3556 1530 3600 rasae,
1567 3556 1668 3590 non
1705 3538 2009 3590 cancellatas
2046 3555 2140 3589 nec
2174 3538 2225 3589 in
2262 3537 2429 3603 aliqua
2465 3537 2542 3589 sui
2577 3546 2723 3604 parte
2759 3537 2981 3599 viciatas,
3018 3536 3172 3589 nichil

317 3625 491 3677 addito
526 3626 608 3678 vel
642 3626 882 3679 diminuto
919 3626 998 3677 vel
1031 3635 1238 3688 mutato,
1275 3628 1408 3693 quod
1443 3628 1604 3693 possit
1637 3628 1896 3679 immutare
1932 3627 2241 3679 sentenciam
2276 3627 2357 3677 vel
2390 3626 2744 3687 substanciam,
2787 3643 2993 3692 quarum
3026 3635 3172 3677 tenor

315 3732 409 3781 per
444 3716 610 3767 omnia
654 3716 770 3769 talis
807 3717 944 3767 est“.
1009 3715 1242 3767 clausula
1277 3734 1396 3768 vero
1444 3716 1633 3768 finalis:
1689 3716 1776 3782 „In
1813 3717 1952 3767 cuius
1989 3716 2062 3766 rei
2098 3715 2432 3767 testimonium
2468 3724 2519 3767 et
2554 3715 2861 3766 evidenciam
2896 3714 3171 3781 pleniorem

315 3820 408 3855 nos
443 3804 729 3871 patriarcha
762 3812 815 3855 et
849 3803 1034 3870 primas
1071 3820 1132 3855 ac
1167 3804 1569 3871 archiepiscopus
1606 3805 1880 3872 supradicti
1915 3805 1981 3855 ad
2006 3804 2301 3855 instanciam
2323 3804 2509 3870 prefati
2537 3804 2779 3870 magistri,
2814 3812 2872 3854 ut
2892 3804 3171 3870 predictum

316 3900 423 3955 est,
467 3894 844 3960 transscriptum
896 3892 1180 3945 huiusmodi
1227 3893 1290 3945 de
1327 3894 1478 3945 verbo
1526 3894 1592 3946 ad
1627 3896 1833 3945 verbum
1869 3894 1933 3945 <le
1971 3892 2195 3959 predicto
2232 3892 2460 3959 originali
2496 3902 2745 3959 sumptum
2780 3902 2833 3943 et
2866 3892 3171 3959 publicatum

315 3980 523 4033 fecimus
567 3990 846 4034 nostrorum
881 3980 1156 4048 sigillorum
1189 3982 1458 4033 munimine
1494 3982 1732 4034 roborari.
1796 3982 1983 4033 Datum
2007 3982 2219 4033 Viterbii
2254 3999 2385 4033 anno
2422 3982 2610 4033 domini
2644 3992 2737 4033 111⁰.
2756 3994 2837 4033 cc⁰
2858 3982 3052 4033 lxxviii⁰
3086 3984 3167 4034 in-

316 4069 536 4123 dictione
572 4070 680 4135 cvii·
717 4071 970 4136 omissum)
1009 4088 1146 4122 nona
1181 4071 1262 4122 die
1298 4070 1528 4122 intrantis
1563 4072 1748 4123 mensis
1784 4071 2083 4138 septembris
2120 4069 2437 4138 pontificatus
2474 4070 2661 4121 domini
2683 4072 2895 4138 Nycolai
2930 4090 3063 4139 pape
3096 4072 3171 4123 ΠΙ

315 4176 448 4211 anno
484 4158 695 4226 primo“.
765 4160 827 4209 In
863 4158 1063 4211 archivo
1098 4159 1467 4225 Regimontano
1509 4168 1863 4211 transsnmtum
1901 4160 2133 4226 Caeparis
2167 4159 2573 4211 Pomezaniensis
2608 4160 2831 4228 episcopi
2867 4161 2915 4213 d.
2943 4161 2993 4213 d.
3035 4162 3170 4214 1453

314 4247 442 4301 febr.
471 4246 536 4299 12
571 4247 892 4317 Risenbnrgi.
921 4278 982 4287 ·—-
1025 4248 1287 4301 Caeterum
1321 4257 1487 4301 textus
1523 4248 1794 4301 concordat
1828 4248 2120 4301 Honoriano
2157 4266 2208 4300 n.
2224 4248 2328 4299 405
2366 4266 2418 4317 p.
2437 4249 2559 4301 334.

321 4521 499 4594 543.
540 4526 722 4593 1257
765 4529 928 4593 maii
951 4528 1041 4593 30
1093 4526 1369 4593 Viterbii.
1441 4527 1802 4593 Alea-ander
1832 4527 1944 4592 IV
1976 4530 2199 4615 repetit
2240 4551 2305 4591 n.
2339 4528 2467 4594 541
2516 4529 2594 4593 de
2639 4529 2815 4594 1257
2858 4530 3017 4592 maii
3058 4530 3165 4593 29.

537 4665 900 4755 Alexander
957 4672 1071 4735 etc.
1295 4668 1642 4753 Religiosos
1697 4670 1866 4736 viros
1923 4674 2039 4735 etc.
2131 4668 2367 4735 Datum
2408 4668 2676 4736 Viterbii
2732 4668 2805 4735 iii
2848 4668 2974 4735 kal.
3010 4668 3168 4735 iunii

314 4772 718 4860 pontificatus
763 4775 968 4843 nostri
1011 4794 1172 4843 anno
1217 4778 1431 4844 tercio.
3210 4778 3222 4785 ’
