3892 5609
722 324 872 397 334
1695 336 2123 384 Pom-nucum
2168 335 2613 384 Romanorum
2698 358 2709 373 κ

716 494 882 560 dem‘
902 496 1132 561 fratres
1175 495 1410 560 intuitu
1456 493 1776 578 religionis
1823 502 1887 561 et
1929 494 2279 561 honestatis
2324 516 2437 561 sue
2482 494 2787 561 sincerius
2840 494 2907 559 in
2950 494 3207 561 domino
3254 492 3595 577 diligamus

715 606 781 667 et
836 602 1071 668 famam
1128 603 1410 688 ipsorum
1425 653 1442 685 ,
1503 622 1624 687 que
1681 622 1794 688 per
1838 603 2119 685 graciam
2175 602 2279 668 dei
2324 601 2557 686 ubique
2602 608 2913 667 terrarum
2958 601 3244 667 noscitur
3287 599 3595 684 redolere,

715 708 920 774 modis
967 709 1255 775 omnibus
1303 714 1665 792 satagamus
1709 728 2083 775 conservare
2127 709 2370 775 illesam
2420 714 2485 773 et
2527 708 2619 774 ita
2664 728 2769 773 eos
2802 706 3145 794 apostolice
3173 708 3597 793 proteccionis

715 814 916 901 clipeo
971 817 1360 898 muniamus,
1419 815 1584 900 quod
1633 817 1711 882 ab
1766 816 2261 902 inpugnancium
2320 814 2860 901 persecutionibus
2906 814 3103 898 quieti
3152 834 3295 881 esse
3342 814 3599 880 valeant

716 927 780 987 et
823 922 1045 987 securi.
1117 921 1422 1001 Quocirca
1465 922 1861 989 universitati
1897 928 2105 989 vestre
2150 944 2265 1009 per
2310 921 2657 1008 apostolica
2700 922 2937 1007 scripta
2980 920 3363 987 mandamus
3410 928 3598 1007 atque

716 1028 1119 1114 precipimuS,
1169 1030 1462 1114 quatinus
1510 1028 1939 1115 parrochianis
1987 1030 2213 1096 vestris
2260 1029 2375 1096 sub
2422 1028 2933 1095 interminatione
2978 1028 3408 1095 anathematis
3450 1049 3597 1114 pro-

713 1128 1004 1219 hibeatis,¹
1049 1156 1130 1201 ne
1177 1136 1478 1222 predictis
1521 1136 1824 1202 fratribus
1869 1137 1938 1201 in
1984 1135 2293 1219 domibus,
2344 1134 2720 1203 animalibus
2768 1142 2881 1202 aut
2908 1135 3050 1201 aliis
3084 1136 3596 1221 possessionibus

715 1242 846 1307 suis
895 1241 1170 1325 aliquam
1215 1242 1514 1309 iniuriam
1559 1244 1836 1310 inferant
1880 1242 1981 1309 vel
2024 1263 2383 1326 gravamen.
2469 1242 2537 1308 Si
2584 1240 2721 1326 qui¹
2772 1248 2979 1308 autem
3028 1242 3595 1329 parrochianorum

714 1353 1064 1414 vestrorum
1111 1348 1278 1415 bona
1319 1350 1656 1415 eorundem
1688 1350 1956 1415 fratrum
1988 1350 2515 1435 perturbaverint,
2561 1350 2684 1415 nisi
2718 1349 2940 1414 moniti
2972 1349 3063 1415 eis
3092 1348 3383 1435 plenarie
3412 1350 3599 1416 satis-

713 1454 1009 1538 fecerint,
1068 1455 1240 1541 ipsos
1301 1455 1548 1542 publice
1609 1458 1886 1523 accensis
1943 1456 2220 1522 candelis
2279 1456 2833 1522 excommunicetis
2880 1462 2945 1521 et
2994 1456 3243 1521 faciatis
3290 1462 3595 1542 tanquam

717 1562 1289 1629 excommunicatos
1337 1562 1415 1628 ab
1464 1564 1753 1630 omnibus
1801 1563 2046 1629 evitari.
2116 1562 2355 1629 Datum
2404 1569 2521 1629 etc.

928 1700 1050 1753 Sine
1077 1703 1221 1754 dato:
1257 1702 1298 1765 1,
1325 1701 1394 1753 70
1430 1719 1479 1754 n.
1505 1703 1604 1764 303
1641 1703 1708 1765 11,
1733 1704 1802 1755 98
1839 1722 1888 1755 n.
1914 1703 2010 1764 303
2048 1704 2111 1754 A.
2136 1704 2205 1753 20
2242 1721 2292 1755 n.
2318 1704 2388 1755 30
2424 1704 2601 1755 Latine
2638 1710 2691 1755 et
2714 1704 3016 1755 Germanice
3028 1722 3043 1763 ς
3081 1703 3144 1755 D.
3166 1704 3235 1754 29
3274 1703 3594 1755 Germanice.

721 1790 769 1842 1.
807 1790 916 1855 quis
951 1790 992 1843 Ι.

1837 1883 2471 1890 --.----.-.-.-.

718 2028 897 2099 404.
941 2031 1147 2111 (Inte-r
1190 2032 1368 2098 1216
1413 2032 1562 2096 iulii
1597 2034 1686 2098 24
1732 2046 1788 2097 et
1832 2034 2017 2099 1227
2062 2036 2283 2098 martii
2326 2032 2465 2113 18.)
2536 2034 2861 2097 Honorius
2894 2032 3019 2097 III
3054 2034 3339 2098 concedit
3382 2034 3596 2098 ordini

949 2138 1358 2219 TheutonicO,
1417 2151 1487 2204 ut
1537 2140 1613 2203 de
1659 2141 1913 2204 decimis
1971 2152 2120 2205 caet.
2170 2163 2297 2204 non
2342 2143 2425 2204 sic
2468 2142 2761 2205 asc-rictus
2805 2142 3181 2225 respondere
3225 2140 3592 2226 apostolicis

940 2246 1182 2325 litteris,
1231 2248 1294 2311 si
1331 2268 1460 2310 non
1507 2248 1749 2310 ordinis
1797 2269 2155 2331 expressam
2178 2248 2443 2331 faciant
2485 2250 2871 2313 mentionem.

938 2386 1254 2453 Honorius
1301 2386 1634 2473 episcopus
1689 2406 1909 2453 servus
1968 2408 2293 2455 servorum
2352 2388 2455 2453 dei
2508 2387 2752 2455 dilectis
2806 2386 2954 2452 filiis
2998 2388 3307 2471 magistro
3355 2394 3423 2453 et
3468 2388 3590 2453 fra-

715 2493 918 2559 tribus
967 2498 1083 2559 etc.
1309 2492 1470 2559 Cum
1512 2496 1681 2560 inter
1710 2515 1820 2560 vos
1867 2500 1932 2561 et
1978 2495 2431 2561 ecclesiasticas
2479 2499 2543 2561 et
2586 2494 2897 2561 seculares
2926 2514 3231 2580 personas
3262 2514 3459 2581 super
3488 2494 3591 2561 de·

717 2600 896 2666 cimis
945 2602 1008 2665 et
1059 2599 1344 2685 pluribus
1391 2600 1532 2665 aliis
1580 2601 1824 2685 questio
1871 2602 1957 2667 sit
2000 2601 2288 2687 suborta,
2344 2602 2470 2688 ipsi
2512 2602 2757 2669 litteras
2806 2622 2845 2667 a
2886 2600 3035 2667 sede
3080 2600 3433 2685 apostolica
3476 2602 3591 2667 im-

716 2709 1038 2792 petrantes
1069 2707 1288 2772 domos
1318 2713 1560 2773 vestras
1605 2707 1848 2791 litigiis,
1897 2707 2063 2775 sicut
2104 2708 2603 2792 significantibus
2634 2709 2811 2775 vobis
2844 2703 3248 2792 accepimus¹,
3294 2708 3590 2793 expensis

717 2812 1074 2879 difficilibus
1119 2814 1489 2899 inquietant.
1563 2814 1856 2881 Volentes
1900 2816 2097 2899 igitur
2128 2814 2393 2881 sollicite
2440 2816 2792 2901 providere,
2836 2834 2918 2881 ne
2958 2833 3149 2898 super
3176 2813 3302 2879 hiis
3332 2814 3590 2899 possitis

717 2919 998 3003 qualibet
1026 2920 1382 2987 temeritate
1413 2922 1651 3004 vexari,
1699 2922 2071 2988 auctoritate
2101 2921 2277 2988 vobis
2310 2922 2655 3007 apostolica
2684 2920 3103 3003 indulgemus,
3151 2924 3241 3003 ut,
3284 2920 3343 2985 si
3372 2927 3591 2986 contra

715 3047 828 3093 vos
875 3046 1064 3113 super
1093 3027 1352 3093 decimis
1399 3033 1464 3094 et
1509 3027 1647 3093 aliis
1691 3047 1818 3093 non
1857 3028 2027 3094 facta
2057 3030 2375 3093 mentione
2404 3029 2675 3095 fratrum
2704 3027 3034 3113 hospitalis
3068 3026 3350 3092 eiusdem
3380 3026 3591 3093 littere

715 3133 952 3200 fuerint
980 3154 1018 3199 a
1049 3134 1196 3199 sede
1227 3134 1571 3219 apostolica
1599 3134 1955 3219 impetrate,
1982 3135 2073 3200 eis
2104 3134 2364 3201 minime
2388 3134 2729 3202 teneamini
2758 3133 3159 3220 respondere.
3206 3132 3447 3199 Datum
3472 3142 3590 3201 etc-

929 3274 1050 3325 Sine
1087 3273 1231 3325 dato:
1269 3273 1336 3335 H,
1361 3273 1522 3332 92v.;
1558 3274 1622 3324 A.
1645 3272 1718 3325 20
1753 3290 1803 3325 n.
1829 3274 1887 3325 11
1929 3274 2111 3327 Latine
2148 3282 2201 3325 et
2238 3274 2567 3335 Germaniam
2602 3276 2667 3326 D.
2694 3274 3011 3327 Germanice.
3170 3275 3217 3325 1.
3254 3272 3405 3325 deest
3438 3276 3527 3325 et?

719 3548 897 3619 405.
940 3549 1148 3631 (Inter
1176 3550 1352 3616 1216
1395 3550 1545 3616 iulii
1571 3551 1660 3616 24
1706 3564 1762 3616 et
1805 3551 1982 3617 1227
2026 3554 2249 3616 ‘martii
2277 3551 2421 3631 18.)
2490 3551 2816 3616 Honorius
2849 3551 2973 3616 III
3009 3552 3303 3630 mandat,
3364 3572 3445 3614 ne
3488 3552 3591 3615 cui

937 3662 1072 3723 sine
1127 3656 1396 3743 speciali
1447 3658 1828 3743 apostolicae
1881 3658 2047 3723 sedis
2094 3661 2272 3722 iussn
2318 3658 2501 3722 liceat
2542 3661 2615 3723 in
2660 3660 2943 3723 ordinem
2998 3657 3061 3723 T
3052 3658 3452 3723 hentonicum
3496 3656 3589 3721 vel

937 3766 1263 3829 servientes
1309 3766 1440 3829 eius
1486 3766 2139 3831 excommunicationis
2184 3764 2284 3828 vel
2324 3766 2645 3830 interdicti
2684 3767 3049 3831 sententiam
3090 3764 3521 3851 promulqare.

937 3904 1254 3972 Honorius
1310 3906 1638 3992 episcopus
1699 3925 1918 3971 servus
1980 3924 2301 3971 servorum
2360 3904 2461 3970 dei
2519 3904 2764 3971 dilectis
2810 3904 2957 3971 filiis
3004 3905 3307 3988 magistro
3356 3908 3421 3970 et
3462 3902 3585 3969 fra-

715 4012 916 4079 tribus
962 4012 1184 4078 domus
1231 4011 1558 4098 hospitalis
1605 4017 1819 4077 sancte
1863 4009 2063 4077 Marie
2112 4010 2637 4077 Theotonicorum
2681 4011 3167 4079 Ierosolimitani
3212 4010 3479 4077 salutem
3526 4015 3587 4075 et

715 4119 1127 4205 apostolicam
1170 4118 1687 4185 benedictionem.
1923 4118 2081 4183 Cum
2127 4138 2240 4183 vos
2283 4123 2605 4203 tamquam
2652 4119 2957 4207 speciales
3000 4119 3284 4185 Romane
3330 4117 3585 4183 ecclesie

715 4225 878 4292 filios
924 4232 1130 4292 vestre
1187 4225 1509 4308 religionis
1561 4225 1794 4291 intuitu
1841 4230 1906 4291 et
1951 4225 2479 4291 consideracionis
2522 4226 2838 4311 obsequii,
2898 4227 3062 4311 quod
3108 4226 3227 4291 deo
3270 4226 3585 4291 ferventer

713 4332 1083 4419 impenditis
1128 4332 1195 4398 in
1239 4332 1668 4398 ultramarinis
1716 4330 2001 4417 partibus
2044 4332 2113 4397 in
2148 4330 2511 4398 defensione
2540 4333 2870 4399 christiani
2900 4333 3195 4416 nominis,
3228 4332 3581 4415 diligamus,

715 4439 944 4507 vestris
989 4438 1280 4525 precibus
1335 4439 1622 4506 inclinati
1669 4439 2041 4505 auctoritate
2084 4439 2481 4524 presencium
2529 4440 2705 4506 vobis
2748 4439 3176 4523 indulgemuS,
3234 4444 3309 4505 ut
3352 4438 3582 4504 nemini

713 4545 902 4611 liceat
955 4546 1092 4611 sine
1145 4546 1442 4612 mandato
1497 4545 1764 4612 Romani
1821 4544 2135 4631 pontificis
2192 4545 2451 4631 speciali
2508 4546 2577 4611 in
2632 4566 2771 4631 vos,
2828 4546 3217 4633 presbiteros
3275 4550 3341 4611 et
3394 4544 3583 4611 laicos

713 4658 978 4736 vestroS,
1027 4672 1290 4736 quorum
1337 4653 1514 4719 vobis
1559 4653 1754 4736 aliqui
1799 4652 2019 4735 gratia,
2069 4651 2179 4718 alii
2210 4672 2357 4719 vero
2404 4653 2485 4719 ad
2529 4654 2763 4720 solidos
2804 4654 3112 4737 serviunt,
3159 4652 3583 4718 excommuni-

715 4760 990 4825 cacionis
1035 4759 1136 4826 vel
1179 4759 1499 4826 interdicti
1543 4760 1929 4825 sentenciam
1973 4758 2397 4845 promulgare,
2444 4765 2528 4843 et,
2576 4762 2632 4825 si
2678 4760 2926 4845 qnando
2972 4760 3040 4825 in
3079 4778 3193 4825 vos
3224 4758 3324 4825 vel
3368 4760 3437 4825 in
3482 4778 3581 4824 eos

715 4866 796 4933 ab
841 4865 1052 4951 aliquo
1097 4866 1456 4933 huiusmodi
1501 4866 1823 4932 sentencia
1863 4865 1999 4932 lata
2040 4866 2251 4949 fuerit,
2298 4886 2425 4931 non
2472 4865 2821 4933 obmittatis
2864 4866 3160 4933 ecclesias
3188 4866 3582 4951 frequentare

717 4979 828 5040 aut
867 4973 1130 5041 servicio
1173 4974 1395 5040 domus
1427 4979 1634 5039 vestre
1663 4969 1792 5041 vel¹
1823 4972 2055 5039 divinis
2087 4972 2309 5040 officiis
2338 4973 2665 5058 interesse,
2712 4994 2861 5040 cum
2882 4972 3243 5041 huiusmodi
3274 4975 3583 5042 sententia
