3892 5609
1193 358 1422 407 'remu
1469 357 1752 407 sai-rou.
1822 359 2155 407 ARMENJA.
2227 358 2493 407 errans
3188 350 3278 423 15

405 518 676 603 concedo
705 518 844 603 tibi,
872 516 1250 603 'Guilielme,
1297 517 1676 585 venerabilis
1707 518 2005 605 Tyrensis
2040 518 2301 587 ecclesie
2334 516 2822 603 archiepiscope,
2871 520 2935 583 et
2964 536 3283 585 successo-

402 625 579 693 ribus
624 626 752 693 tuis
799 630 862 693 et
903 645 1020 711 per
1061 629 1126 693 te
1159 624 1418 693 ecclesie
1448 630 1556 691 tue
1584 625 1652 691 in
1690 630 2070 712 perpetuum
2106 626 2415 693 decimam
2446 625 2835 708 exeniorum,
2883 624 2951 689 id
2998 629 3095 691 est
3136 644 3283 710 pre-

405 733 680 801 sentium
724 733 1027 817 omnium,
1075 752 1196 817 que
1239 730 1402 799 fiunt
1447 752 1527 797 ex
1572 737 1707 798 tota
1750 736 1923 800 terra
1955 732 2188 799 Toroni
2232 732 2299 799 in
2346 730 2679 798 nativitate
2722 731 2981 817 domini,
3028 732 3097 797 in
3142 752 3281 799 car-

401 840 696 909 nelevare
741 844 808 907 et
847 840 918 907 iu
962 860 1176 926 pasca,
1229 840 1300 907 in
1343 838 1596 923 gallinis
1642 840 1904 927 scilicet,
1953 840 2110 924 ovis,
2156 839 2379 923 caseiS,
2434 835 2683 907 ectulis¹
2730 843 2795 905 et
2836 838 3057 922 lignis3
3114 838 3282 905 deci-

403 966 576 1015 mam
623 968 868 1033 quoque
914 948 1352 1031 bisantiorum,
1402 968 1556 1033 quos
1605 947 1684 1014 de
1726 947 1943 1015 liberis
1990 947 2266 1013 carrucis
2314 945 2553 1032 accipio
2585 946 2685 1013 vel
2716 948 3087 1031 accepturus
3118 964 3277 1011 sum.

401 1052 587 1122 Dono
639 1054 1050 1123 nihilominus
1108 1060 1172 1122 et
1227 1054 1532 1139 concede,
1591 1054 1759 1139 quod
1803 1055 2028 1121 villani
2082 1054 2410 1121 universas
2457 1053 2765 1137 decimas,
2820 1074 2977 1138 quas
3024 1054 3103 1121 de
3146 1059 3286 1122 tota

402 1165 578 1229 terra
620 1161 854 1229 Toroni
911 1162 992 1229 do
1047 1168 1111 1229 et
1167 1162 1319 1229 dare
1383 1166 1842 1229 consueverunt
1894 1162 2371 1247 predecessores
2427 1161 2584 1245 mei,
2638 1161 2709 1227 in
2766 1160 3025 1227 domum
3078 1166 3276 1245 tuam,

405 1288 528 1355 que
572 1272 671 1336 est
713 1268 885 1355 apud
929 1269 1268 1355 Turonum,
1316 1270 1670 1355 deportent,
1725 1274 1797 1335 ut
1843 1270 2009 1335 sicut
2052 1269 2234 1337 nobis
2278 1290 2505 1335 novem
2552 1273 2767 1354 partes
2811 1268 2905 1334 ita
2948 1267 3067 1335 tibi
3112 1268 3279 1335 deci-

402 1395 576 1442 mam
622 1376 758 1443 sine
803 1376 1298 1444 contradictione
1342 1376 1648 1443 deferant.
1718 1375 1805 1442 Et
1835 1381 1907 1441 ut
1938 1376 2127 1443 huius
2158 1376 2515 1445 donationis
2564 1380 2628 1441 et
2649 1375 3091 1463 *concessionis
3138 1396 3278 1443 mee

402 1483 640 1569 pagina
680 1486 825 1549 rata
869 1484 986 1550 tibi
1031 1484 1618 1569 successoribusque
1666 1483 1792 1549 tuis
1853 1488 1917 1550 et
1976 1484 2237 1553 ecclesie
2283 1489 2389 1550 tue
2434 1487 2723 1549 teneatur
2766 1482 2835 1547 in
2884 1487 3169 1549 eternum
3216 1488 3282 1549 et

403 1589 812 1675 indissoluta,
867 1596 1228 1677 presentem
1273 1596 1516 1658 cartam
1561 1590 1830 1657 testibus
1877 1592 2251 1677 subscriptis
2304 1595 2369 1657 et
2414 1589 2619 1675 sigillo
2668 1608 2809 1655 meo
2856 1589 3089 1655 muniri
3133 1609 3279 1675 pre-

403 1698 560 1783 cepi.
629 1696 895 1765 Factum
941 1704 1038 1766 est
1079 1698 1200 1766 hoc
1229 1718 1393 1765 anno
1425 1698 1504 1765 ab
1535 1698 1970 1765 incarnatione
2002 1696 2242 1764 domini
2288 1706 2377 1763 m⁰
2409 1707 2467 1765 c⁰
2497 1696 2731 1763 lxxxii⁰
2774 1696 3115 1763 indictione
3146 1706 3275 1763 xv·.

401 1802 608 1871 Huius
651 1804 746 1870 rei
790 1810 986 1873 testes
1016 1811 1164 1873 sunt
1194 1805 1328 1873 Odo
1359 1804 1704 1873 Beritensis
1738 1806 2103 1892 episcopus3
2149 1804 2538 1872 Reimundus
2570 1824 2777 1871 comes
2810 1803 3277 1889 Tripolitanus;

401 1908 745 1977 Ioscelinus
774 1913 958 1996 'regis
1005 1912 1429 1995 senescalcus3
1475 1913 1770 1999 princeps
1816 1912 2193 1993 Rainaldus3
2241 1911 2587 1978 Raiualdus
2636 1910 2907 1998 Sydonis
2955 1912 3275 1995 dominus3

400 2016 784 2085 Laurentius
828 2019 906 2085 de
935 2019 1178 2087 Franco
1223 2020 1394 2102 loco;
1438 2018 1786 2085 Balduinus
1822 2020 1900 2085 de
1929 2018 2167 2086 Duaco.
2238 2017 2477 2085 Datum
2505 2018 2847 2085 Ierusalem
2890 2038 3007 2104 per
3051 2039 3277 2087 manus

403 2122 750 2193 Guillielmi
796 2125 1094 2213 Tyrensis
1141 2126 1599 2213 archiepiscopi
1643 2127 1936 2213 regisque
1980 2125 2343 2193 cancellarii
2384 2146 2427 2191 v
2466 2124 2592 2192 kal.
2632 2124 2804 2192 maii.

555 2271 560 2275 ’
615 2266 660 2330 1,
695 2266 825 2319 85v.
880 2268 1170 2321 Annotatur
1203 2267 1258 2319 in
1291 2266 1418 2319 fine:
1459 2266 1601 2335 „Hoc
1635 2266 1953 2347 privilegium
1986 2266 2146 2319 habet
2180 2266 2392 2319 ecclesia
2426 2266 2719 2334 Tyrensiffl.
2902 2267 2949 2318 1.
2985 2268 3009 2317 ‘I

409 2619 529 2691 16.
576 2624 752 2691 1183
807 2626 1027 2690 martii
1065 2626 1154 2691 19
1197 2623 1434 2691 Accon.
1527 2625 1892 2691 Balduinus
1935 2624 2050 2691 IV
2094 2624 2711 2711 Hierosolymitanus
2772 2646 2885 2691 rex
2952 2624 3279 2707 confirmat

580 2730 888 2798 loscelino
933 2732 1278 2798 senescalco
1325 2757 1366 2798 a
1417 2729 1737 2817 Gaufm‘do
1784 2731 1978 2799 Torto
2025 2744 2393 2820 comparata
2440 2732 2911 2819 quatuordeeim
2956 2732 3215 2797 casalia.

623 2872 860 2940 Notum
917 2874 1004 2940 sit
1047 2873 1337 2941 omnibus
1381 2878 1514 2939 tam
1558 2872 1789 2939 futuris
1835 2894 2023 2958 quam
2069 2873 2499 2961 presentibus,
2558 2871 2726 2957 quod
2770 2892 2883 2956 ego
2928 2871 3277 2940 Balduinus

401 2998 516 3067 per
561 2979 662 3046 dei
715 2982 994 3065 graciam
1053 2981 1122 3047 'm
1179 2986 1400 3047 sancta
1453 2981 1710 3047 civitate
1752 2980 2095 3048 Ierusalem
2138 2978 2513 3047 Latinorum
2570 2999 2685 3045 rex
2742 2986 2958 3047 sextus
3004 2981 3277 3047 concedo

401 3091 468 3153 et
509 3085 810 3153 confirmo
855 3087 974 3153 tibi
1018 3087 1353 3172 loscelino,
1415 3087 1720 3153 avunculo
1767 3092 1832 3155 et
1877 3087 2233 3155 senescalco
2278 3107 2453 3171 meo,
2502 3092 2567 3153 et
2609 3086 2945 3155 heredibus
2990 3089 3117 3155 tuis
3162 3088 3279 3155 hec

401 3192 760 3281 subscripta
814 3194 1048 3263 casalia
1090 3215 1236 3261 cum
1281 3215 1500 3261 eorum
1543 3195 1953 3282 pertinenciis
1998 3200 2063 3261 et
2107 3194 2551 3278 divisionibus,
2605 3194 2795 3261 terris
2840 3194 3025 3262 cultis
3072 3198 3137 3262 et
3178 3194 3277 3261 in-

401 3298 620 3385 cultis,
667 3300 907 3387 planiS,
953 3303 1304 3387 montanis,
1361 3302 1540 3387 aquis
1588 3306 1652 3369 et
1693 3302 2085 3386 nemoribuS,
2131 3302 2386 3369 rusticis
2434 3320 2709 3387 quoque,
2758 3302 2866 3386 qui
2911 3302 2989 3368 de
3036 3300 3277 3369 eisdem
3342 3348 3349 3355 -

399 3407 714 3477 casalibus
759 3412 910 3475 sunt
951 3409 1108 3494 nati,
1155 3409 1532 3495 ubicumque
1577 3408 1722 3476 sint.
1806 3407 1939 3487 Que
1984 3408 2221 3475 casalia
2264 3428 2405 3475 cum
2452 3409 2821 3496 prescriptis
2869 3409 3159 3476 omuibus
3205 3414 3277 3475 tu

401 3534 442 3581 a
487 3513 790 3583 Gaufrido
837 3514 1029 3582 Torto
1075 3514 1398 3584 voluntate
1458 3521 1522 3583 et
1578 3536 1840 3583 assensu
1883 3515 2227 3583 Flandrine
2272 3517 2490 3583 uxoris
2550 3536 2662 3583 sue
2718 3522 2783 3584 et
2826 3514 3115 3583 Gaufridi
3159 3514 3278 3583 filii

401 3622 502 3687 sui
545 3642 658 3689 sex
703 3622 958 3689 milibus
1002 3623 1416 3690 bisantiorum
1459 3622 1871 3709 comparasti3
1917 3623 2034 3690 tali
2078 3628 2315 3707 tenore,
2364 3624 2529 3709 quod
2574 3623 2811 3708 feodoS,
2860 3644 3015 3710 quos
3050 3623 3185 3691 Seit
3213 3628 3279 3691 et

402 3726 774 3796 Guillelmus
819 3731 948 3796 iam
995 3730 1146 3797 dicti
1179 3729 1468 3799 Gaufridi
1513 3730 1858 3798 servientes
1905 3730 1971 3796 in
2018 3730 2255 3796 eisdem
2300 3730 2613 3797 casalibus
2658 3730 2993 3814 habebant,
3040 3731 3277 3798 scriba-

399 3836 573 3903 niam
619 3836 861 3905 scilicet
893 3841 959 3903 et
987 3837 1575 3921 drugumanagium,
1620 3838 1688 3903 in
1732 3837 2063 3923 presencia
2107 3857 2251 3904 mea
2280 3836 2525 3921 quietos
2556 3836 2988 3903 clamaverunt
3016 3843 3081 3904 et
3105 3838 3277 3905 idem

401 3941 740 4011 Gaufridus
787 3943 1014 4010 Tortus
1062 3944 1214 4011 alibi
1259 3946 1349 4011 eis
1397 3942 1556 4011 alios
1603 3944 1951 4028 assignavit
1992 3944 2241 4029 feodos,
2285 3943 2402 4011 tali
2446 3964 2693 4031 quoque
2738 3944 2946 4027 modo,
2994 3943 3161 4028 quod
3204 3950 3277 4011 tu

399 4070 517 4136 pro
563 4049 800 4117 eisdem
858 4050 1170 4119 casalibus
1231 4051 1566 4119 servicium
1613 4051 1880 4118 duorum
1924 4051 2201 4118 militum
2244 4052 2362 4119 tibi
2404 4050 2531 4138 ipsi
2575 4050 2771 4118 facias
2818 4055 2883 4117 et
2923 4051 3063 4138 ipse
3108 4050 3277 4119 Gau-

397 4156 601 4223 fridus
633 4157 861 4225 Tortus
905 4158 1035 4226 tale
1081 4159 1438 4245 servicium,
1487 4158 1672 4245 quale
1701 4178 1818 4246 pro
1849 4159 2101 4225 residuo
2133 4165 2300 4227 terre
2330 4180 2443 4226 sue
2472 4158 2679 4243 debet,
2724 4158 2933 4227 facere
2965 4164 3271 4227 teneatur.

401 4261 566 4330 Sunt
607 4270 817 4333 autem
863 4266 982 4335 hec
1024 4267 1287 4334 casalia:
1335 4263 1684 4351 Elgabcie¹,
1733 4264 2052 4351 HourfeX,
2100 4266 2399 4350 Carsilia,
2450 4264 2696 4351 Cassie,
2754 4264 2955 4349 Dere,
3012 4264 3065 4333 F
3069 4268 3273 4352 eenix,

397 4368 933 4457 Bellum-videre,
981 4373 1149 4459 quod
1183 4374 1415 4441 dicitur
1449 4373 1856 4441 Sarracenice
1893 4373 2191 4460 Fassove‚
2240 4373 2561 4458 Camsara,
2610 4372 3027 4458 Terretrame,
3072 4374 3275 4441 Acca·

397 4477 574 4564 bara,
623 4478 880 4565 Sorove,
927 4480 1326 4566 Sauroefoca,
1374 4481 1810 4565 Tarrebresca,
1869 4479 2227 4549 Deirbasta.
2309 4478 2508 4547 Facta
2552 4486 2651 4549 est
2694 4485 2903 4547 autem
2961 4481 3079 4547 hec
3123 4502 3277 4548 ven-

399 4585 556 4653 ditio
612 4592 874 4673 precatu
915 4587 1116 4675 ipsius
1162 4587 1481 4673 Gaufridi,
1541 4593 1614 4655 ut
1667 4593 1732 4655 et
1775 4588 1991 4656 debita
2034 4609 2151 4655 sua
2194 4587 2587 4674 persolveret
2628 4592 2695 4655 et
2738 4588 3061 4656 residuum
3105 4588 3276 4655 feodi

400 4693 500 4759 sui
543 4695 878 4777 retineret3
925 4696 1206 4782 alioquin
1235 4696 1510 4764 retinere
1540 4716 1666 4764 non
1712 4701 1965 4782 poterat
2010 4700 2349 4782 occupatus
2385 4695 2551 4763 mole
2583 4695 2958 4763 debitorum.
3024 4693 3112 4760 Ut
3154 4694 3275 4777 igi-

393 4804 502 4867 tur
531 4800 718 4868 huius
749 4803 1170 4870 concessionis
1209 4808 1274 4871 et
1306 4802 1799 4871 confirmationis
1845 4824 1985 4871 mee
2029 4805 2265 4891 pagina
2307 4810 2449 4871 rata
2494 4803 2610 4869 tibi
2658 4808 2723 4869 et
2765 4802 3101 4869 heredibus
3148 4801 3274 4867 tuis

395 4913 687 4976 teneatur
731 4910 798 4975 in
847 4914 1130 4975 eternum
1177 4915 1243 4977 et
1285 4910 1661 4978 indissoluta
1676 4961 1694 4995 ‚
1751 4918 2107 4999 presentem
2170 4916 2412 4977 cartam
2472 4910 2737 4977 testibus
2794 4908 3165 4996 subscriptis
3214 4913 3279 4975 et

395 5015 604 5101 sigillo
629 5094 634 5099 ,
657 5036 798 5084 meo
859 5018 1093 5083 muniri
1149 5020 1424 5105 precepi.
1518 5018 1782 5086 Factum
1841 5023 1939 5087 est
2001 5019 2119 5085 hoc
2181 5038 2343 5085 anno
2411 5018 2489 5086 ab
2546 5018 2978 5085 incarnatione
3036 5016 3275 5084 domini
