3892 5609
733 304 884 374 402
1703 315 2125 364 Pon‘nmouu
2170 315 2613 364 Romanorum

731 494 920 560 quam
979 474 1170 542 etiam
1225 475 1387 558 quod
1443 474 1512 540 in
1569 475 1699 541 suis
1752 475 1908 542 locis
1964 496 2289 542 remanere
2335 473 2609 562 possint,
2663 474 2719 538 si
2762 473 2881 540 hoc
2924 473 3277 538 animarum
3330 493 3581 538 suarum

733 583 921 650 saluti
951 603 1024 650 ac
1054 581 1312 648 utilitati
1345 581 1690 667 domorum,
1714 583 1780 650 iu
1807 582 2031 667 quibus
2062 583 2154 648 sic
2184 583 2420 670 recepti
2444 602 2580 649 esse
2602 585 2965 664 noscuntur,
2993 581 3289 666 expedire
3318 578 3585 645 viderint

735 691 1103 756 auctoritate
1157 695 1375 754 nostra
1419 687 1670 755 valeant
1725 690 2108 776 dispensare.
2204 689 2500 776 Reliquos
2544 708 2693 754 vero
2738 689 2997 754 mittant
3040 688 3120 754 ad
3166 687 3323 752 alias
3370 687 3583 751 domos

733 797 1011 864 eiusdem
1058 795 1296 862 ordinis
1344 801 1409 861 et
1451 816 1590 862 cum
1635 797 1790 882 ipsis
1823 817 2011 883 super
2042 797 2504 882 irregularitate
2534 795 2919 882 dispensent,
2963 816 3149 881 quam
3182 793 3413 861 exinde
3444 813 3585 858 con-

732 908 1079 970 traxerunt.
1173 901 1407 981 Quodsi
1462 904 1677 970 forsan
1733 905 1997 970 aliarum
2056 904 2385 971 domorum
2440 903 2711 970 difficilis
2766 904 2855 970 eis
2902 902 3201 969 reddatur
3246 902 3585 984 ingressus,

730 1010 937 1097 ipsoS‚
991 1030 1073 1076 ne
1127 1014 1426 1094 tanquam
1487 1031 1633 1077 oves
1691 1017 1973 1078 errantes
2027 1011 2163 1097 lupi
2219 1013 2465 1099 rapacis
2521 1010 2832 1076 morsibus
2890 1015 3179 1097 pateant,
3238 1008 3306 1073 in
3352 1005 3587 1072 eisdem

734 1117 1021 1185 domibus
1067 1122 1391 1203 tamquam
1438 1117 1516 1184 de
1559 1138 1719 1184 novo
1770 1118 2140 1184 auctoritate
2185 1119 2469 1204 predicta
2511 1118 2711 1204 recipi
2754 1116 3009 1200 faciant,
3057 1116 3147 1182 eis
3191 1115 3256 1180 in
3304 1114 3497 1180 choro
3529 1117 3589 1177 et

735 1225 1063 1291 refectorio
1109 1224 1265 1291 locis
1311 1223 1551 1290 ultimis
1597 1225 1931 1311 deputatis.
2001 1224 2238 1292 Datum
2283 1225 2570 1310 Anagnie
2599 1247 2642 1291 x
2671 1224 2973 1292 kalendas
3002 1221 3348 1290 decembris
3380 1218 3589 1307 ponti·

731 1330 952 1399 ficatus
999 1331 1196 1398 nostri
1247 1352 1408 1398 anno
1457 1336 1698 1418 quarto.

942 1472 1062 1525 Sine
1099 1472 1244 1525 dato:
1281 1472 1433 1524 A.20
1467 1473 1606 1524 n.92
1651 1475 1996 1541 „praeceptori
2031 1482 2085 1524 et
2116 1475 2352 1526 tratribus
2388 1477 2515 1526 etc.“
2557 1473 2735 1528 Latine
2772 1484 2824 1526 et
2860 1471 3158 1526 Germanice
3196 1487 3309 1520 cum
3342 1477 3489 1520 nota:
3526 1467 3583 1518 In

731 1561 1066 1614 Frankiuford
1103 1571 1154 1612 et
1181 1561 1234 1612 in
1257 1559 1454 1612 Buken.
1483 1591 1544 1599 —-
1585 1561 1708 1611 Cum
1744 1561 1887 1612 dato:
1925 1562 2183 1630 originale
2219 1563 2533 1630 praeceptori
2568 1571 2621 1613 et
2654 1561 2892 1614 fratribus
2929 1561 3116 1612 ordinis
3140 1557 3437 1610 'theutonici
3460 1555 3586 1606 Ale-

730 1652 963 1702 manniae
1007 1651 1211 1700 missum
1252 1665 1362 1700 cum
1397 1648 1534 1701 bulla
1571 1649 1620 1698 in
1657 1648 1876 1700 funiculo
1925 1651 2203 1702 cannabino
2248 1669 2475 1718 appensa
2509 1651 2561 1701 in
2598 1651 2796 1702 archivo
2833 1649 3019 1702 ordinis
3054 1647 3353 1699 Theutouici
3390 1646 3585 1696 Vindo-

730 1740 969 1801 bonensi,
1018 1738 1268 1805 quondam
1301 1736 1686 1804 Mergenthemi.
1741 1737 1803 1788 R..
1829 1737 1898 1789 98
1932 1739 2064 1791 inter
2100 1739 2324 1792 Alsatica
2356 1739 2438 1791 15.
2496 1740 2574 1790 Ex
2612 1739 2841 1805 originali
2876 1737 3061 1790 archivi
3095 1735 3470 1802 Regimontnni,
3506 1733 3587 1783 eui

729 1829 878 1879 modo
903 1828 1048 1879 deest
1079 1827 1233 1890 bulla,
1268 1826 1384 1878 edd.
1411 1843 1457 1878 v.
1483 1826 1744 1878 Kotzebue
1780 1826 2083 1880 Geschichte
2115 1827 2387 1880 Preutsens
2421 1828 2463 1892 1,
2484 1827 2592 1880 466
2628 1839 2682 1880 et
2714 1827 2842 1879 Livi.
2865 1827 2928 1878 U.
2954 1825 3015 1877 B.
3036 1825 3092 1888 1,
3115 1825 3222 1878 423
3257 1843 3309 1876 n.
3333 1823 3467 1885 3343
3504 1824 3585 1874 in-

731 1917 961 1970 scribitur
997 1915 1311 1983 praeceptori
1345 1923 1398 1966 et
1430 1914 1668 1967 fratribus
1703 1914 1754 1966 h.
1779 1933 1820 1968 s.
1844 1915 1916 1966 M,
1941 1916 2035 1968 Th.
2060 1917 2100 1970 L
2136 1918 2191 1970 in
2228 1917 2540 1970 Alemannis.

739 2147 911 2218 596.
953 2150 1129 2216 1258
1169 2149 1386 2214 novbr-⁸.
1418 2149 1508 2214 22
1550 2150 1902 2234 Anaqniae.
1986 2150 2351 2215 Alexander
2394 2150 2508 2217 IV
2540 2162 2704 2216 vetat
2746 2149 3065 2236 praelatos
3115 2149 3331 2214 ordini
3376 2145 3583 2211 Theu-

953 2261 1156 2323 touico
1209 2257 1493 2321 molestos
1549 2277 1676 2320 esee
1730 2256 1804 2321 ob
1857 2269 2233 2342 patronatus
2278 2259 2676 2324 ecclesiarum
2720 2258 2800 2322 ab
2844 2260 2985 2343 ipso
3030 2255 3306 2321 obtentos
3350 2267 3463 2320 aut
3504 2253 3583 2318 ob

953 2367 1224 2430 decimas
1269 2365 1346 2428 de
1386 2364 1676 2428 manibus
1723 2363 2030 2429 laicorum
2070 2367 2395 2430 redemtus.

906 2503 1267 2571 Alexander
1289 2503 1618 2590 episcopus
1643 2525 1859 2572 servus
1888 2524 2209 2571 servorum
2235 2505 2335 2572 dei
2358 2505 2817 2572 venerabilibus
2845 2504 3143 2570 fratribus
3169 2501 3585 2589 archiepisco·-

732 2613 832 2699 pis
859 2617 922 2678 et
943 2612 1252 2698 episcopis
1276 2616 1392 2676 etc.
1423 2609 1686 2677 salutem
1713 2618 1775 2678 et
1798 2612 2205 2698 apostolicam
2227 2612 2721 2680 benedictionem
2732 2608 2769 2678 ¹.
2916 2609 3105 2677 Suam
3133 2611 3213 2676 ad
3234 2629 3353 2677 nos
3374 2609 3583 2676 dilecti

732 2719 848 2786 filii
894 2769 909 2784 .
938 2769 953 2784 .
1001 2719 1300 2802 magister
1345 2723 1408 2784 et
1450 2717 1676 2784 fratres
1721 2718 2050 2806 hospitalis
2081 2726 2296 2787 sancte
2324 2719 2523 2787 Maris
2550 2719 3073 2786 Theutouicorum
3102 2715 3581 2784 lerosolimitani

736 2827 1187 2912 querimoniam
1235 2825 1648 2910 destinarunt,
1696 2828 1882 2912 quod,
1929 2828 1986 2893 si
2030 2828 2351 2911 contingat
2394 2828 2645 2894 eosdem
2687 2827 2785 2893 ius
2830 2829 3197 2913 patronatus
3232 2823 3583 2910 aliquarum

734 2933 1138 3000 ecclesiarum
1183 2932 1506 2997 investris
1553 2932 1903 2999 diocesibus
1952 2939 2061 2999 aut
2104 2934 2377 3001 decimas
2408 2934 2508 2999 vel
2552 2932 2709 3000 alios
2751 2938 3087 3021 proventus
3129 2931 3583 2998 ecclesiasticos

736 3040 812 3107 ab
857 3039 1005 3124 illis,
1055 3039 1134 3104 ad
1180 3058 1334 3124 quos
1382 3039 1718 3123 pertinent,
1765 3039 2043 3123 legitime
2090 3041 2370 3108 obtinere
2399 3040 2498 3106 vel
2544 3039 2816 3106 decimas
2847 3039 3153 3106 redimere
3184 3037 3263 3105 de
3292 3039 3581 3104 manibus

732 3146 1056 3231 laicorum,
1107 3165 1234 3229 voS‚
1283 3150 1850 3230 quantumcumque
1895 3147 2035 3214 sitis
2084 3147 2162 3213 ab
2209 3149 2300 3215 eis
2345 3147 2666 3214 humiliter
2700 3148 3007 3232 requisiti,
3055 3146 3133 3212 ad
3158 3145 3275 3211 hoc
3303 3153 3577 3212 vestrum

732 3274 1058 3320 assensum
1115 3251 1408 3318 adhibere
1463 3273 1590 3319 non
1645 3253 1834 3320 vultis
1892 3254 1961 3319 iu
2014 3275 2206 3338 grave
2269 3257 2549 3341 ipsorum
2608 3255 2870 3321 fratrum
2918 3252 3333 3340 preiudicium
3380 3259 3445 3319 et
3488 3253 3579 3318 sui

737 3361 972 3427 ordinis
1021 3360 1485 3443 detrimentum,
1531 3359 1678 3426 licet
1707 3361 1833 3446 ipsi
1861 3363 2068 3447 parati
2100 3362 2227 3428 sint
2256 3361 2665 3428 sufficientem
2698 3363 3057 3428 caucionem
3087 3359 3373 3447 prebere,
3420 3361 3579 3446 quod

735 3467 1008 3534 decimas
1063 3468 1235 3552 ipsas
1291 3466 1368 3532 de
1411 3462 1638 3532 manu'
1693 3466 1997 3534 laicorum
2042 3471 2400 3556 redemptas
2446 3470 2780 3536 restituent
2825 3466 3132 3551 ecclesiis,
3192 3467 3263 3533 in
3318 3489 3579 3552 quarum

735 3578 881 3640 sunt
910 3573 1254 3659 parrochiis
1285 3574 1639 3658 constitute,
1666 3575 1961 3659 quociens
1997 3577 2086 3641 eis
2115 3575 2306 3642 fuerit
2336 3576 2412 3642 de
2442 3576 2899 3662 redempcionis
2929 3575 3136 3662 precio
3169 3576 3576 3642 satisfactum.

735 3680 892 3746 Cum
952 3687 1159 3747 autem
1215 3681 1366 3747 dicti
1411 3681 1711 3764 magister
1759 3687 1824 3747 et
1866 3682 2096 3748 fratres
2142 3689 2207 3749 et
2252 3681 2361 3748 alii
2406 3682 2483 3749 de
2528 3683 2745 3749 ordine
2788 3684 3070 3770 ipsorum
3114 3683 3227 3748 illa
3270 3683 3351 3748 de
3396 3703 3581 3748 causa

735 3789 1060 3872 potissime
1116 3788 1289 3871 digni
1335 3788 1462 3853 sint
1504 3788 1738 3854 favoris
1783 3789 1997 3870 gracia
2041 3789 2331 3876 specialis
2344 3839 2373 3874 ,.
2421 3790 2569 3875 quia
2612 3789 3060 3876 hospitalitatis
3108 3787 3311 3856 officio
3358 3810 3435 3855 ac
3474 3790 3580 3855 de-

735 3894 1006 3960 fensioni
1059 3900 1225 3961 terre
1281 3901 1493 3961 sancte
1551 3915 1792 3960 necnon
1851 3894 1997 3960 fidei
2054 3896 2363 3963 katholice
2417 3897 2487 3962 in
2539 3895 2801 3964 Livonie
2860 3917 2933 3962 ac
2986 3895 3241 3963 Pruscie
3296 3896 3581 3982 partibus

735 4000 1219 4083 magnanimiter
1273 4003 1696 4087 promovende
1754 4021 1896 4068 cum
1954 4003 2125 4068 omni
2172 4003 2503 4088 diligencia
2546 4009 2610 4070 et
2654 4005 3005 4071 attencione
3048 4003 3387 4084 desudant;
3444 4005 3581 4069 uni·

621 4113 629 4118 “
734 4108 1092 4174 versitatem
1152 4114 1427 4175 vestram
1487 4113 1724 4176 attente
1777 4109 2122 4192 rogandam
2181 4110 2473 4178 duximus
2530 4118 2594 4178 et
2647 4111 3023 4178 monendam
3078 4131 3191 4197 per
3236 4111 3581 4196 apostolica

733 4216 972 4301 scripta
1017 4215 1414 4302 precipiendo
1460 4216 1852 4299 mandantes,
1900 4218 2195 4302 quatinus
2239 4219 2407 4285 circa
2452 4219 2649 4285 dictos
2694 4220 3063 4302 magistrum
3106 4223 3169 4284 et
3196 4219 3425 4284 fratres
3468 4239 3581 4304 pro

735 4321 950 4388 divina
1015 4327 1080 4388 et
1131 4329 1352 4390 nostra
1403 4325 1765 4390 reverencia
1820 4324 2158 4408 benignum
2214 4330 2279 4392 et
2333 4324 2689 4392 benivolum
2748 4327 3085 4409 dirigentes
3144 4323 3433 4391 affectum
3490 4325 3579 4392 eis

733 4447 924 4513 super
970 4429 1292 4514 premissis
1337 4449 1710 4498 consensum
1754 4436 2053 4515 vestrum,
2109 4431 2401 4515 quociens
2447 4451 2603 4518 opus
2646 4433 2857 4516 fuerit,
2901 4430 3245 4499 liberaliter
3286 4432 3579 4498 tribuatis

732 4554 948 4620 preces
993 4542 1242 4603 nostras
1287 4542 1350 4604 et
1395 4543 1759 4625 preceptum
1802 4537 2015 4604 taliter
2058 4537 2401 4623 impleturi,
2446 4539 2613 4624 quod
2656 4539 2883 4606 exinde
2913 4538 3091 4606 vobis
3130 4537 3341 4622 gracie
3370 4539 3581 4604 <livine

731 4640 1042 4726 premium
1087 4650 1152 4709 et
1193 4644 1428 4711 favoris
1471 4645 1674 4711 nostri
1718 4645 2049 4731 proveniat
2077 4643 2551 4712 incrementum.
2618 4643 2853 4712 Datum
2884 4644 3175 4729 Anagnis
3204 4665 3249 4712 x
3277 4645 3578 4714 kalendas

731 4747 1079 4816 decembris
1124 4750 1526 4836 pontificatus
1569 4752 1766 4818 nostri
1814 4771 1977 4818 anno
2024 4757 2265 4837 quarto.

940 4889 1062 4940 Sine
1097 4889 1240 4941 dato:
1290 4891 1352 4942 A.
1377 4891 1446 4942 20
1482 4892 1650 4943 n.101
1696 4891 1876 4943 Latine
1911 4900 1965 4943 et
2000 4892 2299 4944 Germanice
2334 4909 2445 4944 cum
2478 4901 2623 4944 nota:
2668 4893 2728 4944 In
2762 4892 3112 4954 Frankinfort3
3161 4893 3213 4944 in
3250 4893 3483 4955 Colonia,
3528 4894 3579 4945 in

733 4975 1066 5042 Conflueneia,
1101 4978 1152 5030 in
1177 4979 1408 5032 Treviris.
1433 5009 1490 5018 -
1518 4981 1582 5031 A.
1606 4979 1672 5032 16
1707 4999 1758 5048 p.
1779 4981 1895 5033 115.
1927 5011 1985 5020 —-
2028 4982 2151 5034 Cum
2175 4981 2320 5034 dato:
2356 4981 2420 5034 B.
2440 4981 2505 5032 61
2534 4982 2665 5034 inter
2684 4981 3074 5048 Ratisponensin.
3108 4999 3159 5033 n.
3183 4981 3271 5034 21.
3322 4983 3403 5034 Ex
3424 4983 3577 5050 origi·
