3892 5609
1353 337 1744 410 nummu
1791 361 2179 410 canamus
2228 367 2237 378 ⁸
3038 349 3193 420 417

309 480 619 582 'stolicam
677 504 1191 585 benedictionem.
1461 519 1619 586 Cum
1675 540 1712 586 a
1756 520 1937 588 nobis
1986 525 2103 588 etc.
2196 519 2433 586 Datum
2482 518 2727 587 Perusii
2774 541 2812 586 v
2856 521 2999 586 idus
3048 522 3199 586 maii

333 622 732 710 pontificatus
778 625 978 690 nostri
1024 644 1188 691 anno
1237 626 1463 712 primo.
3226 707 3233 716 .

549 765 670 816 eum
715 765 860 817 dato:
915 765 1110 819 Perusii
1157 767 1188 816 5
1226 767 1296 818 id.
1328 767 1446 818 maii
1493 783 1620 833 μη.
1657 769 1756 820 a.1
1805 737 2093 834 ,Venetnff
2134 767 2289 819 A.16
2326 783 2377 832 p.
2403 766 2483 818 16.
2524 795 2583 806 -
2639 768 2761 818 cnm
2806 768 2952 818 dato:
3008 768 3202 820 Perusii

343 852 406 903 13
442 851 544 904 kal.
570 853 693 903 iunii
727 871 776 918 p.
802 870 851 904 n.
878 871 923 904 a.
956 853 1002 904 1.
1041 855 1354 921 praeceptori
1391 865 1442 907 et
1477 856 1714 907 fratribus
1749 857 1800 908 h.
1825 875 1868 908 s.
1893 856 1965 907 M.
1991 856 2084 907 Th.
2111 856 2162 906 in
2187 854 2487 906 Alemannia
2521 855 2584 907 R.
2614 856 2676 905 91
2719 857 2850 906 inter
2874 856 3203 923 Mergenthe-

336 940 530 991 mensis
550 941 636 992 56.
665 971 726 980 —
768 941 890 992 Cum
927 942 1069 994 dato:
1109 960 1156 995 a..
1181 944 1214 995 3
1244 944 1518 1009 „Treviris“
1561 946 1624 996 A.
1649 943 1713 995 16
1749 961 1800 1010 p.
1825 943 1941 996 118.
1972 974 2034 983 —
2074 943 2259 996 Nescio
2296 943 2433 995 cuius
2462 943 2733 996 Clementis
2764 944 2867 996 tale
2890 945 3205 1013 privileg-ium

335 1029 668 1082 Mecheliniae
703 1029 824 1093 fuit3
859 1048 907 1083 v.
943 1031 1076 1083 infra
1111 1033 1177 1084 ad
1217 1033 1354 1084 1336
1389 1033 1517 1086 febr.
1543 1033 1592 1085 8.

343 1342 520 1412 637.
565 1345 738 1412 1265
783 1349 946 1411 maii
977 1347 1066 1411 20
1110 1347 1371 1414 Perusii
1411 1347 1528 1434 (cf.
1562 1343 1880 1430 1267s8).
1952 1343 2227 1410 Cleonem
2251 1344 2363 1411 IV
2390 1349 2617 1432 repetit
2658 1369 2721 1411 n.
2746 1346 2881 1413 636
2920 1350 2997 1414 de
3029 1349 3205 1416 1265

561 1455 722 1517 maii
764 1454 848 1519 11
857 1501 872 1517 .

561 1574 849 1642 Clemens
882 1581 998 1642 etc.
1032 1578 1387 1664 preceptori
1419 1583 1483 1645 et
1509 1577 1810 1646 fratribus
1839 1578 1900 1643 h.
1929 1597 1981 1642 s.
2006 1574 2089 1642 M.
2117 1575 2229 1641 Th.
2262 1576 2330 1642 in
2354 1577 2735 1644 Alemannia
2764 1584 2880 1645 etc.
3048 1578 3203 1645 Cum

339 1701 379 1748 a
421 1680 603 1749 nobis
651 1689 796 1764 etc..
836 1682 1074 1752 Datum
1117 1683 1362 1754 Perusii
1407 1686 1522 1753 xiii
1567 1685 1695 1752 kal.
1744 1685 1900 1753 iunii
1945 1682 2345 1771 pontificatus
2389 1685 2592 1753 nostri
2641 1705 2805 1752 anno
2858 1685 3085 1772 primo.

344 2010 520 2082 638.
564 2014 739 2080 1265
783 2018 944 2081 maii
985 2017 1069 2082 31
1118 2017 1380 2082 Perusii
1422 2015 1534 2100 (cf.
1566 2018 1737 2080 iunii
1778 2013 1873 2096 2).
1947 2011 2221 2078 Clemens
2264 2013 2310 2078 Ι
2314 2013 2373 2079 V
2412 2017 2627 2080 ordini
2676 2013 3053 2082 Theutonico
3097 2021 3200 2084 in·-
3288 2107 3297 2116 .

561 2121 790 2208 dalyet,
841 2125 1012 2209 quod
1035 2123 1284 2208 fratres
1329 2146 1446 2210 per
1487 2123 1725 2188 litteras
1767 2121 2143 2208 apostolicas
2174 2125 2243 2185 in
2272 2125 2372 2186 ius
2402 2125 2621 2186 vocari
2644 2145 2772 2186 non
2798 2127 3046 2208 possint
3073 2127 3205 2189 nisi

563 2251 920 2314 expressam
963 2233 1039 2296 de
1082 2231 1198 2297 hoc
1241 2233 1483 2297 indulto
1511 2231 1825 2316 facientes
1869 2231 2258 2294 mentionem.

562 2368 850 2438 Clemens
899 2373 1226 2459 episcopus
1271 2393 1490 2440 servus
1538 2391 1857 2438 servorum
1892 2368 1993 2436 dei
2023 2368 2267 2436 dilectis
2296 2368 2443 2435 filiis
2475 2371 2777 2454 magistro
2810 2375 2874 2437 et
2901 2370 3202 2438 fratribus

339 2475 564 2543 domus
608 2478 938 2565 hospitalis
983 2479 1506 2547 lherosolimitani
1552 2500 1601 2545 s.
1637 2485 1701 2546 et
1729 2499 1784 2543 a.
1819 2478 1879 2544 b.
2140 2475 2516 2544 Devocionis
2556 2485 2764 2545 vestre
2809 2484 3203 2565 promeretur

340 2581 614 2667 effectus,
661 2591 751 2668 ut,
797 2586 963 2672 quod
997 2585 1061 2653 a¹
1091 2586 1269 2653 nobis
1301 2585 1670 2672 suppliciter
1701 2583 1936 2671 petitiS,
1981 2583 2059 2649 ad
2095 2585 2522 2650 exaudicionis
2554 2587 2851 2671 graciam,
2901 2593 3199 2678 quantum

339 2711 479 2758 cum
514 2691 630 2758 deo
679 2713 1034 2780 possumne,
1079 2693 1506 2761 favorabiliter
1537 2692 1962 2759 admittamus.
2020 2690 2398 2778 Eapropter,
2445 2692 2653 2759 dilecti
2686 2694 2752 2758 in
2785 2694 3035 2760 domino
3065 2693 3199 2780 filii,

337 2799 566 2866 vestris
611 2799 1169 2886 supplicationibus
1213 2800 1530 2884 inclinati,
1583 2804 1655 2865 ut
1701 2797 1779 2864 ab
1826 2797 2136 2882 aliquibus
2180 2799 2248 2864 in
2294 2819 2543 2865 causam
2592 2798 2758 2886 trahi
2804 2821 2919 2888 per
2963 2800 3205 2867 litteras

340 2906 746 2994 apostolicas,
776 2907 916 2973 >nisi
959 2908 1212 2995 plenam
1258 2913 1320 2975 et
1364 2927 1723 2995 expressam
1774 2905 1850 2972 de
1893 2905 2012 2970 hac
2056 2904 2445 2988 indulgentia
2490 2913 2554 2972 et
2598 2907 2816 2974 ordine
2858 2913 3067 2975 vestro
3112 2909 3205 2974 fa-

339 3013 514 3080 ciunt
565 3015 983 3099 mencionem,
1041 3015 1300 3082 minime
1361 3015 1650 3098 valeatiS,
1710 3013 2080 3080 auctoritate
2125 3011 2302 3079 vobis
2347 3016 2731 3099 presentium
2788 3014 3201 3099 indulgemus,

337 3119 512 3188 Nulli
569 3141 716 3204 ergo
775 3123 1028 3188 omnino
1086 3122 1408 3189 hominum
1465 3120 1654 3187 liceat
1706 3119 1868 3186 hanc
1911 3120 2207 3206 paginam
2254 3109 2469 3185 nostre
2514 3122 2933 3190 concessionis
2982 3122 3204 3188 infrin-

339 3247 486 3311 gere
519 3232 649 3295 ·etc.
729 3226 798 3294 Si
856 3229 995 3313 quis
1043 3233 1253 3295 autem
1297 3234 1412 3295 etc.
1506 3227 1738 3294 Datum
1784 3225 2031 3293 Perusii
2084 3225 2132 3292 ii
2176 3225 2301 3292 kal.
2346 3227 2507 3292 iunii
2562 3229 2959 3314 pontificatus
3003 3231 3203 3295 nostri

340 3355 505 3402 anno
549 3355 772 3422 primo.

550 3467 674 3518 Cum
721 3467 867 3520 dato:
921 3467 1118 3520 Perusii
1162 3467 1196 3518 2
1231 3466 1334 3518 kal.
1369 3466 1490 3518 iunii
1535 3484 1586 3532 p.
1613 3467 1748 3528 a.1;
1803 3466 1866 3517 A.
1892 3465 1957 3516 16
1993 3482 2044 3531 p.
2069 3464 2133 3516 12
2175 3464 2484 3531 „Venetiis“.
2522 3495 2584 3505 —
2634 3466 2757 3518 Cum
2804 3466 2951 3520 dato:
3004 3467 3199 3520 Perusii

339 3555 376 3606 4
409 3573 527 3607 non.
552 3555 676 3608 iunii
709 3555 803 3608 n.1
849 3556 1114 3622 „Colonie“
1156 3556 1220 3608 A.
1244 3555 1308 3608 16
1344 3573 1394 3622 p.
1415 3554 1484 3608 76
1507 3572 1582 3622 sq.
1765 3556 1811 3606 1.
1847 3553 2097 3621 supplevi.

344 3866 520 3938 639.
559 3871 735 3938 1265
778 3872 940 3936 maii
977 3871 1062 3938 31
1104 3870 1379 3936 Perusii.
1450 3867 1722 3934 Clemens
1745 3865 1859 3933 IV
1887 3869 2110 3954 repetit
2137 3867 2498 3932 Alexandri
2518 3866 2627 3932 IV
2658 3891 2720 3932 n.
2748 3867 2882 3935 610
2916 3869 2995 3933 de
3024 3868 3201 3944 1260,

559 3979 848 4043 ianuarii
888 3979 996 4044 25.

562 4108 850 4177 Clemens
895 4116 1010 4177 etc.
1216 4108 1440 4194 Operis
1487 4105 1802 4174 evidentia
1845 4111 1963 4174 etc.
2034 4105 2272 4174 Datum
2315 4105 2561 4174 Perusii
2603 4105 2653 4173 ii
2694 4105 2996 4174 kalendas
3042 4106 3200 4173 iunii

337 4215 739 4306 pontificatus
783 4217 984 4282 nostri
1028 4235 1191 4283 anno
1236 4217 1461 4303 primo.
2034 4216 2038 4220 ’

551 4357 809 4424 originale
844 4375 953 4408 cum
986 4356 1151 4419 bulla,
1199 4357 1336 4408 cuius
1373 4355 1470 4406 filis
1507 4355 1709 4408 sericeis
1745 4353 1898 4406 affixa
1933 4351 2139 4406 scedula
2174 4369 2540 4420 pergamenos,
2576 4355 2627 4406 in
2665 4371 2763 4420 qua
2797 4353 3007 4420 legitur:
3049 4363 3201 4417 „nota

341 4445 608 4514 diligenter
643 4446 972 4512 subscriptam
1007 4444 1308 4496 clausulam“
1351 4445 1404 4510 (i.
1431 4460 1475 4496 e.
1513 4452 1570 4495 ut
1605 4443 1786 4494 nullius
1821 4460 2041 4508 unquam
2077 4443 2401 4494 subfioiantur
2426 4443 2685 4509 dominio),
2722 4443 2973 4507 quondam
2995 4441 3199 4494 Polonis

338 4533 638 4587 extraditum
652 4573 672 4599 2
706 4536 822 4586 dein
860 4534 1143 4596 Cracoviae,
1169 4534 1459 4595 Varsaviae,
1494 4532 1716 4584 Berolini
1753 4539 2080 4594 asservatum,
2119 4531 2253 4582 1865
2280 4532 2649 4598 Regimontano
2675 4531 2872 4583 archivo
2898 4531 3199 4593 restitutum,

339 4624 474 4691 qnod
518 4624 674 4676 habet
717 4624 868 4675 etiam
913 4622 1125 4674 alterum
1170 4621 1412 4689 originale
1458 4639 1568 4673 cum
1614 4619 1750 4673 bulla
1796 4630 1848 4671 et
1883 4629 2189 4673 transsumta
2224 4621 2323 4672 tria
2355 4620 2815 4673 Pomesnniensium
2852 4620 3201 4686 episcoporum

339 4713 574 4778 Caeparis
621 4713 670 4764 d.
695 4712 746 4764 d.
780 4711 1088 4778 Risenburgi
1127 4709 1260 4762 1445
1299 4711 1475 4762 novbr.
1501 4709 1571 4762 20
1605 4718 1660 4762 et
1698 4709 1834 4760 1453
1879 4709 1998 4760 maii
2038 4709 2131 4772 16,
2180 4725 2373 4762 necnon
2416 4709 2527 4762 Iobi
2572 4710 2623 4762 d.
2648 4709 2699 4760 d.
2734 4707 3024 4775 Regimonti
3064 4705 3199 4760 1506

338 4802 496 4854 octbr.
527 4801 608 4854 14.
671 4799 1008 4852 Iuventam-ium
1055 4798 1240 4850 archivi
1277 4797 1617 4850 cracoviensis
1665 4816 1714 4864 p.
1740 4797 1810 4850 66
1857 4798 2003 4852 citat:
2059 4797 2318 4864 „Clemens
2354 4815 2491 4865 papa
2524 4797 2597 4849 IV
2641 4797 2901 4850 confirmat
2944 4794 3197 4848 cruciferis

337 4891 582 4958 acquisita
614 4897 668 4942 et
701 4888 1006 4956 acquirenda
1039 4887 1105 4940 de
1139 4889 1369 4955 paganis,
1406 4887 1726 4955 pontificatus
1761 4905 1894 4940 anno
1929 4887 2141 4954 primo“.

2704 5119 2773 5174 27
