3892 5609
1323 448 1711 498 vatmeu
1755 449 2142 499 sumnum
3007 434 3153 507 339

305 610 529 689 genter
557 606 901 690 attenditis,
949 610 1182 692 quanta
1227 606 1467 675 dilectis
1511 607 1658 676 filiis
1703 609 2005 676 fratribus
2048 607 2381 696 hospitalis
2423 610 2635 674 sancte
2663 604 2861 673 Marie
2891 607 3159 672 Theoto-

307 715 592 781 nieorum
622 713 1102 781 Ierosolimitani
1145 717 1504 782 reverencia
1547 716 1874 801 debeatur,
1923 737 2269 801 numquam
2312 716 2435 781 hiis
2470 710 2905 782 inveniemini¹
2936 733 3157 797 graves

309 822 582 889 existere
639 826 748 887 aut
799 822 1078 906 molesti,
1137 822 1244 907 qui
1299 824 1746 889 sustentacioni
1791 830 1856 891 et
1897 823 2223 907 refrigerio
2268 842 2615 909 pauperum
2660 824 2771 909 pia
2812 826 3160 888 noscuntur

307 928 728 996 sollicitudine
782 930 1123 1016 mancipati
1133 926 1176 995 ².
1274 930 1582 1009 Quoniam
1635 930 1831 1014 igitur
1886 931 2079 997 iidem
2132 930 2359 997 fratres
2419 929 2500 996 ad
2554 930 2674 995 hoc
2727 927 3162 1016 principaliter

311 1036 654 1119 elaborant,
699 1042 771 1102 ut
813 1056 880 1103 se
925 1038 1162 1124 pariter
1209 1042 1272 1104 et
1315 1039 1546 1122 omnia,
1601 1058 1722 1123 que
1769 1038 2118 1122 acquirunt,
2164 1037 2405 1103 devotis
2452 1035 2767 1120 obsequiis
2812 1054 3161 1122 pauperum

309 1143 586 1228 undique
639 1142 1086 1210 confluencium
1143 1144 1476 1228 diligenter
1518 1145 1918 1231 impendant3
1976 1145 2452 1211 universitatem
2504 1148 2777 1209 vestram
2835 1162 3161 1208 monemus

311 1251 616 1317 attencius
673 1256 736 1318 et
787 1271 900 1338 per
946 1251 1289 1336 apostolica
1330 1250 1508 1317 vobis
1555 1252 1791 1338 scripta
1832 1252 2235 1338 precipiendo
2280 1250 2684 1333 mandamus,
2744 1249 3036 1334 quatinus
3083 1249 3161 1316 ab

309 1352 624 1443 ipsorum³
656 1359 1125 1442 gravaminibus
1169 1354 1589 1425 abstinentes⁴
1621 1358 1702 1424 ad
1747 1359 2010 1441 solacia,
2057 1380 2177 1444 que
2207 1378 2321 1445 pro
2351 1376 2700 1444 pauperum
2732 1355 3163 1422 consolacione

310 1464 657 1551 requirunt,
701 1469 978 1532 vestram
1023 1466 1239 1551 pocius
1287 1484 1496 1531 curam
1545 1469 1609 1532 et
1653 1466 2136 1533 sollicitudinem
2184 1464 2585 1548 convertam,
2636 1467 2699 1529 et
2740 1463 2808 1528 in
2851 1462 2995 1547 hiis,
3043 1482 3163 1548 que

309 1572 526 1638 domui
582 1594 796 1639 eorum
856 1572 934 1640 ab
993 1572 1302 1658 aliquibus
1358 1570 1642 1640 fidelibus
1702 1574 1872 1639 sanis
1923 1573 2025 1639 vel
2069 1572 2498 1657 egrotantibus
2546 1570 2967 1655 conferuntur,
3029 1572 3163 1636 sive

310 1677 780 1747 convalescant⁵
810 1682 943 1747 sive
989 1679 1154 1767 apud
1189 1679 1342 1747 alios
1371 1680 1682 1766 recipiant
1710 1680 2119 1767 sepulturam,
2165 1679 2359 1746 nichil
2388 1678 2565 1745 vobis
2594 1678 2659 1744 in
2693 1696 2911 1744 eorum
2940 1677 3162 1744 domus

309 1787 724 1875 preiudicium
768 1787 1138 1868 vendicetis;
1197 1807 1312 1873 pro
1325 1784 1350 1817 ⁶
1395 1788 1826 1874 parrochianis
1870 1793 2083 1853 autem
2127 1787 2385 1869 vestris,
2442 1786 2549 1870 qui
2594 1784 2883 1850 videlicet
2930 1784 3009 1851 ad
3055 1804 3163 1851 ex-

309 1899 516 1961 trema
559 1894 808 1961 deducti
851 1895 917 1960 in
965 1894 1288 1961 cimiteriis
1333 1894 1661 1981 hospitalis
1705 1894 2223 1962 Theotonicorum
2273 1892 2576 1977 elegerint
2620 1890 2892 1978 sepeliri,
2941 1895 3167 1977 quarta

309 2006 558 2068 tantum
603 2003 742 2068 sitis
788 2002 1148 2069 testamenti
1193 2002 1488 2088 porcione
1533 2002 1808 2068 contenti
1853 2022 1970 2068 nec
2015 2002 2184 2068 aliud
2229 2021 2343 2087 pro
2387 2000 2545 2085 ipsis
2592 2018 2630 2064 a
2663 2000 2791 2064 iam
2824 1998 3007 2063 dictis
3036 1999 3164 2064 fra-

307 2108 514 2175 tribus
560 2110 826 2193 exigatis
871 2129 998 2175 non
1041 2108 1456 2195 impedientes
1503 2108 1826 2175 occasione
1873 2108 2150 2195 qualibet
2178 2108 2587 2195 sepulturam,
2635 2124 2821 2189 quam
2854 2105 2945 2171 eis
2976 2106 3165 2172 mise-

309 2215 640 2283 ricorditer
685 2216 978 2283 duximus
1023 2215 1487 2301 indulgendam,
1535 2237 1612 2282 ex
1659 2236 1779 2301 quo
1822 2221 2221 2303 pretaxatam
2262 2220 2502 2302 partem
2546 2234 2659 2300 pro
2688 2213 2817 2279 illis
2864 2210 3164 2297 ecclesiis,

312 2342 353 2389 a
398 2324 630 2409 quibus
667 2328 1054 2390 mortuorum
1100 2342 1366 2409 corpora
1411 2328 1834 2409 assumuntur,
1879 2323 2147 2391 fideliter
2189 2322 2589 2406 resignarint.
2667 2320 2740 2386 In
2784 2319 2906 2385 hiis
2955 2324 3163 2385 autem

311 2431 667 2498 elemosinis
684 2481 702 2515 ,
763 2452 882 2516 que
936 2432 1193 2517 pietatis
1247 2430 1480 2496 intuitu
1537 2430 1961 2516 predictorum
2020 2431 2285 2496 fratrum
2340 2414 2551 2495 domui
2598 2447 2638 2492 a
2681 2426 2850 2493 sanis
2898 2431 2962 2492 et
3006 2426 3164 2493 bene

309 2538 663 2606 valentibus
694 2538 1113 2623 conferuntur,
1157 2557 1339 2604 nemo
1369 2542 1646 2604 vestrum
1690 2542 2015 2624 presumat
2044 2537 2316 2621 aliquam
2348 2535 2470 2602 sibi
2502 2534 2753 2617 exigere
2782 2534 3163 2620 porcionem.

309 2645 411 2711 Ex
467 2646 578 2712 illa
621 2666 769 2713 vero
814 2651 1067 2731 quarta,
1125 2666 1284 2731 quae
1337 2644 1513 2711 vobis
1573 2645 1934 2711 conceditur
1988 2643 2297 2728 exigenda
2352 2662 2531 2709 arma
2588 2645 2650 2707 et
2708 2660 2897 2725 equos
2960 2638 3168 2727 excipi

307 2753 598 2819 volumus
645 2759 709 2821 et
751 2754 1142 2839 mandamuS‚
1199 2772 1319 2837 que
1362 2752 1644 2839 predicte
1689 2753 1902 2818 domui
1947 2753 2029 2819 ad
2076 2752 2498 2818 defensionem
2546 2744 2748 2815 terre⁷
2792 2745 3170 2814 Ierosolimi-

308 2867 459 2927 tane
512 2881 551 2926 a
606 2861 986 2946 quibuslibet
1040 2859 1478 2928 decedentibus
1535 2858 1957 2927 dimittuntur.
2056 2858 2275 2926 Liceat
2331 2863 2542 2924 autem
2595 2854 2896 2922 fratribus
2944 2872 3168 2940 supra·

309 2968 495 3034 dictis
541 2989 668 3052 eos,
717 2970 825 3054 qui
869 2968 1036 3056 apud
1080 2970 1251 3056 ipsos
1298 2967 1599 3050 elegerint
1643 2967 1916 3053 sepeliri,
1972 2967 2051 3033 ad
2096 2966 2549 3033 confessionem
2596 2964 2673 3029 de
2719 2962 2977 3029 occultis
3025 2980 3169 3048 pec-

309 3075 468 3141 catis
513 3076 791 3162 recipere
835 3096 949 3163 per
979 3075 1330 3143 sacerdotes
1377 3095 1522 3141 suos
1569 3080 1632 3141 et
1676 3094 1788 3160 per
1820 3074 2071 3141 eosdem
2100 3073 2227 3139 illis
2258 3073 2559 3139 viaticum
2588 3070 2949 3137 ministrare
2979 3074 3168 3155 atque

309 3201 453 3248 cum
512 3202 692 3249 cruce
753 3188 816 3249 et
868 3183 1263 3270 processione
1323 3183 1403 3250 ad
1447 3182 1824 3249 cimiterium
1883 3201 2069 3247 suum
2112 3200 2377 3267 corpora
2420 3199 2637 3247 eorum
2682 3176 2877 3244 libere
2924 3180 2989 3243 et
3030 3176 3167 3243 sine

307 3289 758 3376 impedimento
803 3290 1174 3357 tumulanda
1216 3290 1478 3357 deferre.
1546 3288 1784 3355 Datum
1831 3292 1947 3354 etc.

523 3430 643 3483 Sine
680 3430 826 3483 dato:
861 3431 904 3493 1,
930 3430 998 3482 72
1012 3449 1089 3493 v.;
1125 3430 1190 3493 11,
1221 3430 1380 3483 112v.
1415 3450 1465 3483 n.
1492 3431 1586 3492 633
1629 3430 1687 3482 A.
1705 3430 1774 3481 20
1807 3448 1859 3481 n.
1886 3426 1951 3480 71
1990 3427 2170 3479 Latine
2206 3436 2260 3479 et
2284 3425 2581 3479 Germanice
2620 3443 2731 3477 cum
2756 3431 2905 3476 nota:
2941 3422 3001 3474 In
3024 3420 3165 3475 Mer-

307 3518 608 3587 gentheym3
645 3518 710 3570 D.
727 3518 796 3571 72
833 3519 1146 3571 Germanice.
1281 3521 1326 3571 1.
1362 3518 1708 3571 inveniremini
1743 3520 1806 3570 A.
1833 3518 1918 3569 20.
2027 3517 2077 3569 2.
2112 3516 2385 3583 mancipati
2407 3515 2497 3567 111.
2524 3517 2587 3567 A.
2610 3514 2694 3566 20.
2802 3514 2853 3565 3.
2890 3530 3061 3564 eorum
3098 3512 3165 3565 Π.

309 3608 376 3660 A.
399 3608 486 3659 20.
645 3608 696 3659 4.
733 3608 1027 3661 abstineatis
1064 3616 1116 3659 et
1149 3608 1215 3661 A.
1239 3608 1324 3660 20.
1483 3608 1534 3661 5.
1571 3606 1983 3660 reconvalescant
2016 3606 2082 3657 A.
2107 3606 2191 3657 20.
2345 3605 2397 3657 6.
2433 3604 2580 3657 deest
2612 3603 2681 3667 Π,
2716 3604 2783 3655 Δ.
2806 3602 2893 3655 20.
3042 3600 3092 3655 ’7.
3126 3609 3167 3654 t.

307 3704 484 3749 sancte
518 3696 910 3749 Ierosolimitane
934 3696 1000 3749 11.

310 3900 491 3971 414.
534 3902 740 3985 (Inter
782 3904 959 3970 1216
1001 3905 1148 3969 iulii
1173 3905 1263 3970 24
1308 3918 1365 3970 et
1405 3904 1584 3972 1227
1627 3905 1847 3968 martii
1889 3901 2029 3983 18.)
2096 3901 2421 3966 Honorius
2453 3899 2578 3965 III
2612 3900 2780 3964 iubet
2821 3898 3161 3985 praelatos,

533 4033 612 4076 ne
649 4012 897 4096 fratres
953 4014 1193 4077 ordinis
1246 4011 1616 4077 Theutonioi
1667 4010 1890 4076 violati
1929 4030 2192 4096 prorsus
2238 4010 2583 4073 testimonio
2629 4008 3045 4071 destituantur
3089 4006 3167 4070 de

530 4118 826 4184 violentia
876 4141 918 4182 a
969 4122 1267 4205 suspectis
1319 4119 1728 4206 parochianis
1787 4139 2048 4183 censura
2094 4114 2507 4181 ecclesiastica
2547 4114 2880 4201 proposita
2920 4135 3164 4199 puma-

534 4228 764 4291 torium
811 4228 1052 4312 exipere
1094 4228 1527 4292 iuramentum.

533 4358 849 4425 Honorius
909 4360 1236 4445 episcopus
1293 4379 1509 4425 servus
1565 4376 1886 4424 servorum
1945 4356 2048 4422 dei
2092 4354 2553 4421 venerabilibus
2607 4351 2909 4419 fratribus
2962 4350 3167 4417 archi-

309 4466 622 4552 episcopis
669 4472 732 4532 et
776 4466 1085 4553 episcopis
1133 4470 1248 4532 etc.
1297 4464 1561 4531 salutem
1609 4470 1672 4531 et
1717 4463 2124 4550 apostolicam
2169 4460 2683 4529 benedictionem.
2956 4457 3165 4541 Signi-

309 4572 578 4639 ficarunt
633 4572 814 4639 nobis
861 4572 1072 4639 dilecti
1114 4569 1230 4637 filii
1273 4572 1501 4639 fratres
1545 4570 1878 4657 hospitalis
1925 4575 2138 4636 sancte
2182 4568 2382 4636 Marie
2428 4566 2949 4634 Theotonicorum
2996 4564 3165 4631 Iero-

309 4678 653 4747 solimitani
667 4729 686 4763 ‚
754 4680 918 4765 quod
988 4679 1242 4763 quidam
1280 4700 1523 4753 ‚eorum
1581 4678 1892 4745 verberati
1962 4677 2295 4763 aliquando
2353 4680 2417 4743 et
2472 4672 2780 4740 vulnerati
2847 4670 3161 4738 interdum

307 4788 735 4855 destituuntur
777 4786 1043 4853 testibus
1088 4791 1151 4852 et
1195 4785 1460 4871 probare
1489 4785 1858 4851 violenciam
1904 4803 2031 4850 non
2073 4783 2350 4850 valentes
2394 4781 2631 4848 nullam
2681 4780 2759 4847 de
2802 4778 3164 4845 malefacto·

307 4896 482 4963 ribus
549 4893 865 4960 iusticiam
931 4898 1415 4977 consequuntur.
1502 4892 1798 4958 Volentes
1863 4892 2059 4974 igitur
2120 4910 2309 4977 super
2375 4889 2493 4955 hoc
2560 4888 2792 4955 eisdem
2862 4886 3163 4952 fratribus

307 5008 576 5089 paterna
625 4999 1044 5067 sollicitudine
1089 4999 1436 5087 providere,
1483 5000 1880 5067 universitati
1911 5003 2117 5065 vestre
2159 5018 2276 5084 per
2316 4995 2659 5084 apostoliea
2705 4994 2942 5081 scripta
2984 5012 3164 5059 man-

309 5110 531 5177 damus
578 5114 764 5193 atque
807 5107 1222 5195 precipimu8‚
1280 5112 1584 5194 quatenus
1632 5108 1894 5193 quisque
1937 5108 2217 5173 vestrum
2261 5104 2743 5191 parrochianum
2791 5121 2972 5168 suum
2988 5150 3007 5185 ‚
3054 5099 3163 5186 qui

2616 5214 2739 5272 2242·
