3892 5609
1330 353 1717 401 PRIVILEGIA
1765 352 2152 401 susumus
3010 336 3163 408 443

315 511 683 578 dilectorum
731 510 1024 594 filiorum,
1071 513 1357 596 magistri
1401 511 1710 595 generalis
1757 517 1822 579 et
1863 512 2129 578 fratrum
2175 511 2502 597 hospitalis
2536 512 2715 578 beate
2744 509 2942 577 Marie
2970 509 3171 576 Theo-

315 619 667 684 tunicorum
714 617 1216 702 Ierosolimitani,
1261 620 1440 685 uobis
1489 621 1795 705 exposito,
1843 619 2009 704 quod
2055 617 2316 703 quilibet
2356 619 2638 704 ipsorum
2666 619 2953 701 fratrum,
2998 621 3169 702 post-

313 745 506 812 quam
560 725 910 808 regularem
979 726 1430 810 professionem
1497 725 1644 792 dicti
1713 726 2043 812 hospitalis
2102 727 2441 810 emisisset,
2512 745 2591 792 ex
2657 722 2959 791 laudabili
3022 743 3168 789 con·
3234 747 3253 766 ·

313 831 644 898 suetudine
690 833 920 917 septies
967 832 1032 898 iu
1079 853 1271 915 anne,
1329 833 1618 899 videlicet
1669 833 1736 897 in
1793 833 2141 900 nativitatis
2199 833 2433 899 domiui
2491 834 2689 898 nostri
2744 831 2885 898 Iesu
2938 829 3171 896 Christi

314 944 382 1005 et
423 938 874 1025 purificationis
905 939 1103 1006 Marie
1149 941 1408 1024 virginis
1454 960 1694 1008 necnon
1739 941 1806 1005 in
1853 940 1954 1007 die
2000 940 2163 1006 Iovis
2210 945 2425 1006 sancta
2470 960 2543 1007 ac
2586 941 2654 1006 iu
2698 938 3171 1007 resurrectionis

314 1047 555 1112 domini
611 1047 809 1112 nostri
864 1045 1004 1112 Iesu
1052 1046 1286 1114 Christi
1331 1067 1404 1113 ac
1448 1048 1513 1113 in
1569 1053 1959 1134 pentecostes
2017 1067 2260 1114 necnon
2316 1047 2717 1114 assumtionis
2772 1046 2935 1112 dicte
2992 1046 3173 1111 beate

313 1153 514 1220 Maris
558 1151 1001 1220 festivitatibus
1050 1160 1113 1219 et
1157 1155 1222 1220 iu
1269 1153 1629 1220 celebritate
1686 1155 1965 1220 omnium
2022 1159 2377 1220 sanctorum
2436 1154 2777 1221 eukaristie
2822 1173 3173 1220 sacramen-

315 1267 454 1328 tum
509 1281 756 1326 sumere
812 1257 1250 1344 consueverit¹,
1319 1283 1432 1326 nos
1494 1262 1816 1346 cupientes
1883 1262 2162 1348 ipsorum
2230 1261 2492 1326 fratrum
2554 1266 2617 1327 et
2672 1263 2863 1327 etiam
2916 1279 3169 1326 suorum

315 1367 724 1434 familiarium
785 1369 1134 1432 animarum
1195 1368 1384 1434 saluti
1440 1367 1766 1454 providere
1824 1368 2112 1433 omnibus
2170 1389 2247 1432 ex
2305 1367 2487 1434 dictis
2542 1368 2841 1434 fratribus
2887 1373 2949 1432 et
2990 1366 3173 1432 fami-

315 1473 579 1540 liaribus
624 1494 769 1540 vere
813 1474 1236 1560 penitentibus
1285 1479 1348 1540 et
1409 1475 1738 1560 confessis,
1797 1475 1902 1558 qui
1960 1475 2317 1540 huiusmodi
2374 1481 2614 1560 septem
2674 1474 2911 1540 vicibus
2966 1491 3173 1540 sacra-

315 1587 598 1647 mentum
646 1581 996 1666 predictum
1043 1582 1262 1648 devote
1309 1589 1648 1665 sumerent,
1695 1583 2017 1648 annuatim
2064 1582 2327 1665 singulis
2360 1581 2649 1648 videlicet
2677 1581 2915 1648 vicibus
2959 1580 3173 1646 huius-

317 1688 511 1771 modi,
571 1688 794 1771 quibus
840 1695 1300 1754 sacramentum
1347 1690 1576 1776 ipsum,
1623 1695 1693 1754 ut
1737 1690 2071 1774 prefertur,
2118 1694 2455 1772 sumerent,
2502 1688 2675 1755 illam
2720 1687 3175 1772 indulgentiam

319 1800 386 1860 et
450 1795 882 1860 remissionem
951 1801 1349 1880 peccatorum
1429 1817 1682 1862 suorum
1761 1797 2213 1880 concessimus,
2295 1816 2413 1880 que
2492 1796 2712 1862 devote
2776 1794 3175 1862 visitantibus

319 1900 648 1968 ecclesiam
693 1901 1144 1969 Warmieusem
1216 1903 1278 1968 in
1347 1909 1568 1969 octava
1634 1904 1796 1969 dicte
1861 1903 2221 1969 festivitatis
2276 1903 2678 1969 assumtionis
2742 1903 2923 1968 beate
2978 1901 3177 1968 Marie

322 2009 694 2074 auctoritate
757 2009 1100 2095 apostolica
1167 2016 1264 2074 est
1331 2029 1656 2092 concessa,
1725 2015 1911 2096 prout
1971 2011 2035 2076 iu
2091 2011 2321 2076 nostris
2381 2009 2525 2075 inde
2594 2010 2890 2075 confectis
2949 2009 3177 2076 litteris

320 2115 569 2202 plenius
601 2117 972 2182 continetur.
1043 2115 1198 2181 Cum
1249 2123 1478 2200 autem,
1525 2115 1712 2182 sicut¹
1760 2117 2042 2184 exhibita
2072 2117 2251 2184 uobis
2284 2137 2483 2202 nuper
2516 2137 2629 2202 pro
2658 2122 2839 2202 parte
2870 2117 3179 2182 dictorum

321 2222 608 2305 magistri
655 2229 718 2288 et
745 2223 1010 2288 fratrum
1044 2223 1265 2308 petitio
1297 2225 1674 2308 continebat,
1721 2223 2089 2310 plerumque
2119 2225 2460 2308 contingat,
2504 2223 2835 2289 nonnullas
2877 2241 3177 2308 personas

319 2328 574 2396 laicales
633 2349 822 2395 causa
877 2331 1224 2396 devotionis
1279 2331 1736 2398 fraternitatem
1791 2333 2101 2398 dictorum
2156 2333 2425 2398 fratrum
2482 2350 2798 2398 assumere
2855 2349 2929 2395 ac
2990 2350 3059 2397 se
3116 2335 3181 2396 et

321 2437 490 2504 bona
531 2457 666 2521 sua,
722 2457 836 2504 usu
885 2443 1095 2503 tamen
1141 2438 1444 2504 bonorum
1491 2440 1772 2524 ipsorum
1819 2439 1938 2504 sibi
1986 2438 2065 2505 ad
2112 2458 2327 2504 eorum
2375 2438 2568 2504 vitam
2630 2438 2937 2503 duntaxat
2978 2455 3181 2503 reser-

321 2550 492 2628 vato,
539 2544 618 2610 ad
661 2544 940 2610 diversas
988 2545 1208 2610 domus
1255 2546 1405 2612 dicti
1451 2545 1779 2632 hospitalis
1824 2547 2284 2632 imperpetuum
2331 2544 2551 2611 offerre
2596 2553 2660 2610 et
2704 2544 2937 2611 donare
2982 2550 3047 2610 et
3090 2545 3181 2610 sic

323 2653 392 2717 in
437 2651 643 2719 seculo
688 2659 1082 2720 remanentes
1127 2653 1428 2720 virtutum
1473 2654 1723 2719 domino
1769 2653 2093 2732 famulari3
2140 2673 2253 2718 nos
2299 2653 2472 2737 pium
2504 2651 2723 2718 talium
2770 2672 3179 2738 personarum

323 2759 715 2846 propositum
765 2759 1104 2845 plurimum
1154 2761 1216 2826 in
1274 2761 1524 2826 domino
1582 2761 2091 2826 commendantes
2138 2780 2212 2826 ac
2266 2759 2587 2846 cupientes
2643 2780 2749 2826 eas
2794 2757 3181 2842 indulgentie

325 2887 439 2932 seu
483 2866 868 2933 remissionis
913 2875 1256 2934 memorate
1299 2868 1434 2934 fieri
1481 2869 1842 2954 participes,
1887 2867 1965 2934 de
2010 2868 2453 2954 omnipotentis
2500 2867 2601 2933 dei
2646 2865 3077 2934 misericordia
3119 2870 3185 2931 et

324 2973 651 3040 beatorum
682 2973 854 3038 Petri
901 2980 964 3040 et
991 2974 1172 3040 Pauli
1219 2975 1640 3061 apostolorum
1689 2976 1822 3040 eius
1855 2975 2227 3040 auctoritate
2272 2973 2487 3039 confisi
2518 2974 2807 3039 omnibus
2839 2995 2917 3040 ex
2946 2973 3183 3041 eisdem

325 3081 614 3167 personis
659 3100 805 3145 vere
839 3082 1258 3166 penitentibus
1305 3089 1368 3150 et
1412 3082 1734 3165 confessis,
1781 3084 1887 3166 qui
1919 3085 2011 3146 sic
2054 3082 2513 3148 fraternitatem
2561 3081 2869 3147 dictorum
2914 3081 3181 3146 fratrum

331 3193 475 3253 actu
523 3193 952 3254 assumserunt
995 3209 1069 3254 ac
1114 3210 1182 3256 se
1227 3195 1291 3254 et
1351 3190 1514 3254 bona
1569 3209 1686 3254 sua
1731 3189 1811 3254 ad
1866 3189 2087 3254 domus
2134 3189 2285 3254 dicti
2341 3187 2669 3274 hospitalis
2716 3186 3078 3254 obtuleruut
3122 3193 3186 3252 et

330 3295 646 3362 donarunt
689 3315 800 3360 seu
844 3296 1098 3362 inantea
1143 3297 1571 3378 assumserim,
1620 3294 1959 3362 obtulerint
2003 3301 2067 3362 et
2110 3295 2501 3378 donaverint,
2558 3301 2622 3360 et
2667 3297 2773 3380 qui
2816 3297 2997 3361 iuxta
3041 3313 3184 3380 pre-

329 3402 525 3468 fatam
574 3403 1086 3469 cousuetudinem
1129 3403 1486 3470 huiusmodi
1516 3410 1756 3489 septem
1791 3403 2028 3472 vicibus
2059 3403 2411 3488 predictum
2456 3409 2915 3468 sacramentum
2962 3403 3185 3468 devote

331 3511 717 3595 sumpserint
760 3511 1105 3594 annuatim,
1153 3511 1414 3594 singulis
1460 3511 1751 3578 videlicet
1778 3510 2020 3576 vicibus
2063 3509 2438 3593 huiusmodi,
2485 3507 2707 3594 quibus
2737 3509 2943 3594 ipsum
2976 3527 3185 3574 sacra-

330 3621 616 3683 mentum
659 3618 1062 3704 sumpserint,
1111 3623 1182 3684 ut
1209 3618 1540 3704 prefertur,
1589 3618 1848 3684 eandem
1879 3617 2335 3700 indulgentiam
2366 3622 2431 3682 et
2468 3615 2897 3682 remissionem
2930 3635 3185 3680 suorum

331 3730 732 3810 peecatorum
790 3724 1218 3810 concedimus,
1279 3746 1398 3809 que
1458 3726 1692 3791 eisdem
1751 3725 2052 3790 fratribus
2107 3744 2221 3809 per
2276 3743 2421 3807 nos,
2490 3729 2562 3788 ut
2615 3723 3031 3809 premittitur,
3092 3727 3189 3788 est

334 3850 660 3914 concessa,
723 3837 786 3898 et
837 3831 1277 3898 nichilominus
1337 3831 1566 3898 eisdem
1627 3833 1909 3918 personis
1966 3832 2338 3897 auctoritate
2396 3829 2739 3916 apostolica
2782 3835 2999 3896 tenore
3045 3849 3188 3916 pre-

335 3939 606 4006 sentium
636 3939 1051 4022 indulgemuS,
1098 3944 1168 4004 ut
1199 3939 1486 4006 omuibus
1518 3946 1581 4005 et
1611 3939 1870 4022 singulis
1901 3938 2045 4004 aliis
2076 3938 2501 4022 indulgentiis,
2548 3937 2914 4024 privilegiis,
2960 3937 3188 4002 immu-

334 4045 670 4128 nitatibuS,
730 4044 1124 4113 libertatibus
1171 4052 1234 4112 et
1278 4047 1734 4113 exemtiouibus
1781 4047 1872 4112 uti
1919 4052 1984 4112 et
2027 4045 2300 4130 gaudere
2340 4045 2617 4131 possint,
2677 4043 2900 4129 quibus
2960 4043 3190 4129 prefati

334 4154 563 4219 fratres
609 4153 884 4238 gaudent
925 4173 1036 4219 seu
1067 4153 1530 4238 quomodolibet
1569 4154 1914 4239 potiuntur,
1960 4152 2525 4234 constitutionibus,
2572 4150 2937 4237 privilegiiS,
2982 4149 3189 4216 indul-

337 4261 566 4345 gentiis
613 4265 677 4326 et
705 4260 932 4326 litteris
963 4261 1322 4345 apostolicis
1352 4261 1746 4342 generalibus
1778 4261 1876 4326 vel
1919 4259 2314 4346 specialibus,
2363 4278 2873 4344 quorumcunque
2899 4264 3188 4324 tenorum

340 4369 647 4450 existant,
693 4387 807 4452 per
852 4387 971 4451 que
1025 4367 1420 4452 presentibus
1479 4388 1604 4434 non
1651 4388 1951 4454 expressa
1999 4367 2099 4434 vel
2154 4366 2431 4434 totaliter
2485 4386 2611 4431 non
2654 4366 2893 4432 inserta
2936 4363 3191 4431 effectus

339 4496 556 4542 earum
600 4474 892 4561 impediri
937 4473 1144 4540 valeat
1187 4474 1650 4559 quomodolibet
1693 4473 1794 4540 vel
1837 4473 2095 4556 differri,
2144 4473 2311 4540 etde
2358 4472 2580 4557 quibus
2627 4492 3011 4558 quorumque
3040 4474 3191 4538 totis

340 4581 660 4649 tenoribus
706 4581 784 4647 de
828 4580 1016 4646 verbo
1063 4581 1144 4648 ad
1189 4581 1446 4648 verbum
1493 4583 1779 4648 habenda
1825 4582 2003 4647 sitin
2050 4580 2279 4646 nostris
2324 4580 2552 4646 litteris
2596 4581 2831 4646 mentio
2878 4579 3190 4666 specialis,

343 4697 407 4757 et
473 4689 612 4755 aliis
679 4688 1010 4754 contrariis
1075 4709 1202 4754 non
1269 4689 1659 4756 obstantibus
1729 4688 2215 4773 quibuscunque.
2308 4686 2477 4753 Nulli
2546 4707 2693 4771 ergo
2759 4699 2873 4754 etc.
2955 4686 3191 4753 Datum

343 4797 539 4862 Rome
587 4796 752 4881 apud
798 4801 1079 4862 sanctum
1115 4795 1368 4862 Petrum
1415 4818 1454 4862 v
1484 4797 1784 4864 kalendas
1816 4795 2028 4862 martii
2073 4794 2470 4881 pontificatus
2503 4795 2702 4861 nostri
2734 4814 2897 4860 anno
2929 4793 3189 4860 decimo.

554 4937 632 4987 Ex
665 4945 966 4988 transsumto
1005 4937 1069 4987 de
1096 4937 1225 4988 1401
1270 4935 1439 5002 aprilis
1471 4937 1534 4989 16
1569 4939 1620 4988 in
1651 4937 1850 4989 archivo
1873 4935 2243 5002 Regimontano
2282 4935 2364 5000 (cf.
2392 4935 2679 5002 Napiersky
2716 4937 2766 4987 in
2790 4935 2963 4986 Indice
2998 4953 3047 4984 n.
3068 4935 3193 5000 530)

345 5027 426 5077 ed.
463 5027 516 5076 in
553 5025 676 5076 Livl.
703 5025 765 5076 U.
785 5025 842 5076 B.
867 5026 958 5087 IV,
983 5026 1090 5077 230
1125 5044 1173 5076 n.
1199 5025 1348 5077 1482.
1398 5026 1460 5076 cf.
1497 5043 1548 5078 n.
1573 5027 1692 5078 699.
1879 5027 1924 5076 1.
1964 5024 2209 5091 supplevi.
