3892 5609
747 299 794 369 4
808 299 901 369 10
1724 309 2147 359 remmom
2190 309 2634 360 somonam

746 489 815 536 se
869 469 1116 536 noverit
1171 469 1587 536 incursurum.
1673 469 1906 536 Datum
1953 468 2252 536 Laterani
2296 469 2406 535 xvi
2451 469 2751 536 kalendas
2806 469 3157 538 decembris
3200 469 3603 557 pontificatus

744 577 946 643 nostri
989 596 1153 642 anno
1199 581 1394 642 sexto.

953 717 1017 769 R.
1040 716 1143 767 124
1163 716 1293 768 inter
1316 715 1726 781 Marburgensiag
1762 715 1912 768 etiam
1937 719 2002 770 A.
2026 716 2092 769 16
2127 735 2178 784 p.
2196 716 2281 800 69.
2306 747 2368 756 -
2404 717 2528 768 Cum
2548 716 2693 769 titulo
2717 717 2956 784 magistro
2982 727 3034 769 et
3056 718 3293 771 fratribus
3315 729 3413 772 ete.
3451 723 3519 772 A.
3538 720 3605 772 m

745 823 796 859 n.
821 805 921 858 103
956 806 1136 858 Latine
1171 813 1226 857 et
1261 804 1558 858 Germanice
1597 819 1707 856 cum
1741 813 1888 858 nota:
1925 807 1985 859 In
2020 807 2280 875 Mai-purg.
2335 807 2662 858 Innocencius
2698 806 2923 858 eiusdem
2956 809 3147 860 tenoris
3181 809 3235 860 in
3270 809 3482 861 Laodic-

751 1046 924 1117 614.
969 1049 1139 1115 1261
1171 1049 1392 1114 martii
1417 1047 1506 1112 28
1535 1045 1858 1114 Laterani.
1920 1048 2283 1115 Alexander
2315 1048 2425 1114 IV
2456 1051 2682 1136 repetit
2723 1071 2787 1113 π.
2820 1049 2956 1114 558
2995 1051 3073 1114 de
3102 1049 3286 1116 1257
3314 1050 3469 1116 iulii
3498 1052 3602 1118 11.

967 1187 1328 1256 Alexander
1372 1193 1486 1256 etc.
1568 1187 1884 1256 Canonica
1928 1191 2371 1258 constitutione
2418 1196 2533 1258 etc.
2618 1189 2853 1257 Datum
2882 1187 3185 1258 Laterani
3224 1213 3267 1256 v
3298 1191 3605 1260 kalendas

745 1297 965 1384 aprilis
1008 1294 1407 1383 pontificatus
1451 1297 1652 1362 nostri
1700 1316 1862 1362 anno
1910 1299 2199 1384 septimo.

751 1535 925 1607 615.
967 1538 1139 1605 1261
1185 1538 1414 1648 apw‘liq
1443 1539 1485 1604 5
1523 1537 1845 1604 Laterani.
1917 1538 2276 1604 Alexander
2304 1539 2415 1605 IV
2447 1543 2670 1628 repetit
2708 1563 2773 1605 π.
2804 1540 2938 1607 558
2982 1541 3059 1606 de
3088 1541 3273 1607 1257
3314 1540 3472 1606 iulii
3498 1541 3604 1606 11.

926 1679 1290 1746 Alexander
1346 1683 1461 1746 etc.
1699 1677 2015 1745 Canonica
2070 1681 2511 1748 constitutione
2568 1686 2685 1748 etc.
2763 1680 3000 1749 Datum
3042 1679 3345 1748 Laterani
3399 1701 3605 1748 nonas

747 1786 966 1874 aprilis
1012 1783 1413 1872 pontificatus
1457 1785 1658 1852 nostri
1705 1805 1867 1851 anno
1913 1787 2201 1872 septimo.

751 2078 925 2150 616.
966 2081 1138 2150 1261
1187 2080 1414 2166 aprilis
1443 2079 1533 2148 12
1576 2079 1897 2146 Laterani.
1968 2079 2332 2148 Alexander
2360 2082 2473 2149 IV
2504 2086 2729 2170 repetit
2774 2079 3073 2170 Greqorii
3096 2082 3205 2150 IX
3244 2107 3309 2150 π.
3340 2083 3485 2152 437
3532 2085 3606 2148 de

967 2188 1145 2254 1227
1191 2211 1337 2273 any.
1370 2188 1476 2253 21.

921 2327 1282 2395 Alexander
1327 2331 1444 2394 etc.
1667 2325 1856 2394 Iustis
1901 2330 2250 2415 petentium
2297 2337 2413 2398 etc.
2493 2331 2727 2400 Datum
2772 2329 3072 2400 Laterani
3114 2333 3161 2399 ii
3190 2331 3332 2399 idus
3378 2330 3602 2419 aprilis

745 2435 1144 2525 pontificatus
1189 2434 1392 2502 nostri
1436 2453 1599 2500 anno
1645 2436 1936 2521 septimo.

958 2576 1045 2629 Or.
1082 2593 1194 2626 cum
1236 2573 1374 2627 bulla
1417 2575 1470 2625 in
1519 2575 1718 2627 archivo
1753 2575 2136 2641 Regimontano.
2200 2576 2430 2630 Alterum
2476 2595 2547 2631 or.
2586 2595 2697 2630 cum
2730 2579 2871 2632 bulla
2904 2579 2957 2631 in
2990 2579 3087 2632 filis
3124 2579 3325 2632 sericeis
3360 2579 3517 2632 luteis
3550 2589 3599 2630 et

746 2665 910 2718 rubris
944 2681 1171 2732 appensa
1205 2664 1258 2715 in
1295 2663 1495 2715 archivo
1530 2663 1717 2715 ordinis
1741 2665 2037 2717 Theutonici
2055 2665 2431 2718 Vindobonensi
2466 2668 2567 2720 iam
2596 2661 2784 2720 dudu'm
2820 2668 2995 2721 domus
3024 2668 3448 2721 vindobonensis.
3508 2667 3599 2718 Ed.

747 2755 976 2808 Duellius
1011 2754 1078 2817 11,
1099 2753 1162 2805 15
1199 2751 1353 2805 n.2l.

754 2977 927 3048 617.
968 2975 1176 3060 (Inter
1204 2977 1380 3044 1254
1423 2977 1624 3042 decbr.
1658 2977 1748 3044 12
1792 2991 1848 3044 et
1892 2979 2064 3044 1261
2114 2983 2272 3044 maii
2308 2979 2449 3062 25).
2519 2981 2883 3047 Alexander
2925 2980 3036 3048 IV
3068 2995 3231 3050 vetat
3275 2983 3599 3070 episcopos

968 3088 1212 3152 ordinis
1250 3083 1616 3150 Theutonici
1658 3085 1942 3150 ecclesias
1984 3099 2130 3172 post
2169 3109 2472 3153 recessum
2500 3091 2882 3155 vicariorum
2913 3111 3235 3176 occupare,
3283 3092 3394 3155 sed
3418 3091 3599 3174 infra

968 3195 1394 3281 quadraqinta
1439 3193 1570 3256 dies
1616 3193 1694 3258 ab
1742 3193 1962 3257 ordine
2000 3198 2417 3280 praesentatas
2463 3197 2765 3281 conferre.

975 3333 1338 3400 Alexander
1398 3337 1514 3399 etc.
1572 3333 2058 3421 archiepiscopis
2114 3341 2180 3402 et
2220 3335 2531 3424 episcopis
2576 3343 2693 3405 etc.
2927 3336 3085 3402 Cum
3130 3335 3392 3402 dilectos
3434 3333 3597 3402 filios

747 3443 978 3510 fratres
1045 3441 1376 3529 hospitalis
1445 3445 1660 3506 sancte
1715 3439 1917 3507 Maris
1974 3441 2500 3511 Theutonicorum
2567 3443 3045 3511 lerosolimitani
3099 3442 3596 3510 consideratione

749 3550 1003 3634 laboris,
1051 3568 1239 3635 quem
1285 3547 1364 3613 ad
1411 3547 1930 3614 christianitatem
1980 3551 2347 3616 servandam
2396 3552 2669 3619 tolerant
2708 3552 2775 3618 in
2818 3551 3105 3638 partibus
3134 3551 3597 3632 transmarinis,

751 3656 1012 3743 speciali
1067 3656 1404 3740 diligamus
1461 3653 1686 3722 affectu
1745 3661 1811 3722 et
1863 3656 2032 3742 apud
2088 3677 2305 3726 omnes
2359 3658 2629 3725 cultores
2680 3660 2955 3726 nominis
3011 3658 3341 3726 christiani
3380 3658 3598 3725 haberi

751 3765 1084 3832 conveniat
1129 3761 1484 3850 specialiter
1529 3761 2019 3846 commendatos,
2060 3783 2191 3830 non
2224 3763 2330 3832 'est
2355 3767 2585 3833 rationi
2614 3767 3011 3850 conveniens,
3054 3773 3127 3832 ut
3154 3786 3193 3832 a
3222 3765 3377 3832 viris
3406 3765 3599 3832 eccle-

752 3872 1056 3955 siasticis,
1115 3872 1221 3956 qui
1277 3869 1508 3938 debent
1558 3869 1752 3936 laicos
1809 3869 1894 3936 ad
1935 3871 2429 3939 subveniendum
2474 3874 2566 3940 eis
2608 3874 2935 3958 inducere,
2980 3873 3257 3958 aliquam
3302 3873 3597 3940 iniuriam

753 3980 1108 4066 patiantur3
1177 3978 1442 4062 ideoque
1495 3977 1890 4044 universitati
1944 3982 2152 4044 vestre
2208 3980 2578 4048 auctoritate
2630 3980 2974 4067 apostolica
3027 3980 3467 4067 prohibemus,
3522 4001 3599 4048 ne

755 4085 1013 4154 ecclesie
1066 4084 1192 4156 illis
1249 4104 1542 4152 concesse
1599 4090 1662 4152 et
1707 4105 1746 4151 a
1789 4085 2139 4152 diocesanis
2184 4087 2497 4173 episcopis
2539 4087 2901 4153 confirmate
2944 4093 3091 4173 post
3130 4087 3457 4154 decessum
3506 4087 3599 4156 vel

748 4212 1065 4260 recessum
1112 4193 1490 4258 vicariorum
1536 4190 1638 4258 vel
1680 4211 2092 4278 personarum
2138 4193 2216 4259 ab
2262 4193 2572 4280 episcopis
2612 4193 2715 4260 vel
2758 4213 2973 4260 eorum
3018 4193 3387 4262 officialibus
3418 4215 3597 4262 occu-

749 4307 1002 4388 pentur,
1047 4299 1156 4366 sed
1199 4299 1368 4366 infra
1411 4299 1830 4384 quadraginta
1873 4299 2009 4366 dies
2055 4307 2199 4386 post
2240 4299 2563 4368 decessum
2610 4301 2709 4368 vel
2752 4320 3067 4368 recessum
3096 4321 3313 4368 eorum
3345 4303 3427 4368 ad
3458 4324 3593 4390 pre-

750 4407 1164 4475 sentationem
1231 4406 1498 4472 fratrum
1567 4406 1979 4474 instituantur
2046 4407 2113 4473 in
2182 4407 2418 4474 eisdem
2475 4407 2753 4475 ecclesiis
2813 4428 3079 4496 persone
3134 4409 3406 4494 ydonee,
3480 4431 3595 4496 que

751 4515 1064 4601 episcopis
1109 4514 1188 4581 de
1233 4512 1661 4600 spiritualibus
1707 4512 2129 4600 respondeant
2170 4520 2235 4581 et
2276 4513 2551 4582 debitam
2596 4513 3040 4584 subiectionem
3072 4516 3427 4600 adhibeant,
3470 4517 3594 4584 fra-

753 4621 956 4689 tribus
1001 4626 1214 4688 autem
1257 4639 1374 4686 sua
1416 4619 1558 4686 iura
1599 4627 1971 4688 conservent
2014 4626 2077 4688 et
2119 4621 2423 4709 prebeant
2464 4622 2725 4690 illibata.
2802 4622 2971 4690 Data
3012 4629 3130 4691 etc.

959 4761 1144 4825 11,121
1183 4777 1234 4814 ιι.
1259 4760 1346 4813 83.
