<?xml version="1.0" encoding="UTF-8"?>
<!DOCTYPE html PUBLIC "-//W3C//DTD XHTML 1.0 Transitional//EN"
    "http://www.w3.org/TR/xhtml1/DTD/xhtml1-transitional.dtd">
<html xmlns="http://www.w3.org/1999/xhtml" xml:lang="en" lang="en">
 <head>
  <title>
</title>
<meta http-equiv="Content-Type" content="text/html;charset=utf-8" />
  <meta name='ocr-system' content='tesseract 3.04.00' />
  <meta name='ocr-capabilities' content='ocr_page ocr_carea ocr_par ocr_line ocrx_word'/>
</head>
<body>
  <div class='ocr_page' id='page_1' title='image "./tabulaeordinist00stregoog_0086.png"; bbox 0 0 3892 5609; ppageno 0'>
   <div class='ocr_carea' id='block_1_1' title="bbox 648 267 2731 339">
    <p class='ocr_par' dir='ltr' id='par_1_1' title="bbox 648 267 2731 339">
     <span class='ocr_line' id='line_1_1' title="bbox 648 267 2731 339; baseline -0.002 -13"><span class='ocrx_word' id='word_1_1' title='bbox 648 267 688 338; x_wconf 82' lang='grc'><strong>7</strong></span> <span class='ocrx_word' id='word_1_2' title='bbox 699 268 746 339; x_wconf 87' lang='lat'>0</span> <span class='ocrx_word' id='word_1_3' title='bbox 1431 277 1661 325; x_wconf 69' lang='lat' dir='ltr'>raum</span> <span class='ocrx_word' id='word_1_4' title='bbox 1707 276 1991 325; x_wconf 71' lang='lat' dir='ltr'>sAucrA.</span> <span class='ocrx_word' id='word_1_5' title='bbox 2061 274 2392 325; x_wconf 68' lang='lat' dir='ltr'>Annum.</span> <span class='ocrx_word' id='word_1_6' title='bbox 2464 274 2731 323; x_wconf 73' lang='lat' dir='ltr'>crpuus</span> 
     </span>
    </p>
   </div>
   <div class='ocr_carea' id='block_1_2' title="bbox 647 434 3519 519">
    <p class='ocr_par' dir='ltr' id='par_1_2' title="bbox 647 434 3519 519">
     <span class='ocr_line' id='line_1_2' title="bbox 647 434 3519 519; baseline -0.002 -10"><span class='ocrx_word' id='word_1_7' title='bbox 647 437 771 509; x_wconf 87' lang='lat'>88.</span> <span class='ocrx_word' id='word_1_8' title='bbox 821 438 1016 504; x_wconf 86' lang='lat'><em>1239.</em></span> <span class='ocrx_word' id='word_1_9' title='bbox 1094 434 1508 517; x_wconf 62' lang='lat' dir='ltr'>Gaio-cardus,</span> <span class='ocrx_word' id='word_1_10' title='bbox 1558 460 1608 501; x_wconf 80' lang='lat' dir='ltr'>s.</span> <span class='ocrx_word' id='word_1_11' title='bbox 1636 438 1890 503; x_wconf 62' lang='lat' dir='ltr'>Mam</span> <span class='ocrx_word' id='word_1_12' title='bbox 1919 440 1997 503; x_wconf 86' lang='lat' dir='ltr'>de</span> <span class='ocrx_word' id='word_1_13' title='bbox 2024 437 2267 504; x_wconf 78' lang='lat' dir='ltr'>Latina</span> <span class='ocrx_word' id='word_1_14' title='bbox 2308 438 2379 501; x_wconf 74' lang='lat' dir='ltr'>in</span> <span class='ocrx_word' id='word_1_15' title='bbox 2412 434 2755 501; x_wconf 71' lang='lat' dir='ltr'>Ierusalem</span> <span class='ocrx_word' id='word_1_16' title='bbox 2784 436 3000 517; x_wconf 79' lang='lat' dir='ltr'>abbas,</span> <span class='ocrx_word' id='word_1_17' title='bbox 3048 437 3375 519; x_wconf 73' lang='lat' dir='ltr'>confimat</span> <span class='ocrx_word' id='word_1_18' title='bbox 3403 437 3519 503; x_wconf 77' lang='grc' dir='ltr'>Ῐιο·</span> 
     </span>
    </p>
   </div>
   <div class='ocr_carea' id='block_1_3' title="bbox 821 543 3521 734">
    <p class='ocr_par' dir='ltr' id='par_1_3' title="bbox 821 543 3521 734">
     <span class='ocr_line' id='line_1_3' title="bbox 821 543 3521 632; baseline -0.001 -22"><span class='ocrx_word' id='word_1_19' title='bbox 821 546 1044 632; x_wconf 76' lang='lat' dir='ltr'>spitali</span> <span class='ocrx_word' id='word_1_20' title='bbox 1085 568 1134 609; x_wconf 78' lang='lat' dir='ltr'>s.</span> <span class='ocrx_word' id='word_1_21' title='bbox 1161 545 1416 610; x_wconf 72' lang='lat' dir='ltr'>Mariae</span> <span class='ocrx_word' id='word_1_22' title='bbox 1453 544 1981 611; x_wconf 73' lang='lat' dir='ltr'>Theutonicorum</span> <span class='ocrx_word' id='word_1_23' title='bbox 2022 549 2272 611; x_wconf 76' lang='lat' dir='ltr'>vineam</span> <span class='ocrx_word' id='word_1_24' title='bbox 2305 544 2431 609; x_wconf 81' lang='lat' dir='ltr'>sibi</span> <span class='ocrx_word' id='word_1_25' title='bbox 2460 543 2808 607; x_wconf 70' lang='lat' dir='ltr'><em>censualem</em></span> <span class='ocrx_word' id='word_1_26' title='bbox 2837 545 3153 608; x_wconf 74' lang='lat' dir='ltr'>venditam</span> <span class='ocrx_word' id='word_1_27' title='bbox 3186 567 3312 631; x_wconf 79' lang='lat' dir='ltr'>per</span> <span class='ocrx_word' id='word_1_28' title='bbox 3338 545 3521 627; x_wconf 77' lang='lat' dir='ltr'>filios</span> 
     </span>
     <span class='ocr_line' id='line_1_4' title="bbox 821 652 1683 734; baseline -0.002 -17"><span class='ocrx_word' id='word_1_29' title='bbox 821 652 1154 734; x_wconf 57' lang='lat' dir='ltr'>Michaelis</span> <span class='ocrx_word' id='word_1_30' title='bbox 1200 654 1277 717; x_wconf 83' lang='lat' dir='ltr'>de</span> <span class='ocrx_word' id='word_1_31' title='bbox 1322 652 1683 718; x_wconf 81' lang='lat' dir='ltr'>Ierusalem.</span> 
     </span>
    </p>
   </div>
   <div class='ocr_carea' id='block_1_4' title="bbox 571 772 3527 3416">
    <p class='ocr_par' dir='ltr' id='par_1_4' title="bbox 571 772 3527 3299">
     <span class='ocr_line' id='line_1_5' title="bbox 864 772 3523 861; baseline 0 -20"><span class='ocrx_word' id='word_1_32' title='bbox 864 776 1102 843; x_wconf 86' lang='lat' dir='ltr'>Notum</span> <span class='ocrx_word' id='word_1_33' title='bbox 1146 776 1230 841; x_wconf 89' lang='lat' dir='ltr'>sit</span> <span class='ocrx_word' id='word_1_34' title='bbox 1276 776 1564 843; x_wconf 89' lang='lat' dir='ltr'>omnibus</span> <span class='ocrx_word' id='word_1_35' title='bbox 1610 780 1741 841; x_wconf 88' lang='lat' dir='ltr'>tam</span> <span class='ocrx_word' id='word_1_36' title='bbox 1787 774 2189 861; x_wconf 81' lang='lat' dir='ltr'><strong>presentibus</strong></span> <span class='ocrx_word' id='word_1_37' title='bbox 2237 794 2427 859; x_wconf 88' lang='lat' dir='ltr'>quam</span> <span class='ocrx_word' id='word_1_38' title='bbox 2470 774 2725 857; x_wconf 51' lang='lat' dir='ltr'>faturia</span> <span class='ocrx_word' id='word_1_39' title='bbox 2772 774 2939 859; x_wconf 90' lang='lat' dir='ltr'>quod</span> <span class='ocrx_word' id='word_1_40' title='bbox 2970 772 3357 841; x_wconf 87' lang='lat' dir='ltr'>Guiccardus</span> <span class='ocrx_word' id='word_1_41' title='bbox 3401 775 3523 843; x_wconf 88' lang='lat' dir='ltr'>hu·-</span> 
     </span>
     <span class='ocr_line' id='line_1_6' title="bbox 641 880 3521 968; baseline -0.001 -18"><span class='ocrx_word' id='word_1_42' title='bbox 641 884 814 950; x_wconf 88' lang='lat' dir='ltr'>milis</span> <span class='ocrx_word' id='word_1_43' title='bbox 875 883 1068 951; x_wconf 87' lang='lat' dir='ltr'>abbas</span> <span class='ocrx_word' id='word_1_44' title='bbox 1126 881 1384 949; x_wconf 88' lang='lat' dir='ltr'>ecclesie</span> <span class='ocrx_word' id='word_1_45' title='bbox 1443 886 1656 949; x_wconf 87' lang='lat' dir='ltr'>sancte</span> <span class='ocrx_word' id='word_1_46' title='bbox 1702 880 1902 948; x_wconf 87' lang='lat' dir='ltr'>Marie</span> <span class='ocrx_word' id='word_1_47' title='bbox 1950 882 2027 948; x_wconf 91' lang='lat' dir='ltr'>de</span> <span class='ocrx_word' id='word_1_48' title='bbox 2072 881 2303 947; x_wconf 86' lang='lat' dir='ltr'>Latina</span> <span class='ocrx_word' id='word_1_49' title='bbox 2357 882 2425 947; x_wconf 93' lang='lat' dir='ltr'>in</span> <span class='ocrx_word' id='word_1_50' title='bbox 2469 881 2812 947; x_wconf 82' lang='lat' dir='ltr'><strong>Ierusalem</strong></span> <span class='ocrx_word' id='word_1_51' title='bbox 2869 902 2997 947; x_wconf 89' lang='lat' dir='ltr'>una</span> <span class='ocrx_word' id='word_1_52' title='bbox 3051 902 3194 947; x_wconf 88' lang='lat' dir='ltr'>cum</span> <span class='ocrx_word' id='word_1_53' title='bbox 3239 882 3521 968; x_wconf 89' lang='lat' dir='ltr'>capitulo</span> 
     </span>
     <span class='ocr_line' id='line_1_7' title="bbox 643 988 3526 1071; baseline -0.001 -14"><span class='ocrx_word' id='word_1_54' title='bbox 643 996 860 1057; x_wconf 87' lang='lat' dir='ltr'>nostro</span> <span class='ocrx_word' id='word_1_55' title='bbox 908 988 1351 1057; x_wconf 88' lang='lat' dir='ltr'>confirmamus</span> <span class='ocrx_word' id='word_1_56' title='bbox 1411 996 1475 1056; x_wconf 90' lang='lat' dir='ltr'>et</span> <span class='ocrx_word' id='word_1_57' title='bbox 1518 989 1997 1055; x_wconf 86' lang='lat' dir='ltr'>corroboramus</span> <span class='ocrx_word' id='word_1_58' title='bbox 2042 989 2475 1055; x_wconf 77' lang='lat' dir='ltr'>vendicionem</span> <span class='ocrx_word' id='word_1_59' title='bbox 2518 988 2734 1071; x_wconf 84' lang='lat' dir='ltr'>vinee,</span> <span class='ocrx_word' id='word_1_60' title='bbox 2792 1009 2982 1071; x_wconf 88' lang='lat' dir='ltr'>quam</span> <span class='ocrx_word' id='word_1_61' title='bbox 3041 988 3327 1055; x_wconf 87' lang='lat' dir='ltr'>fecerunt</span> <span class='ocrx_word' id='word_1_62' title='bbox 3374 988 3526 1055; x_wconf 91' lang='lat' dir='ltr'>Giot</span> 
     </span>
     <span class='ocr_line' id='line_1_8' title="bbox 645 1094 3522 1183; baseline -0.001 -18"><span class='ocrx_word' id='word_1_63' title='bbox 645 1102 710 1165; x_wconf 90' lang='lat' dir='ltr'>et</span> <span class='ocrx_word' id='word_1_64' title='bbox 753 1096 968 1179; x_wconf 85' lang='lat' dir='ltr'>Iohan,</span> <span class='ocrx_word' id='word_1_65' title='bbox 1013 1095 1133 1162; x_wconf 89' lang='lat' dir='ltr'>filii</span> <span class='ocrx_word' id='word_1_66' title='bbox 1177 1096 1500 1163; x_wconf 82' lang='lat' dir='ltr'>Michaelis</span> <span class='ocrx_word' id='word_1_67' title='bbox 1546 1096 1626 1161; x_wconf 88' lang='lat' dir='ltr'>de</span> <span class='ocrx_word' id='word_1_68' title='bbox 1658 1095 2019 1179; x_wconf 81' lang='lat' dir='ltr'>Ierusalem,</span> <span class='ocrx_word' id='word_1_69' title='bbox 2066 1096 2243 1161; x_wconf 87' lang='lat' dir='ltr'>vobis</span> <span class='ocrx_word' id='word_1_70' title='bbox 2288 1094 2471 1160; x_wconf 86' lang='lat' dir='ltr'>fratri</span> <span class='ocrx_word' id='word_1_71' title='bbox 2516 1094 2767 1160; x_wconf 89' lang='lat' dir='ltr'>Lutolfo</span> <span class='ocrx_word' id='word_1_72' title='bbox 2816 1100 2879 1161; x_wconf 90' lang='lat' dir='ltr'>et</span> <span class='ocrx_word' id='word_1_73' title='bbox 2922 1098 3259 1162; x_wconf 80' lang='lat' dir='ltr'>conventui</span> <span class='ocrx_word' id='word_1_74' title='bbox 3304 1097 3522 1183; x_wconf 89' lang='lat' dir='ltr'>hospi-</span> 
     </span>
     <span class='ocr_line' id='line_1_9' title="bbox 641 1202 3521 1289; baseline 0 -20"><span class='ocrx_word' id='word_1_75' title='bbox 641 1203 791 1270; x_wconf 87' lang='lat' dir='ltr'>talis</span> <span class='ocrx_word' id='word_1_76' title='bbox 849 1209 1066 1271; x_wconf 86' lang='lat' dir='ltr'>sancte</span> <span class='ocrx_word' id='word_1_77' title='bbox 1111 1202 1311 1269; x_wconf 88' lang='lat' dir='ltr'>Marie</span> <span class='ocrx_word' id='word_1_78' title='bbox 1359 1204 1886 1269; x_wconf 88' lang='lat' dir='ltr'>Theutonicorum</span> <span class='ocrx_word' id='word_1_79' title='bbox 1939 1223 2058 1289; x_wconf 90' lang='lat' dir='ltr'>pro</span> <span class='ocrx_word' id='word_1_80' title='bbox 2113 1202 2403 1268; x_wconf 89' lang='lat' dir='ltr'>bisantiis</span> <span class='ocrx_word' id='word_1_81' title='bbox 2450 1204 2867 1268; x_wconf 86' lang='lat' dir='ltr'>sarracenatis</span> <span class='ocrx_word' id='word_1_82' title='bbox 2914 1204 3044 1287; x_wconf 79' lang='lat' dir='ltr'>vii⁰‚</span> <span class='ocrx_word' id='word_1_83' title='bbox 3104 1223 3292 1287; x_wconf 86' lang='lat' dir='ltr'>quam</span> <span class='ocrx_word' id='word_1_84' title='bbox 3348 1204 3521 1269; x_wconf 89' lang='lat' dir='ltr'>idem</span> 
     </span>
     <span class='ocr_line' id='line_1_10' title="bbox 642 1309 3523 1377; baseline -0 0"><span class='ocrx_word' id='word_1_85' title='bbox 642 1310 953 1377; x_wconf 89' lang='lat' dir='ltr'>Iohannes</span> <span class='ocrx_word' id='word_1_86' title='bbox 999 1310 1256 1377; x_wconf 87' lang='lat' dir='ltr'>tenebat</span> <span class='ocrx_word' id='word_1_87' title='bbox 1287 1331 1324 1376; x_wconf 90' lang='lat' dir='ltr'>a</span> <span class='ocrx_word' id='word_1_88' title='bbox 1353 1310 1534 1377; x_wconf 87' lang='lat' dir='ltr'>nobis</span> <span class='ocrx_word' id='word_1_89' title='bbox 1581 1310 1698 1376; x_wconf 89' lang='lat' dir='ltr'>sub</span> <span class='ocrx_word' id='word_1_90' title='bbox 1737 1329 1943 1375; x_wconf 89' lang='lat' dir='ltr'>annuo</span> <span class='ocrx_word' id='word_1_91' title='bbox 1992 1329 2184 1375; x_wconf 89' lang='lat' dir='ltr'>censu</span> <span class='ocrx_word' id='word_1_92' title='bbox 2227 1309 2650 1375; x_wconf 89' lang='lat' dir='ltr'>bisanciorum</span> <span class='ocrx_word' id='word_1_93' title='bbox 2698 1316 3245 1375; x_wconf 80' lang='lat' dir='ltr'>sarracenatorum</span> <span class='ocrx_word' id='word_1_94' title='bbox 3290 1312 3407 1376; x_wconf 82' lang='lat' dir='ltr'>xiii</span> <span class='ocrx_word' id='word_1_95' title='bbox 3452 1312 3523 1376; x_wconf 89' lang='lat' dir='ltr'>in</span> 
     </span>
     <span class='ocr_line' id='line_1_11' title="bbox 641 1414 3522 1503; baseline 0.001 -22"><span class='ocrx_word' id='word_1_96' title='bbox 641 1416 991 1484; x_wconf 76' lang='lat' dir='ltr'>festivitate</span> <span class='ocrx_word' id='word_1_97' title='bbox 1019 1418 1317 1483; x_wconf 84' lang='lat' dir='ltr'>-omnium</span> <span class='ocrx_word' id='word_1_98' title='bbox 1362 1423 1726 1484; x_wconf 88' lang='lat' dir='ltr'>sanctorum</span> <span class='ocrx_word' id='word_1_99' title='bbox 1769 1416 2349 1503; x_wconf 82' lang='lat' dir='ltr'>persolvendorum.</span> <span class='ocrx_word' id='word_1_100' title='bbox 2431 1415 2561 1481; x_wconf 88' lang='lat' dir='ltr'>Nos</span> <span class='ocrx_word' id='word_1_101' title='bbox 2606 1436 2755 1481; x_wconf 84' lang='lat' dir='ltr'>vero</span> <span class='ocrx_word' id='word_1_102' title='bbox 2802 1414 3151 1481; x_wconf 88' lang='lat' dir='ltr'>Guicardus</span> <span class='ocrx_word' id='word_1_103' title='bbox 3196 1417 3522 1502; x_wconf 88' lang='lat' dir='ltr'>predictus</span> 
     </span>
     <span class='ocr_line' id='line_1_12' title="bbox 645 1521 3525 1610; baseline -0.001 -20"><span class='ocrx_word' id='word_1_104' title='bbox 645 1523 838 1590; x_wconf 87' lang='lat' dir='ltr'>abbas</span> <span class='ocrx_word' id='word_1_105' title='bbox 897 1543 1025 1589; x_wconf 87' lang='lat' dir='ltr'>una</span> <span class='ocrx_word' id='word_1_106' title='bbox 1079 1544 1222 1589; x_wconf 87' lang='lat' dir='ltr'>cum</span> <span class='ocrx_word' id='word_1_107' title='bbox 1269 1524 1545 1610; x_wconf 90' lang='lat' dir='ltr'>capitulo</span> <span class='ocrx_word' id='word_1_108' title='bbox 1591 1528 1806 1591; x_wconf 91' lang='lat' dir='ltr'>nostro</span> <span class='ocrx_word' id='word_1_109' title='bbox 1851 1524 2253 1590; x_wconf 79' lang='lat' dir='ltr'>concedimus</span> <span class='ocrx_word' id='word_1_110' title='bbox 2300 1522 2479 1588; x_wconf 83' lang='lat' dir='ltr'>vobis</span> <span class='ocrx_word' id='word_1_111' title='bbox 2532 1522 2718 1587; x_wconf 81' lang='lat' dir='ltr'>fratri</span> <span class='ocrx_word' id='word_1_112' title='bbox 2758 1521 3029 1588; x_wconf 87' lang='lat' dir='ltr'>Lutoldo</span> <span class='ocrx_word' id='word_1_113' title='bbox 3078 1528 3142 1589; x_wconf 87' lang='lat' dir='ltr'>et</span> <span class='ocrx_word' id='word_1_114' title='bbox 3182 1524 3525 1590; x_wconf 81' lang='lat' dir='ltr'>conventui</span> 
     </span>
     <span class='ocr_line' id='line_1_13' title="bbox 645 1629 3525 1716; baseline 0 -21"><span class='ocrx_word' id='word_1_115' title='bbox 645 1629 978 1716; x_wconf 88' lang='lat' dir='ltr'>hospitalis</span> <span class='ocrx_word' id='word_1_116' title='bbox 1027 1636 1243 1699; x_wconf 87' lang='lat' dir='ltr'>sancte</span> <span class='ocrx_word' id='word_1_117' title='bbox 1287 1631 1484 1697; x_wconf 88' lang='lat' dir='ltr'>Marie</span> <span class='ocrx_word' id='word_1_118' title='bbox 1531 1630 1581 1696; x_wconf 86' lang='lat' dir='ltr'>T</span> <span class='ocrx_word' id='word_1_119' title='bbox 1585 1630 2063 1696; x_wconf 90' lang='lat' dir='ltr'>heutonicorum</span> <span class='ocrx_word' id='word_1_120' title='bbox 2109 1629 2459 1715; x_wconf 81' lang='lat' dir='ltr'>predictam</span> <span class='ocrx_word' id='word_1_121' title='bbox 2506 1630 2757 1695; x_wconf 82' lang='lat' dir='ltr'>vineam</span> <span class='ocrx_word' id='word_1_122' title='bbox 2803 1629 3280 1716; x_wconf 82' lang='lat' dir='ltr'>possidendam,</span> <span class='ocrx_word' id='word_1_123' title='bbox 3328 1634 3401 1695; x_wconf 92' lang='lat' dir='ltr'>ut</span> <span class='ocrx_word' id='word_1_124' title='bbox 3444 1630 3525 1695; x_wconf 89' lang='lat' dir='ltr'>li-</span> 
     </span>
     <span class='ocr_line' id='line_1_14' title="bbox 645 1736 3523 1822; baseline -0.001 -18"><span class='ocrx_word' id='word_1_125' title='bbox 645 1741 784 1804; x_wconf 87' lang='lat' dir='ltr'>ceat</span> <span class='ocrx_word' id='word_1_126' title='bbox 816 1758 956 1804; x_wconf 89' lang='lat' dir='ltr'>eam</span> <span class='ocrx_word' id='word_1_127' title='bbox 987 1737 1164 1804; x_wconf 82' lang='lat' dir='ltr'>vobis</span> <span class='ocrx_word' id='word_1_128' title='bbox 1194 1738 1466 1805; x_wconf 84' lang='lat' dir='ltr'>vendere</span> <span class='ocrx_word' id='word_1_129' title='bbox 1505 1742 1568 1805; x_wconf 89' lang='lat' dir='ltr'>et</span> <span class='ocrx_word' id='word_1_130' title='bbox 1599 1737 1876 1803; x_wconf 86' lang='lat' dir='ltr'>alienare</span> <span class='ocrx_word' id='word_1_131' title='bbox 1908 1738 2254 1821; x_wconf 88' lang='lat' dir='ltr'>cuicunque</span> <span class='ocrx_word' id='word_1_132' title='bbox 2284 1736 2609 1802; x_wconf 83' lang='lat' dir='ltr'>volueritis</span> <span class='ocrx_word' id='word_1_133' title='bbox 2654 1742 2865 1822; x_wconf 88' lang='lat' dir='ltr'>preter</span> <span class='ocrx_word' id='word_1_134' title='bbox 2910 1736 3219 1802; x_wconf 80' lang='lat' dir='ltr'>militibus</span> <span class='ocrx_word' id='word_1_135' title='bbox 3264 1742 3331 1801; x_wconf 91' lang='lat' dir='ltr'>et</span> <span class='ocrx_word' id='word_1_136' title='bbox 3372 1736 3523 1801; x_wconf 87' lang='lat' dir='ltr'>filiis</span> 
     </span>
     <span class='ocr_line' id='line_1_15' title="bbox 644 1842 3523 1929; baseline -0.001 -20"><span class='ocrx_word' id='word_1_137' title='bbox 644 1843 922 1910; x_wconf 89' lang='lat' dir='ltr'>militum</span> <span class='ocrx_word' id='word_1_138' title='bbox 968 1848 1032 1910; x_wconf 91' lang='lat' dir='ltr'>et</span> <span class='ocrx_word' id='word_1_139' title='bbox 1075 1845 1365 1911; x_wconf 87' lang='lat' dir='ltr'>domibus</span> <span class='ocrx_word' id='word_1_140' title='bbox 1410 1844 1786 1929; x_wconf 84' lang='lat' dir='ltr'>religionum</span> <span class='ocrx_word' id='word_1_141' title='bbox 1847 1849 1914 1909; x_wconf 91' lang='lat' dir='ltr'>et</span> <span class='ocrx_word' id='word_1_142' title='bbox 1954 1843 2313 1909; x_wconf 90' lang='lat' dir='ltr'>hominibus</span> <span class='ocrx_word' id='word_1_143' title='bbox 2360 1844 2805 1910; x_wconf 87' lang='lat' dir='ltr'>communium.</span> <span class='ocrx_word' id='word_1_144' title='bbox 2878 1842 3006 1909; x_wconf 84' lang='lat' dir='ltr'>Vos</span> <span class='ocrx_word' id='word_1_145' title='bbox 3054 1863 3302 1928; x_wconf 90' lang='lat' dir='ltr'>quoque</span> <span class='ocrx_word' id='word_1_146' title='bbox 3348 1847 3523 1908; x_wconf 88' lang='lat' dir='ltr'>tene·</span> 
     </span>
     <span class='ocr_line' id='line_1_16' title="bbox 645 1948 3523 2037; baseline -0.001 -20"><span class='ocrx_word' id='word_1_147' title='bbox 645 1951 806 2017; x_wconf 89' lang='lat' dir='ltr'>mini</span> <span class='ocrx_word' id='word_1_148' title='bbox 849 1950 1032 2017; x_wconf 91' lang='lat' dir='ltr'>nobis</span> <span class='ocrx_word' id='word_1_149' title='bbox 1077 1971 1331 2018; x_wconf 88' lang='lat' dir='ltr'>censum</span> <span class='ocrx_word' id='word_1_150' title='bbox 1378 1952 1734 2037; x_wconf 87' lang='lat' dir='ltr'>predictum</span> <span class='ocrx_word' id='word_1_151' title='bbox 1781 1950 2024 2017; x_wconf 88' lang='lat' dir='ltr'>solvere</span> <span class='ocrx_word' id='word_1_152' title='bbox 2068 1950 2135 2015; x_wconf 87' lang='lat' dir='ltr'>in</span> <span class='ocrx_word' id='word_1_153' title='bbox 2170 1950 2513 2016; x_wconf 82' lang='lat' dir='ltr'>festivitate</span> <span class='ocrx_word' id='word_1_154' title='bbox 2548 1952 2829 2016; x_wconf 87' lang='lat' dir='ltr'>omnium</span> <span class='ocrx_word' id='word_1_155' title='bbox 2876 1955 3255 2015; x_wconf 87' lang='lat' dir='ltr'>sanctorum.</span> <span class='ocrx_word' id='word_1_156' title='bbox 3326 1948 3523 2015; x_wconf 88' lang='lat' dir='ltr'>Cuius</span> 
     </span>
     <span class='ocr_line' id='line_1_17' title="bbox 647 2055 3523 2140; baseline 0 -17"><span class='ocrx_word' id='word_1_157' title='bbox 647 2058 829 2123; x_wconf 83' lang='lat' dir='ltr'>vinee</span> <span class='ocrx_word' id='word_1_158' title='bbox 875 2057 967 2123; x_wconf 91' lang='lat' dir='ltr'>hii</span> <span class='ocrx_word' id='word_1_159' title='bbox 1013 2064 1163 2124; x_wconf 87' lang='lat' dir='ltr'>sunt</span> <span class='ocrx_word' id='word_1_160' title='bbox 1206 2058 1490 2123; x_wconf 83' lang='lat' dir='ltr'>termini:</span> <span class='ocrx_word' id='word_1_161' title='bbox 1541 2058 1619 2124; x_wconf 87' lang='lat' dir='ltr'>ab</span> <span class='ocrx_word' id='word_1_162' title='bbox 1668 2058 1906 2123; x_wconf 89' lang='lat' dir='ltr'>oriente</span> <span class='ocrx_word' id='word_1_163' title='bbox 1952 2061 2050 2123; x_wconf 89' lang='lat' dir='ltr'>est</span> <span class='ocrx_word' id='word_1_164' title='bbox 2078 2057 2281 2139; x_wconf 84' lang='lat' dir='ltr'>vinea,</span> <span class='ocrx_word' id='word_1_165' title='bbox 2330 2076 2453 2140; x_wconf 89' lang='lat' dir='ltr'>que</span> <span class='ocrx_word' id='word_1_166' title='bbox 2496 2057 2617 2121; x_wconf 87' lang='lat' dir='ltr'>fuit</span> <span class='ocrx_word' id='word_1_167' title='bbox 2659 2056 2953 2123; x_wconf 86' lang='lat' dir='ltr'>Iohannis</span> <span class='ocrx_word' id='word_1_168' title='bbox 3000 2058 3079 2123; x_wconf 91' lang='lat' dir='ltr'>de</span> <span class='ocrx_word' id='word_1_169' title='bbox 3110 2055 3393 2136; x_wconf 83' lang='lat' dir='ltr'>Conche3</span> <span class='ocrx_word' id='word_1_170' title='bbox 3444 2056 3523 2123; x_wconf 88' lang='lat' dir='ltr'>ab</span> 
     </span>
     <span class='ocr_line' id='line_1_18' title="bbox 649 2162 3523 2245; baseline -0 -15"><span class='ocrx_word' id='word_1_171' title='bbox 649 2165 970 2231; x_wconf 88' lang='lat' dir='ltr'>occidente</span> <span class='ocrx_word' id='word_1_172' title='bbox 1016 2172 1113 2230; x_wconf 90' lang='lat' dir='ltr'>est</span> <span class='ocrx_word' id='word_1_173' title='bbox 1155 2165 1439 2231; x_wconf 89' lang='lat' dir='ltr'>iardinus</span> <span class='ocrx_word' id='word_1_174' title='bbox 1486 2166 1724 2231; x_wconf 91' lang='lat' dir='ltr'>domini</span> <span class='ocrx_word' id='word_1_175' title='bbox 1753 2162 2048 2229; x_wconf 90' lang='lat' dir='ltr'>Rollandi</span> <span class='ocrx_word' id='word_1_176' title='bbox 2092 2164 2345 2245; x_wconf 83' lang='lat' dir='ltr'>militis3</span> <span class='ocrx_word' id='word_1_177' title='bbox 2396 2184 2433 2229; x_wconf 91' lang='lat' dir='ltr'>a</span> <span class='ocrx_word' id='word_1_178' title='bbox 2462 2164 2723 2229; x_wconf 89' lang='lat' dir='ltr'>meridie</span> <span class='ocrx_word' id='word_1_179' title='bbox 2771 2169 2867 2230; x_wconf 90' lang='lat' dir='ltr'>est</span> <span class='ocrx_word' id='word_1_180' title='bbox 2908 2164 3191 2229; x_wconf 89' lang='lat' dir='ltr'>iardinus</span> <span class='ocrx_word' id='word_1_181' title='bbox 3238 2164 3523 2229; x_wconf 90' lang='lat' dir='ltr'>eiusdem</span> 
     </span>
     <span class='ocr_line' id='line_1_19' title="bbox 650 2268 3523 2358; baseline -0 -22"><span class='ocrx_word' id='word_1_182' title='bbox 650 2271 872 2337; x_wconf 91' lang='lat' dir='ltr'>domus</span> <span class='ocrx_word' id='word_1_183' title='bbox 917 2271 1480 2353; x_wconf 83' lang='lat' dir='ltr'>Theutonicorum3</span> <span class='ocrx_word' id='word_1_184' title='bbox 1531 2292 1568 2336; x_wconf 93' lang='lat' dir='ltr'>a</span> <span class='ocrx_word' id='word_1_185' title='bbox 1613 2271 2042 2358; x_wconf 78' lang='lat' dir='ltr'>septentrione</span> <span class='ocrx_word' id='word_1_186' title='bbox 2090 2274 2186 2335; x_wconf 90' lang='lat' dir='ltr'>est</span> <span class='ocrx_word' id='word_1_187' title='bbox 2230 2270 2333 2335; x_wconf 85' lang='lat' dir='ltr'>via</span> <span class='ocrx_word' id='word_1_188' title='bbox 2379 2270 2649 2355; x_wconf 90' lang='lat' dir='ltr'>publica.</span> <span class='ocrx_word' id='word_1_189' title='bbox 2722 2268 2792 2335; x_wconf 89' lang='lat' dir='ltr'>Si</span> <span class='ocrx_word' id='word_1_190' title='bbox 2836 2291 2983 2337; x_wconf 82' lang='lat' dir='ltr'>vero</span> <span class='ocrx_word' id='word_1_191' title='bbox 3032 2272 3380 2357; x_wconf 84' lang='lat' dir='ltr'>predictam</span> <span class='ocrx_word' id='word_1_192' title='bbox 3428 2272 3523 2336; x_wconf 81' lang='lat' dir='ltr'>vi-</span> 
     </span>
     <span class='ocr_line' id='line_1_20' title="bbox 647 2376 3521 2466; baseline -0 -23"><span class='ocrx_word' id='word_1_193' title='bbox 647 2398 834 2443; x_wconf 88' lang='lat' dir='ltr'>neam</span> <span class='ocrx_word' id='word_1_194' title='bbox 881 2376 1090 2462; x_wconf 90' lang='lat' dir='ltr'>aliquo</span> <span class='ocrx_word' id='word_1_195' title='bbox 1120 2383 1406 2466; x_wconf 90' lang='lat' dir='ltr'>tempore</span> <span class='ocrx_word' id='word_1_196' title='bbox 1437 2378 1760 2444; x_wconf 82' lang='lat' dir='ltr'>volueritis</span> <span class='ocrx_word' id='word_1_197' title='bbox 1792 2378 2083 2461; x_wconf 82' lang='lat' dir='ltr'>vendere,</span> <span class='ocrx_word' id='word_1_198' title='bbox 2129 2377 2309 2443; x_wconf 90' lang='lat' dir='ltr'>nobis</span> <span class='ocrx_word' id='word_1_199' title='bbox 2340 2377 2440 2442; x_wconf 87' lang='lat' dir='ltr'>vel</span> <span class='ocrx_word' id='word_1_200' title='bbox 2470 2378 2931 2444; x_wconf 89' lang='lat' dir='ltr'>successoribus</span> <span class='ocrx_word' id='word_1_201' title='bbox 2962 2379 3196 2445; x_wconf 88' lang='lat' dir='ltr'>nostris</span> <span class='ocrx_word' id='word_1_202' title='bbox 3242 2378 3521 2463; x_wconf 87' lang='lat' dir='ltr'>primum</span> 
     </span>
     <span class='ocr_line' id='line_1_21' title="bbox 647 2484 3527 2571; baseline -0 -21"><span class='ocrx_word' id='word_1_203' title='bbox 647 2484 972 2550; x_wconf 86' lang='lat' dir='ltr'>insinuare</span> <span class='ocrx_word' id='word_1_204' title='bbox 1017 2484 1257 2552; x_wconf 89' lang='lat' dir='ltr'>debetis</span> <span class='ocrx_word' id='word_1_205' title='bbox 1290 2490 1372 2569; x_wconf 87' lang='lat' dir='ltr'>et,</span> <span class='ocrx_word' id='word_1_206' title='bbox 1423 2486 1477 2551; x_wconf 89' lang='lat' dir='ltr'>si</span> <span class='ocrx_word' id='word_1_207' title='bbox 1523 2505 1663 2551; x_wconf 88' lang='lat' dir='ltr'>eam</span> <span class='ocrx_word' id='word_1_208' title='bbox 1711 2505 1918 2551; x_wconf 90' lang='lat' dir='ltr'>emere</span> <span class='ocrx_word' id='word_1_209' title='bbox 1951 2484 2352 2567; x_wconf 76' lang='lat' dir='ltr'>voluerimuS,</span> <span class='ocrx_word' id='word_1_210' title='bbox 2400 2505 2515 2571; x_wconf 89' lang='lat' dir='ltr'>pro</span> <span class='ocrx_word' id='word_1_211' title='bbox 2564 2506 2689 2550; x_wconf 87' lang='lat' dir='ltr'>una</span> <span class='ocrx_word' id='word_1_212' title='bbox 2733 2486 2991 2551; x_wconf 85' lang='lat' dir='ltr'>marcha</span> <span class='ocrx_word' id='word_1_213' title='bbox 3036 2486 3242 2551; x_wconf 90' lang='lat' dir='ltr'>minus</span> <span class='ocrx_word' id='word_1_214' title='bbox 3290 2486 3527 2570; x_wconf 87' lang='lat' dir='ltr'>precio,</span> 
     </span>
     <span class='ocr_line' id='line_1_22' title="bbox 571 2590 3527 2677; baseline 0 -20"><span class='ocrx_word' id='word_1_215' title='bbox 571 2648 582 2657; x_wconf 23' lang='lat' dir='ltr'>e</span> <span class='ocrx_word' id='word_1_216' title='bbox 651 2611 840 2677; x_wconf 91' lang='lat' dir='ltr'>quam</span> <span class='ocrx_word' id='word_1_217' title='bbox 900 2590 978 2656; x_wconf 92' lang='lat' dir='ltr'>ab</span> <span class='ocrx_word' id='word_1_218' title='bbox 1033 2592 1173 2657; x_wconf 88' lang='lat' dir='ltr'>aliis</span> <span class='ocrx_word' id='word_1_219' title='bbox 1228 2591 1461 2659; x_wconf 90' lang='lat' dir='ltr'>habere</span> <span class='ocrx_word' id='word_1_220' title='bbox 1515 2592 1838 2677; x_wconf 81' lang='lat' dir='ltr'>poteritiS‚</span> <span class='ocrx_word' id='word_1_221' title='bbox 1900 2592 2080 2658; x_wconf 91' lang='lat' dir='ltr'>nobis</span> <span class='ocrx_word' id='word_1_222' title='bbox 2129 2612 2267 2657; x_wconf 90' lang='lat' dir='ltr'>eam</span> <span class='ocrx_word' id='word_1_223' title='bbox 2315 2592 2464 2658; x_wconf 87' lang='lat' dir='ltr'>dare</span> <span class='ocrx_word' id='word_1_224' title='bbox 2512 2592 2768 2658; x_wconf 90' lang='lat' dir='ltr'>debetis.</span> <span class='ocrx_word' id='word_1_225' title='bbox 2852 2590 2920 2656; x_wconf 90' lang='lat' dir='ltr'>Si</span> <span class='ocrx_word' id='word_1_226' title='bbox 2968 2612 3104 2657; x_wconf 88' lang='lat' dir='ltr'>eam</span> <span class='ocrx_word' id='word_1_227' title='bbox 3151 2612 3269 2657; x_wconf 89' lang='lat' dir='ltr'>nos</span> <span class='ocrx_word' id='word_1_228' title='bbox 3318 2611 3527 2657; x_wconf 86' lang='lat' dir='ltr'>emere</span> 
     </span>
     <span class='ocr_line' id='line_1_23' title="bbox 648 2697 3523 2785; baseline 0 -22"><span class='ocrx_word' id='word_1_229' title='bbox 648 2697 1056 2781; x_wconf 84' lang='lat' dir='ltr'>noluerimus,</span> <span class='ocrx_word' id='word_1_230' title='bbox 1103 2697 1358 2765; x_wconf 75' lang='lat' dir='ltr'>solvetis</span> <span class='ocrx_word' id='word_1_231' title='bbox 1408 2699 1590 2764; x_wconf 89' lang='lat' dir='ltr'>nobis</span> <span class='ocrx_word' id='word_1_232' title='bbox 1639 2699 1716 2765; x_wconf 89' lang='lat' dir='ltr'>de</span> <span class='ocrx_word' id='word_1_233' title='bbox 1747 2700 2107 2765; x_wconf 86' lang='lat' dir='ltr'>venditione</span> <span class='ocrx_word' id='word_1_234' title='bbox 2152 2699 2457 2765; x_wconf 86' lang='lat' dir='ltr'>bisantios</span> <span class='ocrx_word' id='word_1_235' title='bbox 2498 2699 2568 2764; x_wconf 92' lang='lat' dir='ltr'>iii</span> <span class='ocrx_word' id='word_1_236' title='bbox 2616 2704 3047 2765; x_wconf 84' lang='lat' dir='ltr'>sarracenatos</span> <span class='ocrx_word' id='word_1_237' title='bbox 3086 2697 3285 2785; x_wconf 83' lang='lat' dir='ltr'>Syrie.</span> <span class='ocrx_word' id='word_1_238' title='bbox 3359 2698 3523 2763; x_wconf 91' lang='lat' dir='ltr'>Ven-</span> 
     </span>
     <span class='ocr_line' id='line_1_24' title="bbox 652 2804 3523 2892; baseline -0 -21"><span class='ocrx_word' id='word_1_239' title='bbox 652 2804 800 2871; x_wconf 89' lang='lat' dir='ltr'>dere</span> <span class='ocrx_word' id='word_1_240' title='bbox 859 2824 999 2871; x_wconf 84' lang='lat' dir='ltr'>eam</span> <span class='ocrx_word' id='word_1_241' title='bbox 1055 2806 1377 2890; x_wconf 79' lang='lat' dir='ltr'>poteritiS‚</span> <span class='ocrx_word' id='word_1_242' title='bbox 1449 2806 1797 2891; x_wconf 85' lang='lat' dir='ltr'>cuicunque</span> <span class='ocrx_word' id='word_1_243' title='bbox 1857 2806 2181 2872; x_wconf 85' lang='lat' dir='ltr'>volueritis</span> <span class='ocrx_word' id='word_1_244' title='bbox 2248 2810 2648 2891; x_wconf 84' lang='lat' dir='ltr'>preterquam</span> <span class='ocrx_word' id='word_1_245' title='bbox 2708 2826 2901 2892; x_wconf 87' lang='lat' dir='ltr'>supra</span> <span class='ocrx_word' id='word_1_246' title='bbox 2964 2806 3149 2871; x_wconf 91' lang='lat' dir='ltr'>dictis</span> <span class='ocrx_word' id='word_1_247' title='bbox 3214 2805 3523 2891; x_wconf 82' lang='lat' dir='ltr'>personis,</span> 
     </span>
     <span class='ocr_line' id='line_1_25' title="bbox 651 2912 3527 2999; baseline 0 -22"><span class='ocrx_word' id='word_1_248' title='bbox 651 2912 824 2977; x_wconf 87' lang='lat' dir='ltr'>salvo</span> <span class='ocrx_word' id='word_1_249' title='bbox 871 2931 986 2998; x_wconf 91' lang='lat' dir='ltr'>per</span> <span class='ocrx_word' id='word_1_250' title='bbox 1031 2912 1244 2978; x_wconf 87' lang='lat' dir='ltr'>omnia</span> <span class='ocrx_word' id='word_1_251' title='bbox 1286 2913 1423 2980; x_wconf 89' lang='lat' dir='ltr'>iure</span> <span class='ocrx_word' id='word_1_252' title='bbox 1469 2912 1728 2978; x_wconf 87' lang='lat' dir='ltr'>ecclesie</span> <span class='ocrx_word' id='word_1_253' title='bbox 1763 2919 1978 2979; x_wconf 87' lang='lat' dir='ltr'>sancte</span> <span class='ocrx_word' id='word_1_254' title='bbox 2008 2912 2207 2979; x_wconf 89' lang='lat' dir='ltr'>Marie</span> <span class='ocrx_word' id='word_1_255' title='bbox 2253 2912 2331 2979; x_wconf 89' lang='lat' dir='ltr'>de</span> <span class='ocrx_word' id='word_1_256' title='bbox 2360 2912 2607 2979; x_wconf 86' lang='lat' dir='ltr'>Latina.</span> <span class='ocrx_word' id='word_1_257' title='bbox 2678 2912 2764 2979; x_wconf 92' lang='lat' dir='ltr'>Ut</span> <span class='ocrx_word' id='word_1_258' title='bbox 2806 2918 3021 2979; x_wconf 89' lang='lat' dir='ltr'>autem</span> <span class='ocrx_word' id='word_1_259' title='bbox 3065 2932 3325 2999; x_wconf 88' lang='lat' dir='ltr'>presens</span> <span class='ocrx_word' id='word_1_260' title='bbox 3372 2912 3527 2977; x_wconf 90' lang='lat' dir='ltr'>scri-</span> 
     </span>
     <span class='ocr_line' id='line_1_26' title="bbox 651 3018 3527 3106; baseline 0 -22"><span class='ocrx_word' id='word_1_261' title='bbox 651 3024 831 3105; x_wconf 88' lang='lat' dir='ltr'>ptum</span> <span class='ocrx_word' id='word_1_262' title='bbox 864 3018 1056 3084; x_wconf 89' lang='lat' dir='ltr'>robur</span> <span class='ocrx_word' id='word_1_263' title='bbox 1087 3020 1372 3105; x_wconf 89' lang='lat' dir='ltr'>optineat</span> <span class='ocrx_word' id='word_1_264' title='bbox 1401 3018 1745 3103; x_wconf 85' lang='lat' dir='ltr'>firmitatis,</span> <span class='ocrx_word' id='word_1_265' title='bbox 1791 3040 2053 3106; x_wconf 88' lang='lat' dir='ltr'>presens</span> <span class='ocrx_word' id='word_1_266' title='bbox 2091 3020 2397 3106; x_wconf 88' lang='lat' dir='ltr'>scriptum</span> <span class='ocrx_word' id='word_1_267' title='bbox 2428 3021 2605 3087; x_wconf 84' lang='lat' dir='ltr'>vobis</span> <span class='ocrx_word' id='word_1_268' title='bbox 2649 3019 2788 3087; x_wconf 91' lang='lat' dir='ltr'>fieri</span> <span class='ocrx_word' id='word_1_269' title='bbox 2830 3020 3093 3087; x_wconf 86' lang='lat' dir='ltr'>fecimus</span> <span class='ocrx_word' id='word_1_270' title='bbox 3140 3020 3527 3105; x_wconf 88' lang='lat' dir='ltr'>subscripto-</span> 
     </span>
     <span class='ocr_line' id='line_1_27' title="bbox 650 3122 3527 3213; baseline 0 -22"><span class='ocrx_word' id='word_1_271' title='bbox 650 3122 828 3191; x_wconf 46' lang='lat' dir='ltr'>rum*</span> <span class='ocrx_word' id='word_1_272' title='bbox 860 3125 1127 3191; x_wconf 84' lang='lat' dir='ltr'>fratrum</span> <span class='ocrx_word' id='word_1_273' title='bbox 1162 3126 1526 3192; x_wconf 89' lang='lat' dir='ltr'>testimonio</span> <span class='ocrx_word' id='word_1_274' title='bbox 1573 3131 1638 3192; x_wconf 87' lang='lat' dir='ltr'>et</span> <span class='ocrx_word' id='word_1_275' title='bbox 1683 3126 1874 3209; x_wconf 83' lang='lat' dir='ltr'>sigilli</span> <span class='ocrx_word' id='word_1_276' title='bbox 1920 3127 2123 3192; x_wconf 86' lang='lat' dir='ltr'>nostri</span> <span class='ocrx_word' id='word_1_277' title='bbox 2168 3128 2451 3213; x_wconf 87' lang='lat' dir='ltr'>plumbei</span> <span class='ocrx_word' id='word_1_278' title='bbox 2494 3128 2843 3195; x_wconf 89' lang='lat' dir='ltr'>munimine</span> <span class='ocrx_word' id='word_1_279' title='bbox 2888 3128 3270 3194; x_wconf 83' lang='lat' dir='ltr'>roboratum.</span> <span class='ocrx_word' id='word_1_280' title='bbox 3339 3126 3527 3192; x_wconf 90' lang='lat' dir='ltr'>Anno</span> 
     </span>
     <span class='ocr_line' id='line_1_28' title="bbox 651 3232 1702 3299; baseline 0.001 -2"><span class='ocrx_word' id='word_1_281' title='bbox 651 3232 1106 3299; x_wconf 86' lang='lat' dir='ltr'>incarnationis</span> <span class='ocrx_word' id='word_1_282' title='bbox 1153 3242 1242 3297; x_wconf 83' lang='lat' dir='ltr'>m‘·</span> <span class='ocrx_word' id='word_1_283' title='bbox 1275 3242 1369 3299; x_wconf 86' lang='lat' dir='ltr'>cc⁰</span> <span class='ocrx_word' id='word_1_284' title='bbox 1401 3244 1558 3299; x_wconf 83' lang='lat' dir='ltr'><strong>xxx⁰</strong></span> <span class='ocrx_word' id='word_1_285' title='bbox 1589 3233 1702 3299; x_wconf 78' lang='lat' dir='ltr'>ix0.</span> 
     </span>
    </p>

    <p class='ocr_par' dir='ltr' id='par_1_5' title="bbox 862 3354 2282 3416">
     <span class='ocr_line' id='line_1_29' title="bbox 862 3354 2282 3416; baseline 0 -11"><span class='ocrx_word' id='word_1_286' title='bbox 862 3355 906 3416; x_wconf 89' lang='lat'>1,</span> <span class='ocrx_word' id='word_1_287' title='bbox 941 3355 1007 3405; x_wconf 84' lang='lat'>31</span> <span class='ocrx_word' id='word_1_288' title='bbox 1047 3372 1097 3405; x_wconf 88' lang='lat' dir='ltr'>n.</span> <span class='ocrx_word' id='word_1_289' title='bbox 1123 3354 1209 3406; x_wconf 82' lang='lat'>69.</span> <span class='ocrx_word' id='word_1_290' title='bbox 1393 3356 1439 3407; x_wconf 87' lang='lat'>1.</span> <span class='ocrx_word' id='word_1_291' title='bbox 1476 3355 1602 3407; x_wconf 85' lang='lat' dir='ltr'>nihil</span> <span class='ocrx_word' id='word_1_292' title='bbox 1635 3356 1814 3407; x_wconf 87' lang='lat' dir='ltr'>horum</span> <span class='ocrx_word' id='word_1_293' title='bbox 1848 3355 2101 3407; x_wconf 79' lang='lat' dir='ltr'>invenitur</span> <span class='ocrx_word' id='word_1_294' title='bbox 2136 3356 2187 3405; x_wconf 86' lang='lat' dir='ltr'>in</span> <span class='ocrx_word' id='word_1_295' title='bbox 2222 3355 2282 3405; x_wconf 89' lang='lat' dir='ltr'>B.</span> 
     </span>
    </p>
   </div>
   <div class='ocr_carea' id='block_1_5' title="bbox 1771 3510 2111 3517">
    <p class='ocr_par' dir='ltr' id='par_1_6' title="bbox 1771 3510 2111 3517">
     <span class='ocr_line' id='line_1_30' title="bbox 1771 3510 2111 3517; baseline 0 2092"><span class='ocrx_word' id='word_1_296' title='bbox 1771 3510 2111 3517; x_wconf 95' lang='lat' dir='ltr'> </span> 
     </span>
    </p>
   </div>
   <div class='ocr_carea' id='block_1_6' title="bbox 2112 3510 2406 3517">
    <p class='ocr_par' dir='ltr' id='par_1_7' title="bbox 2112 3510 2406 3517">
     <span class='ocr_line' id='line_1_31' title="bbox 2112 3510 2406 3517; baseline 0 2092"><span class='ocrx_word' id='word_1_297' title='bbox 2112 3510 2406 3517; x_wconf 95' lang='lat' dir='ltr'> </span> 
     </span>
    </p>
   </div>
   <div class='ocr_carea' id='block_1_7' title="bbox 656 3619 3528 4031">
    <p class='ocr_par' dir='ltr' id='par_1_8' title="bbox 656 3619 3528 4031">
     <span class='ocr_line' id='line_1_32' title="bbox 656 3619 3527 3709; baseline -0.001 -17"><span class='ocrx_word' id='word_1_298' title='bbox 656 3619 780 3692; x_wconf 84' lang='lat'>89.</span> <span class='ocrx_word' id='word_1_299' title='bbox 831 3622 1008 3689; x_wconf 79' lang='grc'><em>1240</em></span> <span class='ocrx_word' id='word_1_300' title='bbox 1053 3624 1122 3687; x_wconf 77' lang='lat' dir='ltr'>in</span> <span class='ocrx_word' id='word_1_301' title='bbox 1169 3625 1354 3688; x_wconf 82' lang='lat' dir='ltr'>domo</span> <span class='ocrx_word' id='word_1_302' title='bbox 1401 3624 1731 3709; x_wconf 73' lang='lat' dir='ltr'>hospitalis</span> <span class='ocrx_word' id='word_1_303' title='bbox 1776 3646 1826 3687; x_wconf 79' lang='grc' dir='ltr'>ε.</span> <span class='ocrx_word' id='word_1_304' title='bbox 1865 3624 2187 3689; x_wconf 75' lang='lat' dir='ltr'>Iohannis.</span> <span class='ocrx_word' id='word_1_305' title='bbox 2257 3625 2487 3689; x_wconf 72' lang='lat' dir='ltr'>Petrus</span> <span class='ocrx_word' id='word_1_306' title='bbox 2535 3627 2609 3689; x_wconf 88' lang='lat' dir='ltr'>de</span> <span class='ocrx_word' id='word_1_307' title='bbox 2646 3625 2852 3691; x_wconf 79' lang='lat' dir='ltr'>Veteri</span> <span class='ocrx_word' id='word_1_308' title='bbox 2882 3626 3172 3705; x_wconf 74' lang='lat' dir='ltr'>Privata,</span> <span class='ocrx_word' id='word_1_309' title='bbox 3223 3648 3272 3689; x_wconf 84' lang='lat' dir='ltr'>s.</span> <span class='ocrx_word' id='word_1_310' title='bbox 3307 3626 3527 3690; x_wconf 71' lang='lat' dir='ltr'>domus</span> 
     </span>
     <span class='ocr_line' id='line_1_33' title="bbox 829 3730 3528 3819; baseline 0.001 -24"><span class='ocrx_word' id='word_1_311' title='bbox 829 3730 1160 3817; x_wconf 73' lang='lat' dir='ltr'>hospitalis</span> <span class='ocrx_word' id='word_1_312' title='bbox 1195 3730 1536 3795; x_wconf 78' lang='lat' dir='ltr'>Ierusalem</span> <span class='ocrx_word' id='word_1_313' title='bbox 1565 3733 1884 3817; x_wconf 72' lang='lat' dir='ltr'>mayister‚</span> <span class='ocrx_word' id='word_1_314' title='bbox 1920 3734 2205 3796; x_wconf 75' lang='lat' dir='ltr'>convenit</span> <span class='ocrx_word' id='word_1_315' title='bbox 2246 3754 2384 3795; x_wconf 82' lang='lat' dir='ltr'>cum</span> <span class='ocrx_word' id='word_1_316' title='bbox 2415 3734 2597 3797; x_wconf 79' lang='lat' dir='ltr'>domo</span> <span class='ocrx_word' id='word_1_317' title='bbox 2630 3730 3153 3797; x_wconf 70' lang='lat' dir='ltr'>Tlteutom’corum</span> <span class='ocrx_word' id='word_1_318' title='bbox 3183 3735 3259 3797; x_wconf 82' lang='lat' dir='ltr'>de</span> <span class='ocrx_word' id='word_1_319' title='bbox 3298 3745 3528 3819; x_wconf 80' lang='lat' dir='ltr'>quarta</span> 
     </span>
     <span class='ocr_line' id='line_1_34' title="bbox 829 3838 3526 3925; baseline 0.001 -23"><span class='ocrx_word' id='word_1_320' title='bbox 829 3851 1012 3925; x_wconf 75' lang='lat' dir='ltr'>parte</span> <span class='ocrx_word' id='word_1_321' title='bbox 1056 3838 1416 3901; x_wconf 72' lang='lat' dir='ltr'>reddituum</span> <span class='ocrx_word' id='word_1_322' title='bbox 1462 3838 1690 3904; x_wconf 77' lang='lat' dir='ltr'>casalis</span> <span class='ocrx_word' id='word_1_323' title='bbox 1733 3838 2019 3903; x_wconf 81' lang='lat' dir='ltr'>Arabiae</span> <span class='ocrx_word' id='word_1_324' title='bbox 2064 3839 2282 3903; x_wconf 81' lang='lat' dir='ltr'>domui</span> <span class='ocrx_word' id='word_1_325' title='bbox 2324 3860 2475 3903; x_wconf 79' lang='lat' dir='ltr'>suae</span> <span class='ocrx_word' id='word_1_326' title='bbox 2518 3841 2917 3919; x_wconf 78' lang='lat' dir='ltr'>reservanda,</span> <span class='ocrx_word' id='word_1_327' title='bbox 2968 3840 3163 3903; x_wconf 78' lang='lat' dir='ltr'>donec</span> <span class='ocrx_word' id='word_1_328' title='bbox 3208 3840 3385 3905; x_wconf 87' lang='grc'><em>5000</em></span> <span class='ocrx_word' id='word_1_329' title='bbox 3432 3840 3526 3905; x_wconf 76' lang='lat' dir='ltr'>bi-</span> 
     </span>
     <span class='ocr_line' id='line_1_35' title="bbox 833 3947 1551 4031; baseline 0 -22"><span class='ocrx_word' id='word_1_330' title='bbox 833 3947 1192 4010; x_wconf 68' lang='lat' dir='ltr'>sam-iorum</span> <span class='ocrx_word' id='word_1_331' title='bbox 1235 3947 1551 4031; x_wconf 79' lang='lat' dir='ltr'>receperit.</span> 
     </span>
    </p>
   </div>
   <div class='ocr_carea' id='block_1_8' title="bbox 653 4066 3531 5011">
    <p class='ocr_par' dir='ltr' id='par_1_9' title="bbox 653 4066 3531 5011">
     <span class='ocr_line' id='line_1_36' title="bbox 875 4066 3529 4156; baseline 0.001 -23"><span class='ocrx_word' id='word_1_332' title='bbox 875 4068 1004 4134; x_wconf 90' lang='lat' dir='ltr'>Nos</span> <span class='ocrx_word' id='word_1_333' title='bbox 1052 4070 1249 4135; x_wconf 85' lang='lat' dir='ltr'>frater</span> <span class='ocrx_word' id='word_1_334' title='bbox 1293 4068 1519 4135; x_wconf 87' lang='lat' dir='ltr'>Petrus</span> <span class='ocrx_word' id='word_1_335' title='bbox 1566 4068 1644 4133; x_wconf 90' lang='lat' dir='ltr'>de</span> <span class='ocrx_word' id='word_1_336' title='bbox 1674 4066 1892 4134; x_wconf 87' lang='lat' dir='ltr'>Veteri</span> <span class='ocrx_word' id='word_1_337' title='bbox 1934 4067 2197 4133; x_wconf 88' lang='lat' dir='ltr'>Privata</span> <span class='ocrx_word' id='word_1_338' title='bbox 2250 4068 2351 4133; x_wconf 92' lang='lat' dir='ltr'>dei</span> <span class='ocrx_word' id='word_1_339' title='bbox 2406 4068 2621 4151; x_wconf 87' lang='lat' dir='ltr'>gracia</span> <span class='ocrx_word' id='word_1_340' title='bbox 2670 4074 2886 4135; x_wconf 88' lang='lat' dir='ltr'>sancte</span> <span class='ocrx_word' id='word_1_341' title='bbox 2931 4069 3151 4135; x_wconf 89' lang='lat' dir='ltr'>domus</span> <span class='ocrx_word' id='word_1_342' title='bbox 3196 4068 3529 4156; x_wconf 84' lang='lat' dir='ltr'>hospitalis</span> 
     </span>
     <span class='ocr_line' id='line_1_37' title="bbox 653 4172 3527 4271; baseline 0 -30"><span class='ocrx_word' id='word_1_343' title='bbox 653 4174 997 4241; x_wconf 87' lang='lat' dir='ltr'>Ierusalem</span> <span class='ocrx_word' id='word_1_344' title='bbox 1044 4172 1372 4259; x_wconf 87' lang='lat' dir='ltr'>magister¹</span> <span class='ocrx_word' id='word_1_345' title='bbox 1418 4174 1676 4241; x_wconf 86' lang='lat' dir='ltr'>humilis</span> <span class='ocrx_word' id='word_1_346' title='bbox 1722 4179 1787 4240; x_wconf 87' lang='lat' dir='ltr'>et</span> <span class='ocrx_word' id='word_1_347' title='bbox 1829 4194 2180 4271; x_wconf 82' lang='lat' dir='ltr'>pauperum</span> <span class='ocrx_word' id='word_1_348' title='bbox 2213 4173 2451 4240; x_wconf 83' lang='lat' dir='ltr'>Christi</span> <span class='ocrx_word' id='word_1_349' title='bbox 2495 4182 2705 4241; x_wconf 88' lang='lat' dir='ltr'>custos</span> <span class='ocrx_word' id='word_1_350' title='bbox 2752 4181 2817 4242; x_wconf 89' lang='lat' dir='ltr'>et</span> <span class='ocrx_word' id='word_1_351' title='bbox 2860 4181 3201 4241; x_wconf 87' lang='lat' dir='ltr'>conventus</span> <span class='ocrx_word' id='word_1_352' title='bbox 3248 4176 3527 4243; x_wconf 87' lang='lat' dir='ltr'>eiusdem</span> 
     </span>
     <span class='ocr_line' id='line_1_38' title="bbox 655 4282 3529 4367; baseline 0 -19"><span class='ocrx_word' id='word_1_353' title='bbox 655 4282 900 4365; x_wconf 80' lang='lat' dir='ltr'>domne,</span> <span class='ocrx_word' id='word_1_354' title='bbox 946 4287 1166 4347; x_wconf 90' lang='lat' dir='ltr'>notum</span> <span class='ocrx_word' id='word_1_355' title='bbox 1211 4282 1478 4348; x_wconf 88' lang='lat' dir='ltr'>facimus</span> <span class='ocrx_word' id='word_1_356' title='bbox 1523 4287 1655 4347; x_wconf 86' lang='lat' dir='ltr'>tam</span> <span class='ocrx_word' id='word_1_357' title='bbox 1701 4282 2100 4367; x_wconf 89' lang='lat' dir='ltr'>presentibus</span> <span class='ocrx_word' id='word_1_358' title='bbox 2133 4302 2318 4366; x_wconf 91' lang='lat' dir='ltr'>quam</span> <span class='ocrx_word' id='word_1_359' title='bbox 2354 4282 2605 4366; x_wconf 78' lang='lat' dir='ltr'>futuriS,</span> <span class='ocrx_word' id='word_1_360' title='bbox 2654 4284 2819 4366; x_wconf 89' lang='lat' dir='ltr'>quod</span> <span class='ocrx_word' id='word_1_361' title='bbox 2851 4284 2995 4349; x_wconf 89' lang='lat' dir='ltr'>talis</span> <span class='ocrx_word' id='word_1_362' title='bbox 3026 4284 3364 4349; x_wconf 82' lang='lat' dir='ltr'>convencio</span> <span class='ocrx_word' id='word_1_363' title='bbox 3395 4284 3529 4350; x_wconf 75' lang='lat' dir='ltr'>sive</span> 
     </span>
     <span class='ocr_line' id='line_1_39' title="bbox 653 4388 3529 4477; baseline 0 -22"><span class='ocrx_word' id='word_1_364' title='bbox 653 4390 870 4477; x_wconf 84' lang='lat' dir='ltr'>paccio</span> <span class='ocrx_word' id='word_1_365' title='bbox 931 4390 1274 4455; x_wconf 84' lang='lat' dir='ltr'>intervenit</span> <span class='ocrx_word' id='word_1_366' title='bbox 1331 4390 1498 4455; x_wconf 87' lang='lat' dir='ltr'>inter</span> <span class='ocrx_word' id='word_1_367' title='bbox 1542 4408 1658 4455; x_wconf 90' lang='lat' dir='ltr'>nos</span> <span class='ocrx_word' id='word_1_368' title='bbox 1707 4409 1784 4453; x_wconf 84' lang='lat' dir='ltr'>ex</span> <span class='ocrx_word' id='word_1_369' title='bbox 1829 4409 1957 4453; x_wconf 91' lang='lat' dir='ltr'>una</span> <span class='ocrx_word' id='word_1_370' title='bbox 2000 4392 2183 4474; x_wconf 88' lang='lat' dir='ltr'>parte</span> <span class='ocrx_word' id='word_1_371' title='bbox 2239 4393 2303 4453; x_wconf 89' lang='lat' dir='ltr'>et</span> <span class='ocrx_word' id='word_1_372' title='bbox 2356 4388 2621 4455; x_wconf 82' lang='lat' dir='ltr'>fratrem</span> <span class='ocrx_word' id='word_1_373' title='bbox 2668 4388 3019 4455; x_wconf 88' lang='lat' dir='ltr'>Gerardum</span> <span class='ocrx_word' id='word_1_374' title='bbox 3064 4390 3141 4455; x_wconf 91' lang='lat' dir='ltr'>de</span> <span class='ocrx_word' id='word_1_375' title='bbox 3188 4390 3529 4473; x_wconf 86' lang='lat' dir='ltr'>Malberch,</span> 
     </span>
     <span class='ocr_line' id='line_1_40' title="bbox 657 4494 3531 4579; baseline 0.001 -18"><span class='ocrx_word' id='word_1_376' title='bbox 657 4494 1096 4562; x_wconf 78' lang='lat' dir='ltr'>mariscalcum</span> <span class='ocrx_word' id='word_1_377' title='bbox 1145 4496 1366 4560; x_wconf 90' lang='lat' dir='ltr'>domus</span> <span class='ocrx_word' id='word_1_378' title='bbox 1413 4495 1975 4578; x_wconf 85' lang='lat' dir='ltr'>Theutonicorum‚</span> <span class='ocrx_word' id='word_1_379' title='bbox 2032 4495 2239 4560; x_wconf 90' lang='lat' dir='ltr'>locum</span> <span class='ocrx_word' id='word_1_380' title='bbox 2292 4496 2581 4579; x_wconf 87' lang='lat' dir='ltr'>magistri</span> <span class='ocrx_word' id='word_1_381' title='bbox 2636 4502 2987 4579; x_wconf 81' lang='lat' dir='ltr'>tenentem,</span> <span class='ocrx_word' id='word_1_382' title='bbox 3046 4504 3109 4562; x_wconf 84' lang='lat' dir='ltr'>et</span> <span class='ocrx_word' id='word_1_383' title='bbox 3153 4502 3531 4563; x_wconf 83' lang='lat' dir='ltr'>conventum</span> 
     </span>
     <span class='ocr_line' id='line_1_41' title="bbox 657 4601 3530 4687; baseline 0 -19"><span class='ocrx_word' id='word_1_384' title='bbox 657 4602 936 4669; x_wconf 89' lang='lat' dir='ltr'>eiusdem</span> <span class='ocrx_word' id='word_1_385' title='bbox 985 4602 1207 4667; x_wconf 91' lang='lat' dir='ltr'>domus</span> <span class='ocrx_word' id='word_1_386' title='bbox 1265 4623 1344 4667; x_wconf 89' lang='lat' dir='ltr'>ex</span> <span class='ocrx_word' id='word_1_387' title='bbox 1391 4601 1621 4686; x_wconf 84' lang='lat' dir='ltr'>altera,</span> <span class='ocrx_word' id='word_1_388' title='bbox 1682 4602 1975 4668; x_wconf 88' lang='lat' dir='ltr'>videlicet</span> <span class='ocrx_word' id='word_1_389' title='bbox 2021 4602 2185 4687; x_wconf 90' lang='lat' dir='ltr'>quod</span> <span class='ocrx_word' id='word_1_390' title='bbox 2243 4602 2369 4687; x_wconf 89' lang='lat' dir='ltr'>ipsi</span> <span class='ocrx_word' id='word_1_391' title='bbox 2427 4604 2753 4669; x_wconf 88' lang='lat' dir='ltr'>annuatim</span> <span class='ocrx_word' id='word_1_392' title='bbox 2810 4609 3102 4669; x_wconf 89' lang='lat' dir='ltr'>tenentur</span> <span class='ocrx_word' id='word_1_393' title='bbox 3149 4604 3330 4669; x_wconf 88' lang='lat' dir='ltr'>nobis</span> <span class='ocrx_word' id='word_1_394' title='bbox 3378 4604 3530 4670; x_wconf 88' lang='lat' dir='ltr'>dare</span> 
     </span>
     <span class='ocr_line' id='line_1_42' title="bbox 654 4708 3529 4797; baseline 0 -23"><span class='ocrx_word' id='word_1_395' title='bbox 654 4709 936 4775; x_wconf 89' lang='lat' dir='ltr'>redditus</span> <span class='ocrx_word' id='word_1_396' title='bbox 985 4708 1118 4775; x_wconf 88' lang='lat' dir='ltr'>sive</span> <span class='ocrx_word' id='word_1_397' title='bbox 1165 4714 1505 4794; x_wconf 86' lang='lat' dir='ltr'>proventus</span> <span class='ocrx_word' id='word_1_398' title='bbox 1553 4714 1773 4792; x_wconf 86' lang='lat' dir='ltr'>quarte</span> <span class='ocrx_word' id='word_1_399' title='bbox 1817 4710 2021 4794; x_wconf 87' lang='lat' dir='ltr'>partis</span> <span class='ocrx_word' id='word_1_400' title='bbox 2069 4709 2315 4791; x_wconf 81' lang='lat' dir='ltr'>casalis,</span> <span class='ocrx_word' id='word_1_401' title='bbox 2365 4710 2529 4793; x_wconf 90' lang='lat' dir='ltr'>quod</span> <span class='ocrx_word' id='word_1_402' title='bbox 2576 4710 2805 4775; x_wconf 87' lang='lat' dir='ltr'>dicitur</span> <span class='ocrx_word' id='word_1_403' title='bbox 2836 4710 3095 4795; x_wconf 83' lang='lat' dir='ltr'>Arabia,</span> <span class='ocrx_word' id='word_1_404' title='bbox 3144 4730 3284 4777; x_wconf 89' lang='lat' dir='ltr'>cum</span> <span class='ocrx_word' id='word_1_405' title='bbox 3336 4711 3529 4797; x_wconf 90' lang='lat' dir='ltr'>perti-</span> 
     </span>
     <span class='ocr_line' id='line_1_43' title="bbox 655 4815 3528 4902; baseline 0 -20"><span class='ocrx_word' id='word_1_406' title='bbox 655 4816 896 4882; x_wconf 87' lang='lat' dir='ltr'>nenciis</span> <span class='ocrx_word' id='word_1_407' title='bbox 943 4816 1105 4898; x_wconf 81' lang='lat' dir='ltr'>suis3</span> <span class='ocrx_word' id='word_1_408' title='bbox 1155 4821 1218 4881; x_wconf 92' lang='lat' dir='ltr'>et</span> <span class='ocrx_word' id='word_1_409' title='bbox 1249 4816 1374 4902; x_wconf 90' lang='lat' dir='ltr'>ipsi</span> <span class='ocrx_word' id='word_1_410' title='bbox 1416 4816 1645 4881; x_wconf 86' lang='lat' dir='ltr'>fratres</span> <span class='ocrx_word' id='word_1_411' title='bbox 1678 4816 2203 4882; x_wconf 87' lang='lat' dir='ltr'>Theutonicorum</span> <span class='ocrx_word' id='word_1_412' title='bbox 2252 4821 2489 4901; x_wconf 90' lang='lat' dir='ltr'>ponent</span> <span class='ocrx_word' id='word_1_413' title='bbox 2517 4816 2607 4883; x_wconf 88' lang='lat' dir='ltr'>ibi</span> <span class='ocrx_word' id='word_1_414' title='bbox 2638 4815 2917 4883; x_wconf 89' lang='lat' dir='ltr'>baiulum</span> <span class='ocrx_word' id='word_1_415' title='bbox 2964 4817 3235 4901; x_wconf 88' lang='lat' dir='ltr'>aliquem</span> <span class='ocrx_word' id='word_1_416' title='bbox 3282 4818 3359 4884; x_wconf 90' lang='lat' dir='ltr'>de</span> <span class='ocrx_word' id='word_1_417' title='bbox 3402 4818 3528 4883; x_wconf 81' lang='lat' dir='ltr'>fra-</span> 
     </span>
     <span class='ocr_line' id='line_1_44' title="bbox 655 4922 3531 5011; baseline 0 -20"><span class='ocrx_word' id='word_1_418' title='bbox 655 4922 858 4992; x_wconf 78' lang='lat' dir='ltr'>tribus</span> <span class='ocrx_word' id='word_1_419' title='bbox 907 4923 1070 5006; x_wconf 88' lang='lat' dir='ltr'>suis,</span> <span class='ocrx_word' id='word_1_420' title='bbox 1128 4924 1229 4988; x_wconf 89' lang='lat' dir='ltr'>cui</span> <span class='ocrx_word' id='word_1_421' title='bbox 1276 4942 1491 4993; x_wconf 85' lang='lat' dir='ltr'>coram</span> <span class='ocrx_word' id='word_1_422' title='bbox 1535 4927 1904 5011; x_wconf 86' lang='lat' dir='ltr'>preceptore</span> <span class='ocrx_word' id='word_1_423' title='bbox 1952 4922 2282 5010; x_wconf 88' lang='lat' dir='ltr'>hospitalis</span> <span class='ocrx_word' id='word_1_424' title='bbox 2330 4924 2533 4989; x_wconf 89' lang='lat' dir='ltr'>sancti</span> <span class='ocrx_word' id='word_1_425' title='bbox 2578 4923 2873 4990; x_wconf 89' lang='lat' dir='ltr'>Iohannis</span> <span class='ocrx_word' id='word_1_426' title='bbox 2919 4925 3283 5009; x_wconf 88' lang='lat' dir='ltr'>iniungetur</span> <span class='ocrx_word' id='word_1_427' title='bbox 3328 4930 3392 4991; x_wconf 88' lang='lat' dir='ltr'>et</span> <span class='ocrx_word' id='word_1_428' title='bbox 3436 4924 3531 4990; x_wconf 91' lang='lat' dir='ltr'>di-</span> 
     </span>
    </p>
   </div>
   <div class='ocr_carea' id='block_1_9' title="bbox 3845 130 3855 1969">
    <p class='ocr_par' dir='ltr' id='par_1_10' title="bbox 3845 130 3855 1969">
     <span class='ocr_line' id='line_1_45' title="bbox 3845 130 3855 1969; baseline 0 0"><span class='ocrx_word' id='word_1_429' title='bbox 3845 130 3855 1969; x_wconf 95' lang='lat' dir='ltr'> </span> 
     </span>
    </p>
   </div>
   <div class='ocr_carea' id='block_1_10' title="bbox 3844 130 3856 2195">
    <p class='ocr_par' dir='ltr' id='par_1_11' title="bbox 3844 130 3856 2195">
     <span class='ocr_line' id='line_1_46' title="bbox 3844 130 3856 2195; baseline 0 0"><span class='ocrx_word' id='word_1_430' title='bbox 3844 130 3856 2195; x_wconf 95' lang='lat' dir='ltr'> </span> 
     </span>
    </p>
   </div>
  </div>
 </body>
</html>
