3892 5609
686 229 833 300 146
1646 237 1918 286 Aram.
1989 237 2202 286 ROMA.
2272 207 2574 285 emnem

674 403 854 464 neste
904 397 1229 480 religionis
1288 397 1556 480 cultum,
1616 391 1842 481 quibus
1898 396 2164 464 dilectus
2218 397 2400 463 nobis
2457 397 2524 462 in
2581 395 2832 461 domino
2865 395 3086 461 frater
3139 393 3548 461 Hermannus

676 505 978 587 magister
1020 504 1350 590 hospitalis
1398 503 1678 570 eiusdem
1726 508 1790 569 et
1830 503 2060 570 fratres
2089 504 2292 588 ipsius
2321 503 2560 570 clarere
2592 507 2957 586 noscuntur,
3000 501 3248 568 labores
3297 520 3552 586 quoque

677 631 751 677 ac
795 611 1053 677 sudores
1101 611 1407 694 assiduoS,
1455 629 1611 694 quos
1640 630 1757 696 pro
1787 609 1911 675 fide
1951 610 2435 676 christianorum
2467 615 2532 676 et
2559 608 2760 693 gloria
2789 609 3104 676 sustinent
3129 609 3548 690 incessanter,

676 707 889 785 eterne
933 716 1365 785 retributionis
1410 716 1670 783 obtentu
1716 735 1791 782 ac
1833 735 1950 802 pro
1980 716 2257 783 remedio
2289 717 2642 782 animarum
2657 759 2666 764 -
2680 717 3154 802 progenitorum
3181 719 3548 782 nostrorum

673 824 1125 892 recordationis
1170 824 1406 908 inclite,
1452 842 1695 890 necnon
1740 841 1857 909 pro
1890 822 2113 888 salutis
2157 827 2373 890 nostre
2419 843 2492 890 ac
2519 824 2782 890 victorie
2824 824 3211 890 incremento
3258 822 3548 907 ipsorum

672 932 877 998 favori
921 951 995 998 ac
1036 931 1348 1018 profectui
1401 931 1798 997 intendentes
1834 930 2108 997 eandem
2167 950 2412 997 sacram
2466 930 2722 996 domum
2779 934 2843 996 et
2895 929 2975 996 ab
3034 930 3176 1016 ipsa
3231 926 3548 1012 quaslibet

673 1038 1009 1121 derivatas,
1054 1038 1281 1104 fratres
1328 1042 1393 1103 et
1435 1038 1783 1104 confratres
1826 1038 2112 1124 ipsarum
2159 1057 2301 1104 cum
2338 1037 2628 1103 omnibus
2658 1036 2840 1102 bonis
2870 1035 3200 1102 stabilibus
3231 1039 3300 1100 et
3343 1032 3544 1100 mobi-

668 1143 870 1230 libus,
928 1164 1049 1229 que
1098 1164 1213 1231 per
1256 1147 1458 1209 totum
1503 1164 1767 1228 regnum
1812 1149 2102 1210 nostrum
2157 1143 2617 1210 rationabiliter
2669 1142 2998 1229 possident
3039 1143 3108 1207 in
3153 1141 3436 1228 presenti
3482 1145 3547 1206 et

675 1271 797 1338 qne
850 1251 1107 1317 inantea
1163 1250 1347 1334 iustis
1400 1250 1601 1317 modis
1657 1255 1959 1336 poterunt
2013 1250 2309 1337 adipisci,
2367 1231 2610 1317 necnon
2655 1249 2938 1318 subditos
2985 1269 3202 1317 eorum
3259 1247 3543 1315 eiusdem

674 1357 898 1424 domus
942 1357 1328 1440 legacionem
1374 1362 1577 1442 atque·
1604 1359 1868 1440 negocia
1912 1363 2292 1442 exercenteS,
2339 1358 2454 1424 sub
2487 1357 2745 1444 speciali
2789 1359 3178 1442 protectione
3219 1361 3286 1422 et
3329 1355 3546 1422 defen·

674 1465 851 1530 sione
896 1465 1248 1530 maiestatis
1292 1470 1506 1531 nostre
1549 1465 1899 1550 recepimus
1946 1469 2011 1530 et
2040 1463 2244 1530 eidem
2276 1465 2490 1531 domui
2519 1469 2822 1551 perpetuo
2857 1462 3301 1531 confirmamus
3329 1461 3548 1529 omnia

676 1569 1007 1656 privilegia
1051 1576 1115 1637 et
1158 1572 1396 1657 scripta
1440 1570 1715 1656 quelibet
1760 1575 1891 1636 tam
1936 1591 1976 1638 a
2030 1571 2396 1657 parentibus
2442 1571 2676 1638 nostris
2723 1591 2913 1656 quam
2958 1591 2997 1636 a
3039 1570 3222 1637 nobis
3267 1568 3394 1636 sibi
3437 1568 3548 1654 pia

671 1674 1085 1744 liberalitate⁵
1130 1696 1447 1760 concessa,
1493 1697 1732 1744 necnon
1780 1677 2035 1760 casalia,
2081 1677 2367 1744 homines
2414 1681 2478 1744 et
2519 1677 2977 1764 possessiones,
3037 1697 3160 1761 qne
3204 1675 3546 1742 donatione

673 1804 893 1868 regum
923 1783 1024 1850 vel
1054 1784 1431 1870 principum,
1480 1783 1794 1850 oblatione
1822 1783 2103 1850 fidelium
2135 1785 2269 1850 sive
2299 1783 2578 1870 quolibet
2622 1784 2746 1851 alio
2779 1785 2946 1850 iusto
2977 1783 3161 1850 titulo
3192 1803 3308 1869 per
3335 1785 3546 1848 totum

672 1909 936 1974 regnum
982 1897 1269 1957 nostrum
1315 1889 1413 1958 est
1440 1891 1671 1977 adepta
1717 1897 1780 1956 et
1825 1911 1945 1974 que
1990 1891 2058 1956 in
2101 1890 2384 1957 futurum
2419 1892 2654 1977 poterit
2696 1891 2982 1976 adipisci,
3028 1890 3105 1956 de
3150 1888 3380 1974 quibus
3427 1888 3546 1954 hee

554 2065 569 2074 ,
673 1997 949 2084 propriis
997 1997 1314 2066 vocabulis
1360 1997 1655 2064 duximus
1702 1997 2142 2084 exprimenda:
2191 1997 2258 2064 in
2304 1999 2528 2084 primis
2571 1997 2826 2064 domum
2873 2002 2939 2064 et
2981 1996 3294 2084 hospitale
3339 1995 3544 2062 sancti

675 2104 933 2190 Thome,
976 2105 1148 2189 ‘quod
1193 2105 1271 2171 de
1317 2105 1537 2171 ordine
1585 2124 1799 2171 eorum
1840 2110 1996 2190 aput
2023 2103 2322 2170 Barolum
2353 2110 2450 2172 est
2479 2109 2926 2188 constructum,
2975 2109 3040 2170 et
3080 2105 3148 2170 in
3193 2103 3541 2170 tenimento

674 2209 1033 2278 Cannarum
1078 2232 1277 2300 prope
1308 2211 1605 2278 Barolum
1650 2219 1851 2278 terras
1894 2211 2310 2278 laboratorias
2355 2212 2437 2278 ad
2467 2233 2510 2277 x
2547 2211 2808 2298 pariela,
2855 2216 2918 2278 et
2961 2210 3292 2278 ecclesiam
3339 2210 3544 2276 sancti

672 2318 935 2404 Nicolay
977 2319 1046 2385 in
1090 2318 1331 2402 Regula
1374 2339 1515 2384 cum
1563 2318 1853 2385 omnibus
1900 2318 2188 2385 domibus
2204 2367 2222 2402 ‚
2281 2318 2781 2404 possessionibus
2829 2337 2903 2384 ac
2953 2317 3364 2404 pertinenciis
3410 2317 3544 2382 suis

674 2430 738 2491 et
781 2445 925 2490 cum
972 2425 1145 2491 omni
1187 2425 1327 2491 iure
1372 2445 1446 2490 ac
1489 2424 1781 2492 libertate
1826 2446 2076 2509 earum,
2134 2426 2296 2492 sicut
2340 2425 2490 2491 olim
2534 2424 2870 2508 largitione
2924 2424 3253 2491 memorati
3301 2422 3544 2489 domini

672 2531 875 2618 patris
904 2533 1106 2599 nostri
1136 2532 1304 2598 idem
1335 2530 1644 2619 hospitale
1678 2532 1899 2599 habuit
1942 2538 2009 2598 et
2034 2532 2338 2618 possedit,
2385 2533 2600 2599 vineas
2631 2533 2830 2598 eciam
2863 2537 2929 2597 et
2957 2537 3165 2598 ortum
3201 2531 3542 2614 integrum,

672 2640 837 2706 sicut
879 2639 1194 2724 quondam
1222 2638 1575 2706 Bertannus
1620 2639 1899 2705 medicus
1932 2636 2316 2704 Bariolensis
2360 2640 2429 2704 in
2473 2639 2762 2732 demanio
2805 2643 3045 2722 nostro,
3091 2636 3324 2724 palude
3367 2637 3542 2703 vide-

670 2746 819 2813 licet
845 2745 1080 2830 Baroli,
1126 2746 1332 2812 tenuit
1376 2751 1439 2813 et
1482 2745 1783 2834 possedit,
1832 2765 1974 2811 curn
2018 2745 2306 2812 omnibus
2352 2746 2758 2833 pertinenciis
2789 2745 2940 2830 suiS,
2989 2745 3152 2811 sicut
3194 2745 3263 2810 in
3304 2745 3540 2810 instru-

670 2853 901 2921 mentis
934 2858 998 2919 et
1041 2853 1388 2938 privilegiis
1421 2852 1647 2920 exinde
1679 2853 1737 2920 ei
1767 2851 2029 2918 indultis
2060 2852 2310 2939 plenius
2344 2854 2714 2919 continetur.
2785 2853 3049 2938 Insuper
3095 2849 3538 2917 confirmamus

672 2960 910 3026 eisdem
971 2959 1039 3024 in
1105 2963 1484 3045 perpetuum
1540 2965 1745 3026 totum
1816 2959 2174 3025 demanium
2243 2964 2560 3043 nostrum,
2631 2959 2796 3044 quod
2862 2959 3165 3025 habemus
3219 2959 3288 3024 in
3347 2956 3540 3024 casali

608 3075 615 3082 '
671 3065 1115 3149 Tuscianensi,
1176 3066 1340 3150 quod
1398 3072 1495 3132 est
1550 3068 1716 3133 inter
1764 3065 2094 3132 Salernum
2151 3071 2214 3132 et
2255 3065 2558 3148 Ebolum,
2619 3085 2762 3132 cnm
2819 3065 3180 3132 castellucio
3226 3085 3265 3130 a
3309 3064 3539 3130 comite

670 3171 1038 3240 Marcoardo
1083 3169 1319 3238 ibidem
1378 3179 1735 3240 constructo
1782 3177 1847 3240 et
1889 3191 2035 3238 cum
2089 3174 2378 3239 omnibus
2433 3172 2823 3256 hominibus,
2879 3171 3242 3238 tenimentis
3289 3175 3354 3237 et
3395 3191 3540 3257 per-

668 3279 953 3346 tinentiis
1000 3279 1130 3347 suis
1176 3286 1308 3346 tam
1351 3281 1418 3345 in
1466 3280 1650 3348 mari·
1672 3300 1860 3365 quam
1904 3281 1972 3345 in
2018 3285 2208 3364 terra,
2255 3281 2420 3346 sicut
2447 3280 2514 3346 in
2558 3278 2888 3365 privilegio
2933 3276 3284 3345 maiestatis
3323 3283 3540 3344 nostre

669 3387 908 3453 eisdem
938 3387 1152 3452 domui
1199 3392 1262 3453 et
1304 3386 1605 3453 fratribus
1650 3385 1894 3452 indulto
1942 3387 2302 3472 expressius
2348 3387 2721 3452 continetur.
2791 3385 3050 3452 Necnon
3092 3383 3538 3450 confirmamus

670 3492 873 3560 eidem
904 3493 1203 3580 hospitali
1246 3499 1311 3560 et
1339 3493 1641 3559 fratribus
1670 3493 1738 3557 in
1772 3498 2148 3579 perpetuum
2178 3512 2321 3559 eum
2359 3513 2668 3560 consensu
2699 3498 2764 3560 et
2792 3492 3111 3559 voluntate
3142 3490 3537 3576 Constancie,

666 3599 933 3666 illustris
977 3599 1401 3666 Romanorum
1447 3600 1869 3686 imperatricis
1916 3605 1982 3666 et
2025 3601 2242 3682 regine
2289 3599 2522 3684 Sicilie,
2570 3600 2796 3666 dilecte
2841 3599 3147 3666 consortis
3193 3605 3430 3682 nostre,
3477 3603 3542 3664 et

668 3705 989 3772 karissimi
1036 3705 1151 3772 filii
1193 3707 1397 3773 nostri
1439 3707 1607 3789 regis
1638 3705 1894 3772 Henrici
1940 3706 2195 3773 domum
2230 3707 2543 3792 quandam
2575 3705 2904 3790 Margariti
2933 3707 3002 3771 in
3035 3705 3291 3771 civitate
3319 3710 3542 3770 nostra

666 3811 1011 3879 Brundusii
1055 3833 1199 3879 cum
1228 3813 1453 3880 balneo
1485 3818 1549 3878 et
1578 3812 1868 3879 omnibus
1907 3813 2316 3900 pertinenciis
2345 3814 2477 3880 suis
2509 3818 2574 3880 et
2602 3833 2742 3880 cum
2777 3811 3066 3879 omnibus
3097 3812 3240 3878 aliis
3269 3811 3540 3878 iusticiis

619 4005 633 4017 α
669 3925 735 3984 et
790 3919 1140 3986 rationibus
1184 3925 1317 3986 tam
1362 3920 1430 3985 in
1476 3919 1639 3984 mari
1698 3939 1889 4003 quam
1935 3921 2001 3986 in
2058 3925 2230 3987 terra
2287 3920 2490 3987 eidem
2551 3920 2765 3987 domui
2822 3918 3281 4005 pertinentibus
3294 3967 3315 4003 ,
3375 3918 3543 3985 sicut

667 4026 872 4111 ipsam
902 4026 1187 4112 prefatus
1210 4025 1589 4110 Margaritus
1620 4046 1899 4111 unquam
1928 4027 2155 4093 melius
2186 4027 2531 4094 dinoscitur
2561 4027 2856 4093 tenuisse.
2915 4024 3013 4092 De
3041 4025 3544 4092 habundanciori

670 4150 917 4217 quoqne
960 4133 1177 4217 gracia
1218 4138 1436 4200 nostra
1466 4132 1863 4200 concedimus
1909 4138 1974 4199 et
2013 4133 2454 4201 confirmamus
2486 4134 2684 4200 eidem
2717 4133 3018 4220 hospitali
3061 4133 3130 4198 in
3159 4137 3542 4219 perpetuum

668 4243 945 4304 castrum
998 4236 1313 4307 Mesanei⁶
1365 4240 1435 4306 in
1493 4246 1665 4306 terra
1717 4239 1958 4308 Idronti
1973 4289 1992 4324 ,
2050 4241 2216 4326 quod
2273 4246 2370 4307 est
2422 4241 2608 4312 inter,
2646 4239 3072 4308 Brundusium
3135 4243 3198 4304 et
3249 4238 3541 4322 Horiam,

668 4365 813 4411 cum
868 4344 1156 4412 omnibus
1209 4346 1393 4412 iustis
1450 4347 1812 4413 tenimentis
1867 4351 1935 4414 et
1985 4347 2390 4434 pertinenciis
2435 4348 2600 4431 suis,
2661 4351 2852 4434 prout
2906 4348 2975 4412 in
3031 4344 3382 4433 privilegiis
3427 4345 3544 4410 do-

666 4451 943 4518 nationis
1000 4452 1200 4538 ipsius
1256 4452 1479 4519 domus
1525 4457 1591 4519 et
1644 4453 1837 4519 castri
1897 4453 2102 4519 eidem
2159 4453 2460 4540 hospitali
2517 4473 2558 4519 a
2609 4459 2830 4520 nostra
2885 4453 3216 4519 maiestate
3272 4450 3540 4518 indultis

668 4558 951 4624 seriatim
997 4560 1370 4625 continetur.
1450 4558 1630 4637 Quod
1676 4565 1975 4644 castrum,
2022 4565 2210 4646 prout
2251 4563 2544 4627 novimus
2587 4561 2940 4644 manifeste,
2981 4558 3192 4626 eidem
3236 4557 3540 4644 hospitali

663 4661 808 4750 pia⁷
852 4664 1231 4732 liberalitate
1288 4665 1634 4733 donaverat
1676 4671 1741 4732 et
1786 4672 2180 4734 concesserat
2225 4666 2428 4734 dictus
2486 4666 2777 4734 dominus
2823 4671 3006 4753 pater
3051 4669 3298 4750 noster,
3357 4664 3538 4731 cuius

664 4773 1084 4839 concessionis
1129 4772 1532 4859 privilegium
1576 4781 1729 4838 casu
1772 4769 2070 4841 fortuito⁸
2115 4774 2238 4840 fuit
2282 4775 2605 4858 amissum,
2651 4773 2901 4859 qnando
2933 4771 3320 4839 Brundusini
3363 4769 3540 4837 vide-

664 4875 813 4944 licet
866 4878 1179 4966 hospitale
1231 4879 1445 4966 ipsum
1500 4880 1782 4964 aggressi
1826 4881 1893 4947 in
1951 4881 2162 4968 ipsum
2210 4886 2275 4947 et
2326 4881 2493 4947 bona
2547 4899 2662 4947 sua
2717 4879 3033 4947 hostiliter
3093 4897 3168 4946 ac
3222 4877 3542 4964 rapaciter
