3892 5609
747 268 900 338 464
1712 281 2132 330 ron-rmoma
2177 279 2615 329 nonai-toanis

750 436 924 506 711.
964 439 1138 506 1423
1164 439 1337 525 febr.
1369 440 1453 506 11
1503 427 1744 506 Romae
1793 441 1971 527 apud
2022 463 2071 504 s.
2116 441 2393 506 Petrum.
2475 441 2794 506 Martinus
2836 440 2899 508 V
2944 441 3221 506 coneedit
3254 439 3599 523 fratribus

965 547 1206 611 ordinis
1259 544 1652 628 Theutonici,
1715 549 1886 633 quod
1937 550 2009 611 in
2065 548 2331 613 eeclesiis
2377 561 2481 614 cet.
2528 551 2659 613 suis
2708 551 2779 612 in
2820 547 3359 612 schismaticorum
3406 547 3599 610 terris

967 655 1308 719 constitutis
1351 654 1450 718 vel
1479 656 1913 740 praesentibus
1926 655 2366 740 familiaribus
2400 653 2661 724 Graeci-s
2690 667 2795 720 cet.
2828 677 3013 720 saera
3042 654 3355 721 celebrare
3386 653 3595 718 liceat.

965 793 1270 860 Martinus
1316 795 1644 881 episcopus
1691 815 1906 862 servus
1952 815 2272 862 servorum
2318 796 2419 864 dei
2463 796 2704 863 dilectis
2745 795 2893 862 filiis
2938 794 3241 878 magistro
3282 793 3599 878 generali,

745 901 1350 968 commendatoribus
1406 903 1469 968 et
1519 903 1819 969 fratribus
1875 902 2202 989 hospitalis
2260 903 2439 970 beate
2489 902 2686 970 Mario
2730 903 3253 969 Theotonicorum
3296 900 3599 968 lerosoli-

746 1007 969 1072 mitani
1013 1007 1274 1076 ubilibet
1317 1009 1672 1076 constitutis
1717 1010 2110 1096 presentibus
2158 1016 2222 1077 et
2262 1009 2489 1077 futuris
2536 1009 2798 1076 salutem
2846 1014 2909 1076 et
2952 1008 3365 1094 apostolicam
3402 1008 3599 1074 bene-

745 1114 1101 1181 dictionem.
1365 1116 1704 1201 Religionis
1751 1115 1920 1184 zelus
1968 1121 2032 1183 et
2075 1121 2281 1184 vestre
2332 1117 2688 1184 devocionis
2744 1117 3071 1184 sinceritas
3122 1121 3597 1203 promerentur,

744 1227 817 1286 ut
859 1221 1020 1287 votis
1066 1224 1292 1292 vestris
1335 1225 1402 1290 in
1447 1224 1570 1291 hiis
1613 1224 1946 1310 presertim
1992 1244 2111 1309 que
2156 1225 2507 1291 animarum
2552 1231 2899 1292 vestrarum
2942 1223 3209 1290 salutem
3238 1222 3597 1309 respiciunt

745 1333 1047 1413 quantum
1093 1349 1232 1396 cum
1279 1331 1394 1396 deo
1439 1351 1768 1417 possumus
1812 1329 2239 1398 favorabiliter
2284 1351 2648 1398 annuamus.
2718 1329 2958 1398 Vestris
3008 1330 3221 1416 itaque
3264 1328 3595 1416 supplica-

746 1435 1026 1501 cionibus
1070 1435 1374 1520 inclinati,
1420 1437 1596 1504 vobis
1631 1444 1696 1506 et
1724 1444 2001 1504 vestrum
2030 1437 2303 1522 cuilibet,
2351 1443 2423 1504 ut
2448 1438 2515 1504 in
2546 1437 2842 1523 eeclesiis,
2888 1436 3174 1503 domibus
3206 1442 3273 1504 et
3300 1435 3589 1524 capellis,

745 1563 898 1628 quas
953 1543 1194 1610 habetis
1249 1543 1316 1608 in
1372 1544 1556 1610 terris
1613 1543 1953 1612 Greeorum
2012 1551 2075 1611 et
2134 1545 2629 1612 scismaticorum
2692 1544 3121 1612 aberrancium
3176 1564 3219 1610 a
3274 1543 3593 1610 catholiea

745 1649 1007 1717 ecclesia
1049 1657 1113 1717 et
1155 1651 1445 1734 veritate,
1492 1653 1784 1736 quociens
1829 1651 1910 1718 ad
1951 1650 2065 1718 illa
2106 1651 2243 1718 loca
2286 1673 2396 1718 vos
2450 1651 2763 1720 declinare
2815 1651 2917 1719 vel
2968 1652 3039 1718 in
3091 1649 3331 1718 eisdem
3384 1651 3589 1718 conti-

744 1757 907 1841 gerit
949 1758 1350 1841 commorari‚
1404 1758 1594 1825 liceat
1646 1759 1822 1825 vobis
1876 1759 1944 1824 in
2000 1758 2125 1824 illis
2180 1760 2403 1825 missas
2460 1764 2523 1826 et
2580 1758 2705 1826 alia
2748 1758 2963 1826 divina
3004 1757 3212 1824 officia
3256 1757 3391 1824 alta
3435 1777 3589 1823 voce

745 1863 992 1950 publice
1036 1865 1272 1950 apertis
1315 1865 1519 1932 ianuis
1565 1866 1761 1932 eciam
1807 1865 1875 1931 in
1918 1867 2243 1950 presencia
2284 1865 2690 1932 familiarium
2735 1871 3081 1934 vestrorum
3130 1864 3481 1932 Grecorum
3526 1871 3589 1930 et

745 1970 1008 2037 aliorum
1055 1970 1474 2039 habitatorum
1519 1972 1770 2039 illarum
1815 1975 2098 2060 parcium
2144 1973 2456 2040 celebrare
2493 1979 2605 2039 aut
2632 1993 2745 2060 per
2773 1978 3015 2042 vestros
3046 1972 3402 2040 sacerdotes
3432 1971 3591 2058 ydo-

743 2097 894 2144 neos
938 2078 1144 2145 facere
1189 2077 1488 2146 celebrari
1537 2079 1904 2146 auctoritate
1951 2080 2333 2166 presentium
2378 2079 2791 2163 indulgemus,
2832 2080 3389 2148 constitucionibus
3436 2099 3589 2165 apo-

743 2185 980 2252 stolicis
1027 2191 1090 2252 et
1134 2184 1274 2251 aliis
1319 2186 1386 2252 in
1431 2186 1814 2253 eontrarium
1857 2187 2228 2255 facientibus
2258 2206 2384 2254 non
2414 2187 2805 2255 obstantibus
2836 2188 3349 2274 quibuscumque.
3410 2185 3587 2252 Nulli

744 2311 890 2374 ergo
935 2292 1188 2358 omnino
1234 2292 1552 2360 hominum
1597 2295 1785 2362 lieeat
1827 2295 1991 2362 hane
2032 2296 2327 2382 paginam
2372 2301 2585 2362 nostre
2640 2295 3054 2362 concessionis
3096 2294 3442 2378 infringere
3490 2291 3589 2358 vel

744 2398 802 2465 ei
847 2418 1004 2464 ausu
1048 2401 1380 2466 temerario
1424 2401 1750 2469 contraire.
1823 2401 1891 2469 Si
1939 2401 2079 2489 quis
2124 2407 2334 2469 autem
2379 2402 2494 2469 hoc
2546 2407 2920 2488 attemptare
2964 2401 3439 2488 presumpserit,
3490 2401 3585 2465 in-

745 2505 1167 2589 dignationem
1215 2509 1660 2594 omnipotentis
1707 2510 1808 2576 dei
1853 2515 1918 2577 et
1960 2510 2283 2577 beatorum
2328 2507 2502 2576 Petri
2546 2514 2610 2576 et
2634 2508 2816 2576 Pauli
2860 2507 3288 2596 apostolorum
3332 2507 3470 2574 eius
3516 2527 3587 2573 se

742 2613 990 2679 noverit
1033 2613 1445 2682 incursurum.
1515 2616 1750 2684 Datum
1780 2617 1976 2685 Rome
2006 2617 2173 2705 apud
2218 2623 2500 2686 sanetum
2530 2616 2786 2685 Petrum
2824 2617 2898 2683 iii
2924 2615 3067 2684 idus
3093 2615 3395 2683 februarii
3424 2633 3584 2702 pon·-

741 2718 1012 2787 tificatus
1057 2719 1258 2788 nostri
1302 2742 1466 2790 anno
1509 2730 1704 2792 sexto.

953 2861 1043 2924 IV,
1080 2861 1201 2914 249.

747 3063 921 3134 712.
965 3067 1138 3134 1423
1181 3073 1400 3135 marcii
1424 3072 1469 3136 4
1502 3072 1738 3137 Romae
1767 3074 1944 3158 apud
1972 3096 2021 3138 s.
2048 3074 2325 3139 Petrum.
2384 3075 2703 3139 Martinus
2740 3075 2799 3140 V
2820 3079 3095 3144 concedit
3124 3081 3339 3146 ordini
3376 3081 3575 3148 Theu-

963 3177 1164 3240 tonico
1176 3223 1197 3255 ‚
1258 3189 1326 3242 ut
1377 3179 1464 3242 ad
1515 3179 1800 3245 ecclesiae
1858 3193 1914 3246 et
1970 3182 2103 3246 alia
2160 3183 2447 3265 bmefioia
2501 3183 2909 3248 ecclesiastica
2962 3187 3095 3272 ipsi
3142 3191 3417 3254 subiecta
3450 3215 3575 3278 pro

961 3281 1142 3348 libitu
1185 3295 1294 3349 aut
1332 3307 1635 3370 personas
1681 3288 1922 3352 ordinis
1967 3301 2079 3354 aut
2119 3289 2464 3354 saeculares
2511 3289 2762 3355 clericos
2793 3293 3136 3358 ordinarias
3162 3300 3363 3382 possit
3386 3321 3574 3384 prae-

962 3401 1222 3455 semare.

959 3519 1265 3588 Martinus
1311 3523 1640 3611 episcopus
1685 3545 1902 3594 servus
1947 3547 2266 3594 servorum
2313 3528 2413 3596 dei
2461 3529 2540 3595 ad
2567 3530 2843 3598 futuram
2872 3533 2965 3600 rei
2995 3535 3381 3602 memoriam.

741 3627 862 3695 Pro
908 3627 1291 3713 singulorum
1347 3628 1621 3698 fidelium
1678 3634 2008 3719 presertim
2063 3635 2492 3720 religiosarum
2552 3657 2961 3725 personarum
3019 3645 3189 3708 statu
3243 3643 3577 3710 salubriter

741 3735 1086 3820 dirigendo,
1132 3742 1321 3823 prout
1365 3757 1444 3804 ex
1479 3737 1686 3806 debito
1715 3740 1896 3808 nobis
1925 3741 2191 3810 iniuncti
2220 3744 2553 3830 pastoralis
2591 3751 2873 3814 tenemur
2902 3745 3113 3832 officii,
3158 3749 3399 3818 solicite
3430 3771 3577 3820 eon·

739 3841 1143 3910 sideracionis
1187 3843 1482 3912 intuitum
1529 3848 1930 3916 extendentes
1978 3849 2057 3917 ad
2102 3869 2208 3934 ea,
2265 3871 2377 3937 per
2433 3872 2553 3937 que
2604 3859 2806 3920 status
2849 3853 3169 3938 religionis
3214 3859 3577 3924 continuum

741 3949 1041 4036 suscipiat
1082 3949 1536 4020 incrementum
1567 3957 1629 4020 et
1655 3953 2089 4038 religiosorum
2120 3957 2463 4044 dispendiis
2492 3967 2871 4046 occurratur,
2915 3961 3180 4030 libenter
3210 3964 3575 4032 adhibemus

741 4056 1156 4123 solicitudinis
1199 4064 1412 4126 nostre
1455 4065 1688 4147 partes,
1735 4068 1922 4148 prout
1966 4083 2174 4130 rerum
2222 4071 2285 4132 et
2330 4071 2681 4153 temporum
2728 4069 3029 4155 qualitate
3070 4077 3339 4158 pensata
3370 4074 3435 4140 in
3468 4073 3577 4140 do—

739 4163 908 4230 mino
954 4164 1370 4252 conspicimus
1416 4166 1750 4235 salubriter
1793 4169 2107 4256 expedire.
2179 4170 2343 4240 Sane
2372 4173 2601 4260 peticio
2634 4195 2749 4261 pro
2795 4183 2975 4263 parte
3002 4177 3373 4246 dilectorum
3414 4179 3575 4248 filio—

739 4290 878 4338 rum
925 4271 1214 4355 magistri
1257 4277 1322 4340 et
1363 4274 1628 4342 fratrum
1682 4275 2011 4363 hospitalis
2068 4277 2249 4346 beate
2292 4279 2489 4348 Marie
2534 4281 3049 4351 Theotonicorum
3095 4285 3573 4354 Ierosolimitani

739 4377 920 4444 nobis
965 4399 1164 4466 nuper
1208 4379 1487 4447 exhibita
1529 4383 1915 4468 continebat,
1972 4384 2136 4469 quod
2193 4387 2317 4472 ipsi
2360 4387 2428 4454 in
2472 4387 2734 4456 diversis
2778 4392 3118 4477 provinciis
3172 4399 3238 4462 et
3279 4394 3433 4462 locis
3478 4396 3573 4462 ius

739 4489 1107 4570 patronatus
1153 4491 1217 4553 et
1259 4489 1659 4584 presentandi
1703 4510 2005 4576 personas
2048 4490 2321 4578 ydoneas
2375 4495 2455 4560 ad
2508 4497 2929 4582 parrochiales
2986 4499 3279 4568 ecclesias
3334 4506 3400 4569 et
3454 4502 3573 4570 alia

739 4591 1039 4659 beneficia
1067 4593 1486 4662 ecclesiastica
1511 4617 1626 4682 per
1655 4596 1911 4665 clericos
1942 4598 2251 4667 seculares
2281 4602 2615 4684 gubernari
2644 4611 2941 4672 consueta
2971 4606 3201 4675 habere
3244 4607 3573 4676 dinoscun-

739 4703 844 4765 tur
888 4704 980 4783 et,
1035 4700 1092 4766 si
1133 4699 1258 4788 ipsi
1303 4703 1601 4785 magister
1645 4710 1709 4771 et
1750 4705 1977 4772 fratres
2024 4707 2103 4774 ad
2150 4707 2441 4775 ecclesias
2487 4715 2552 4776 et
2594 4710 2893 4780 beneficia
2934 4713 3291 4782 huiusmodi
3338 4715 3573 4802 aliquo·

738 4804 907 4872 ciens
953 4825 1250 4893 personas
1301 4807 1453 4876 dicti
1497 4810 1822 4898 hospitalis
1869 4813 2201 4882 ordinariis
2246 4813 2524 4884 locorum
2570 4824 2680 4885 aut
2724 4819 2885 4904 aliis,
2931 4821 3013 4886 ad
3056 4842 3212 4907 quos
3256 4823 3573 4890 institucio

739 4915 1074 4982 earundem
1120 4936 1527 5003 personarum
1572 4925 1814 5006 spectat
1858 4920 1934 4988 de
1979 4923 2425 4992 consuetudine
2470 4923 2567 4991 vel
2612 4925 2690 4993 de
2735 4927 2869 4994 iure
2914 4937 3277 5015 presentare
3320 4938 3575 5018 possent
