3892 5609
1331 345 1718 428 annuum
1763 377 2151 426 cananeum
3007 365 3161 435 459

331 537 507 610 708.
545 540 722 606 1419
763 542 926 605 maii
951 540 1046 606 17
1087 537 1466 606 How-entiae.
1535 541 1852 606 Mart-inus
1893 537 1956 606 V
1976 538 2297 623 confimat
2326 539 2540 604 ordini
2572 535 2947 604 Theutonico
2980 537 3164 604 liher-

545 659 730 714 tatem
775 671 818 712 a
850 650 1276 734 praestatione
1318 649 1698 713 decimarum
1743 660 1800 712 et
1845 649 2121 713 omnium
2164 648 2603 712 subsidiorum.

548 787 856 854 Martinus
904 789 1232 876 episcopus
1276 809 1495 856 servus
1541 809 1866 856 servorum
1911 789 2013 856 dei
2072 787 2316 855 dilectis
2368 786 2515 854 filiis
2568 786 2869 871 magistro
2924 790 2989 852 et
3039 786 3167 851 fra—

325 895 528 964 tribus
573 895 902 983 hospitalis
949 895 1130 963 beate
1171 895 1371 964 Maris
1415 895 1930 963 Theotonicornm
1964 895 2458 962 lerosolomitani
2502 894 2764 961 salutem
2814 897 2877 960 et
2918 898 3168 979 aposto-

325 1003 511 1070 licam
570 1001 1082 1070 benedictionem.
1352 1002 1670 1069 Laudibus
1727 1009 1790 1070 et
1843 1004 2077 1070 honore
2131 1002 2498 1085 dignissima
2550 999 2770 1086 religio
2826 1006 3036 1067 vestra
3089 999 3168 1066 ab

324 1109 526 1197 ipsius
571 1109 972 1177 institucione
1013 1110 1182 1178 felici
1226 1131 1341 1198 per
1372 1110 1768 1178 latitudinem
1799 1111 1969 1178 orbis
1999 1116 2165 1177 terre
2194 1109 2559 1176 diversitate
2588 1108 2889 1175 virtutum
2922 1126 3169 1193 semper

328 1217 584 1284 emicuit
626 1221 690 1284 et
733 1223 1081 1284 vestrorum
1127 1217 1410 1284 claritate
1455 1219 1818 1285 meritorum
1866 1217 2061 1284 oculis
2108 1216 2363 1283 ecclesie
2393 1220 2785 1282 sacrosancte
2813 1214 3169 1300 frequenter

326 1323 584 1391 infulxit
625 1325 729 1411 pie
773 1325 1072 1391 memorie
1117 1324 1656 1410 predecessoribus
1701 1325 1930 1390 nostris
1976 1323 2272 1390 Romanis
2316 1322 2713 1410 pontificibus
2752 1326 3013 1408 propter
3054 1321 3169 1388 hec

325 1437 508 1496 tanta
551 1430 931 1498 iocunditate
979 1431 1265 1517 perfusis,
1308 1438 1382 1499 ut
1411 1431 1501 1498 eis
1531 1432 1809 1498 votivum
1841 1438 1906 1498 et
1932 1429 2295 1497 delectabile
2334 1427 2513 1510 fieret
2542 1429 2775 1495 dictam
2804 1427 3167 1511 religionem

327 1539 574 1604 interno
621 1544 686 1606 et
727 1537 964 1604 efficaci
1011 1557 1222 1604 amore
1267 1538 1335 1605 in
1380 1537 1628 1604 Christo
1675 1537 1934 1622 diligere
1978 1542 2044 1603 et
2086 1537 2455 1603 sincerrima
2512 1536 2807 1623 prosequi
2850 1535 3169 1601 voluntate

328 1643 544 1711 multis
587 1646 792 1732 ipsam
839 1644 1178 1712 attollendo
1223 1645 1514 1732 presidiis
1561 1649 1625 1711 et
1667 1643 1934 1710 fovendo
1980 1641 2299 1711 beneficiis
2346 1642 2677 1729 opulentis.
2762 1641 2892 1708 Nos
2938 1647 3168 1725 autem,

327 1757 664 1837 postquam
713 1751 1038 1839 apostolici
1094 1772 1304 1818 curam
1367 1751 1555 1818 officii
1611 1751 1825 1816 divina
1857 1749 2283 1837 ‘providencia
2338 1750 2704 1837 disponente
2760 1749 3168 1836 suscepimus,

329 1864 644 1926 tantorum
691 1864 944 1946 patrum
988 1859 1098 1945 pia
1139 1842 1406 1942 vestigia
1450 1858 1570 1945 piis
1616 1857 1934 1924 imitantes
1964 1857 2287 1925 affectibus
2324 1856 2511 1924 corde
2540 1856 2958 1942 concepimus,
3005 1855 3171 1941 quod

329 1964 696 2049 religionem
743 1966 946 2052 ipsam
992 1965 1172 2032 nobis
1217 1963 1552 2052 specialem
1585 1970 1648 2031 et
1677 1965 2065 2032 carissimam
2096 1965 2260 2032 inter
2292 1963 2447 2031 alias
2484 1963 2869 2030 haberemus.
2938 1962 3169 2030 Huius-

329 2071 502 2139 modi
544 2071 972 2139 benivolencia
1015 2071 1414 2159 postmodum
1459 2073 1551 2138 sic
1579 2091 1694 2158 per
1725 2071 2111 2158 operacionis
2143 2072 2525 2138 evidenciam
2556 2069 2959 2154 elucescente,
3006 2070 3171 2155 quod

327 2180 395 2246 in
451 2179 833 2266 professores
899 2178 1218 2263 religionis
1285 2178 1560 2245 eiusdem
1619 2178 1784 2244 dona
1834 2177 2208 2264 multiplicia
2261 2173 2745 2244 effunderemus¹
2796 2177 3169 2261 graciarum,

330 2305 486 2372 quas
531 2287 596 2353 in
639 2285 883 2370 melius,
931 2287 986 2351 si
1030 2291 1404 2372 oportunum
1461 2285 1682 2370 fuerit,
1738 2283 2112 2372 ampliantes
2170 2285 2237 2351 in
2295 2284 2479 2372 pleno
2534 2284 2749 2368 vigore
2802 2302 3171 2350 conservare

331 2393 738 2480 proponimus
786 2413 858 2458 ac
902 2392 1079 2458 vobis
1125 2398 1190 2458 et
1231 2391 1530 2479 hospitali
1558 2398 1766 2459 vestro
1797 2393 2068 2459 fructum
2102 2391 2520 2459 desideratum
2551 2391 2891 2478 producere
2922 2389 3171 2458 affecta-

328 2520 492 2584 mus,
539 2519 677 2566 cum
725 2499 810 2565 sit
851 2498 1030 2566 nobis
1073 2497 1259 2565 firma
1301 2498 1548 2583 fiducia,
1596 2500 1781 2586 quod,
1829 2504 2063 2585 quanto
2108 2498 2249 2585 plus
2296 2499 2464 2565 dicta
2503 2499 2723 2580 religio
2768 2497 3171 2582 benignitatis

331 2604 671 2694 apostolice
715 2606 930 2672 favore
973 2605 1269 2690 reficitur,
1316 2611 1493 2673 tanto
1540 2609 1605 2673 in
1653 2607 1792 2694 ipsa
1835 2605 2191 2673 devocionis
2224 2612 2287 2673 et
2314 2606 2667 2674 reverencie
2698 2604 2976 2671 studium
3006 2605 3173 2672 circa

329 2713 676 2801 predictam
723 2712 1045 2780 ecclesiam
1095 2711 1456 2797 adaugetur.
1529 2713 1692 2781 Hinc
1737 2719 1852 2797 est,
1899 2713 2061 2798 quod
2108 2733 2221 2779 nos
2280 2713 2615 2780 eorundem
2664 2711 3170 2798 predecessorum

329 2821 609 2905 vestigiis
652 2818 1005 2887 inherentes
1051 2820 1228 2887 vobis
1274 2821 1642 2886 auctoritate
1688 2820 2031 2907 apostolica
2076 2824 2292 2886 tenore
2332 2820 2722 2906 presencium
2754 2819 3170 2904 indulgemus,

330 2932 403 2994 ut
455 2927 521 2994 in
577 2927 1086 3014 imposicionibus
1143 2927 1523 2994 decimarum
1593 2947 1704 2994 seu
1762 2927 2229 2994 caritativornm
2276 2927 2375 2994 vel
2431 2925 2694 2993 aliorum
2754 2925 3173 3011 quorumlibet

329 3034 779 3119 subsidiorum,
837 3035 1328 3120 quibuscumque
1368 3033 1724 3100 nominibus
1771 3038 2226 3121 nuncupentur,
2282 3035 2349 3100 in
2394 3033 2714 3120 quibusvis
2769 3033 2966 3100 eciam
3014 3033 3173 3100 citra

331 3141 430 3209 vel
473 3139 642 3208 ultra
683 3142 996 3208 montanis
1041 3141 1324 3230 partibus
1369 3159 1481 3226 per
1526 3160 1640 3206 nos
1687 3145 1797 3206 aut
1837 3147 2055 3208 nostra
2086 3139 2185 3206 vel
2216 3140 2341 3207 alia
2369 3161 2757 3226 quacumque
2798 3141 3169 3208 anctoritate

330 3249 638 3315 concessis
685 3269 795 3317 seu
841 3269 920 3315 ex
964 3249 1184 3334 quavis
1243 3267 1432 3314 causa
1488 3247 1784 3314 hactenus
1844 3249 2418 3333 quomodocumque
2473 3254 2584 3315 aut
2637 3247 3169 3333 qualitercumque

328 3356 513 3422 factis
557 3355 657 3422 vel
699 3355 964 3424 forsitan
1010 3358 1420 3442 imposterum
1463 3353 1764 3420 faciendis
1809 3375 1920 3421 vos
1968 3375 2041 3422 ac
2082 3355 2439 3422 huiusmodi
2479 3353 2787 3442 hospitale
2825 3353 2997 3420 illius
3025 3375 3170 3441 pre-

330 3463 625 3549 ceptorie,
671 3461 964 3545 ecclesie,
1009 3460 1280 3549 capelle,
1325 3461 1600 3527 oratoria
1646 3467 1710 3528 et
1765 3461 1890 3529 alia
1943 3467 2155 3529 vestra
2211 3467 2275 3530 et
2325 3463 2489 3529 dicte
2542 3461 2861 3546 religionis
2916 3461 3053 3528 loca
3106 3466 3171 3528 et

331 3569 514 3653 bona,
561 3589 682 3658 que
723 3589 888 3635 nunc
933 3568 1196 3636 ubilibet
1239 3567 1531 3634 obtinetis
1562 3568 1660 3635 vel
1690 3568 1756 3635 in
1785 3569 2065 3636 futurum
2098 3574 2408 3636 annuente
2450 3569 2699 3636 domino
2730 3569 2899 3636 licite
2930 3569 3168 3636 obtine-

331 3675 479 3743 bitis
526 3682 657 3742 tam
702 3675 960 3742 mobilia
1004 3695 1190 3762 quam
1234 3674 1581 3741 immobilia
1622 3695 1864 3742 necnon
1910 3697 2177 3764 persone
2220 3678 2287 3744 in
2330 3676 2456 3744 illis
2488 3677 2779 3760 degentes
2813 3675 3168 3743 nullatenus

329 3779 600 3850 includi²
646 3802 758 3850 seu
801 3781 1242 3870 comprehendi
1286 3782 1565 3848 debeatis
1611 3782 1720 3849 sed
1765 3803 1873 3850 vos
1922 3803 1996 3850 ac
2036 3783 2393 3851 huiusmodi
2422 3783 2729 3870 hospitale
2756 3803 2998 3850 necnon
3029 3801 3169 3870 pre-

331 3889 626 3977 ceptorie,
675 3888 949 3974 ecclesie,
998 3889 1256 3977 capelle,
1303 3889 1576 3955 oratoria
1622 3895 1805 3974 atque
1853 3890 2146 3975 degentes
2191 3891 2259 3957 in
2301 3890 2427 3958 illis
2473 3895 2792 3978 presentes
2838 3898 2902 3958 et
2934 3889 3169 3977 posteri

332 4019 447 4085 pro
493 4003 776 4083 tempore
822 4018 860 4063 a
903 3997 1220 4064 solucione
1265 3991 1358 4063 et⁸
1403 3997 1791 4082 prestacione
1837 3997 2217 4064 decimarum
2266 4001 2329 4064 et
2372 3997 2637 4064 aliorum
2668 4017 2925 4064 onerum
2954 3997 3169 4063 huius-

331 4103 502 4170 modi
549 4103 686 4171 sitis
734 4110 798 4170 et
841 4123 977 4171 esse
1030 4104 1306 4172 debeatis
1363 4104 1684 4189 perpetuis
1739 4103 1967 4170 futuris
2024 4104 2409 4191 temporibus
2468 4124 2723 4191 prorsus
2780 4104 3054 4190 exempti
3106 4109 3169 4171 et

327 4213 657 4294 immunes,
705 4216 891 4298 prout
935 4213 1128 4278 eciam
1175 4208 1492 4296 preteritis
1537 4210 1922 4296 temporibus
1970 4217 2033 4278 et
2061 4233 2099 4278 a
2142 4217 2446 4298 tempore,
2492 4212 2667 4278 cuius
2698 4211 2995 4278 contrarii
3038 4232 3169 4278 me-

329 4317 532 4384 moria
573 4338 699 4384 non
747 4317 980 4402 existit,
1027 4317 1494 4404 predecessores
1539 4318 1732 4383 vestri
1779 4318 2069 4402 magistri
2114 4323 2177 4384 et
2219 4319 2446 4385 fratres
2487 4339 2727 4386 necnon
2770 4323 3169 4406 preceptores

328 4445 404 4492 ac
448 4429 719 4492 rectores
765 4424 1092 4511 hospitalis
1138 4423 1667 4511 preceptoriarum
1683 4473 1702 4508 ,
1763 4425 2085 4491 domorum
2100 4476 2119 4510 ,
2179 4426 2579 4494 ecclesiarum
2638 4431 2704 4492 et
2755 4426 3169 4492 oratoriorum

329 4531 736 4618 prefatorum,
783 4533 890 4617 qui
931 4531 1186 4598 fuerunt
1231 4551 1342 4616 pro
1387 4536 1668 4618 tempore
1713 4551 1826 4618 per
1871 4533 2171 4619 specialia
2214 4533 2544 4620 privilegia
2598 4533 2763 4600 sedis
2809 4533 3168 4620 apostolice,

331 4638 556 4726 quibus
599 4659 728 4705 non
771 4643 867 4706 est
910 4659 1170 4726 prorsus
1212 4640 1278 4704 in
1325 4638 1531 4723 aliquo
1579 4639 1965 4724 derogatum,
2011 4638 2194 4707 liberi
2240 4646 2303 4708 et
2345 4641 2653 4707 immunes
2708 4639 3007 4707 hactenus
3060 4659 3169 4706 ex-

331 4747 622 4829 titerunt3
669 4745 1070 4813 decernentes
1115 4747 1311 4813 eciam
1355 4746 1570 4813 irritos
1615 4750 1679 4812 et
1720 4747 1938 4813 inanes
1984 4767 2225 4815 necnon
2269 4767 2382 4834 pro
2428 4747 2675 4815 infectis
2713 4746 2930 4814 haberi
2957 4746 3169 4814 volen-

329 4861 425 4921 tes
471 4873 686 4921 omnes
730 4872 1058 4940 processus
1101 4872 1342 4920 necnon
1389 4853 2074 4939 excommunicacionis,
2120 4855 2545 4942 suspensionis
2576 4859 2639 4921 et
2666 4853 2983 4921 interdicti
3028 4873 3167 4921 sen-

329 4961 566 5028 tencias
611 4966 676 5027 et
717 4959 1028 5045 quaslibet
1071 4959 1226 5050 alias
1271 4980 1565 5047 censuras
1611 4962 1744 5028 sive
1787 4980 1983 5048 penas
2028 4961 2386 5049 spirituales
2432 4967 2542 5028 aut
2582 4961 2959 5048 temporales
3003 4963 3169 5030 sedis

331 5068 608 5155 predicte
655 5067 754 5134 vel
806 5067 1155 5151 legatorum
1212 5067 1344 5134 eius
1399 5087 1510 5136 seu
1565 5067 1692 5135 alia
1745 5069 1963 5153 quavis
2020 5070 2388 5137 auctoritate
2439 5063 2507 5136 iu
2562 5089 2671 5136 vos
2724 5089 2968 5138 necnon
3024 5091 3169 5158 pre-
