3892 5609
1354 331 1740 380 smirnamum
1785 331 2173 379 canamus
3031 317 3179 388 461

356 487 472 554 rici
517 486 610 554 sic
649 488 992 574 presentati
1036 487 1116 554 de
1159 487 1704 557 administracione
1748 510 1862 577 per
1907 509 2015 556 eos
2060 489 2227 556 circa
2270 487 2545 574 prefatas
2604 486 2895 556 ecclesias
2945 488 3012 555 in
3056 488 3188 574 spi-

353 594 686 661 ritualibus
729 594 1062 661 ordinariis
1105 600 1172 661 et
1211 595 1280 661 in
1322 596 1770 682 temporalibus
1815 597 2117 680 magistro
2164 600 2228 661 et
2282 594 2581 661 fratribus
2638 595 2869 662 eisdem
2928 613 3187 680 respon-

353 701 502 768 dere
545 706 921 769 tenerentur.
987 699 1074 766 Et
1117 701 1564 788 subsequenter
1607 703 1917 788 quondam
1964 701 2319 770 Bonifacius
2366 700 2431 766 in
2491 721 2607 768 sua
2662 701 3052 785 obediencia,
3110 700 3187 766 de

353 829 478 892 qua
521 813 732 895 partes
775 807 882 874 ille
926 814 1126 894 erant,
1171 814 1322 876 tunc
1364 809 1537 877 VIIII
1580 817 1976 897 nuncupatus
2022 809 2421 876 considerans
2454 808 2785 876 sollicicius
2816 808 3188 874 donaciones

349 915 506 982 iuris
549 920 914 1002 patronatus
961 936 1035 983 ac
1075 915 1320 984 indulta
1361 917 1718 984 huiusmodi
1763 917 2051 1002 quodque
2094 915 2377 1020 nonu11)li
2424 935 2501 981 ex
2545 915 2844 982 fratribus
2892 915 3187 1000 predictis

349 1028 503 1089 tunc
553 1023 854 1108 quasdam
911 1023 1066 1089 alias
1121 1022 1542 1110 parrochiales
1599 1024 1890 1091 ecclesias
1950 1030 2015 1091 et
2068 1043 2279 1089 earum
2338 1023 2435 1088 ius
2494 1027 2861 1108 patronatus
2916 1041 2992 1087 ex
3047 1019 3188 1086 aliis

347 1129 534 1196 iustis
547 1178 566 1213 ,
613 1135 684 1196 ut
725 1129 1120 1214 credebatur,
1163 1128 1365 1196 titulis
1413 1132 1901 1216 acquisiverant,
1960 1149 2222 1216 quarum
2272 1129 2513 1214 aliquas
2561 1147 2633 1195 ac
2676 1129 2773 1195 ius
2820 1131 3187 1213 patronatus

352 1235 706 1304 huiusmodi
749 1236 1097 1304 habuerant
1139 1242 1204 1304 et
1247 1238 1653 1325 possederant
1695 1237 1953 1324 pacifice
1998 1243 2061 1304 et
2104 1237 2330 1322 quiete,
2376 1236 2575 1302 eciam
2615 1256 2653 1301 a
2680 1240 2855 1301 tanto
2887 1239 3187 1319 tempore,

350 1343 528 1410 cuius
571 1343 870 1410 contrarii
911 1346 1214 1412 memoria
1256 1367 1384 1413 non
1430 1346 1702 1413 extabat.
1769 1345 1872 1412 Ex
1916 1344 2268 1410 huiusmodi
2316 1363 2561 1429 quoque
2589 1341 2865 1410 ecclesiis
2894 1339 3191 1410 nonnulle

352 1449 588 1516 dudum
642 1451 894 1518 fuerant
945 1458 1146 1519 erecte
1195 1453 1262 1518 in
1318 1452 1536 1520 domos
1589 1451 2029 1519 conventuales
2086 1456 2151 1518 et
2204 1457 2320 1537 per
2373 1451 2623 1518 modum
2681 1453 3095 1518 conventuum
3152 1468 3191 1514 a

349 1556 650 1624 fratribus
695 1557 960 1644 predicti
1005 1558 1330 1646 hospitalis
1377 1565 1632 1628 eatenus
1676 1559 2046 1643 gubernate;
2093 1557 2174 1625 ad
2204 1557 2503 1644 quasdam
2532 1577 2679 1624 vero
2710 1578 2789 1624 ex
2818 1557 2995 1644 ipsis,
3042 1556 3188 1622 dum

351 1673 665 1748 vacarent,
711 1664 1066 1732 huiusmodi
1108 1666 1336 1734 fratres
1381 1667 1550 1734 soliti
1594 1670 1774 1733 erant
1817 1667 1974 1752 ipsis
2018 1663 2348 1732 ordinariis
2393 1665 2741 1751 presentari
2784 1671 2849 1732 et
2890 1685 3006 1752 per
3048 1663 3187 1730 illos

350 1771 419 1836 in
463 1777 736 1838 rectores
779 1771 1024 1838 institui
1069 1772 1437 1856 earundem3
1485 1773 1782 1841 nonnulle
1827 1773 2025 1841 eciam
2072 1792 2150 1839 ex
2196 1771 2491 1859 predictis
2536 1777 2602 1838 et
2648 1771 2787 1838 aliis
2830 1770 3190 1857 parrochia-

349 1877 516 1944 libus
559 1878 834 1946 ecclesiis
876 1879 1126 1945 fuerant
1167 1881 1532 1948 successivis
1580 1881 1818 1948 vicibus
1865 1880 2129 1948 diversis
2174 1880 2326 1947 dicti
2370 1879 2701 1965 hospitalis
2746 1877 3031 1944 domibus
3078 1897 3189 1964 per

350 1984 629 2052 locorum
674 1986 1035 2052 diocesanos
1083 2006 1162 2051 ex
1206 1987 1392 2054 certis
1437 1988 1918 2056 racionabilibus
1965 1994 2031 2054 et
2071 1987 2396 2071 legittimis
2443 1986 2645 2052 causis
2691 1984 3061 2052 auctoritate
3090 2004 3191 2049 or-

351 2091 598 2160 dinaria
640 2093 813 2158 unite
858 2096 922 2158 et
961 2091 1375 2179 incorporate,
1424 2115 1684 2180 quarum
1730 2095 1957 2162 fratres
2000 2096 2067 2161 in
2111 2093 2397 2161 domibus
2440 2112 2555 2180 pro
2586 2098 2867 2178 tempore
2897 2091 3189 2174 degentes

351 2198 706 2266 huiusmodi
749 2198 1088 2266 earundem
1133 2201 1432 2268 unionum
1478 2207 1544 2268 et
1584 2202 2154 2288 incorporationum
2202 2202 2417 2284 vigore
2468 2199 2920 2286 possessionem
2980 2197 3191 2284 adepti

349 2305 494 2372 illas
537 2325 649 2393 per
694 2306 1107 2392 quadraginta
1151 2327 1346 2374 annos
1390 2313 1724 2375 tenuerant
1767 2314 1830 2375 et
1873 2307 2315 2396 possederant,
2362 2313 2551 2394 prout
2592 2311 2743 2372 tunc
2784 2305 3084 2373 tenebant
3127 2309 3191 2370 et

351 2413 758 2499 possidebant
810 2412 1070 2500 pacifice
1114 2420 1178 2481 et
1222 2415 1460 2499 quiete,
1516 2435 1630 2502 per
1687 2416 1842 2482 alias
1900 2436 2045 2484 suas
2099 2415 2341 2482 litteras
2402 2413 2695 2480 ecclesias
2748 2411 3060 2499 predictas
3118 2430 3191 2477 ac

353 2539 572 2596 earum
614 2540 854 2588 necnon
899 2521 1207 2588 dictarum
1254 2521 1602 2608 domorum,
1649 2523 1872 2608 quibus
1919 2521 2277 2589 huiusmodi
2319 2520 2581 2588 uniones
2628 2526 2691 2586 et
2732 2518 3189 2606 incorporacio-

352 2647 464 2694 nes
505 2627 668 2694 facte
717 2628 992 2712 fuerant,
1049 2635 1122 2696 ut
1173 2629 1516 2715 prefertur,
1572 2651 1751 2697 veros
1806 2630 2049 2696 valeres
2110 2649 2348 2696 annuos
2404 2626 2741 2694 secundum
2799 2645 3188 2692 communem

353 2735 829 2802 extimacionem
873 2735 1108 2803 habens
1139 2755 1252 2822 pro
1283 2735 1661 2804 sufficienter
1692 2737 2005 2824 expressis
2044 2737 2437 2819 donaciones,
2484 2733 2933 2819 concessiones,
2982 2735 3190 2819 acqui-

352 2841 636 2926 siciones,
685 2843 1054 2926 erectiones,
1101 2841 1360 2910 uniones
1407 2849 1470 2910 et
1522 2844 2063 2931 incorporaciones
2116 2843 2431 2930 predictas
2486 2847 2549 2908 et
2606 2859 2990 2927 quecumque
3044 2840 3192 2906 inde

351 2954 568 3015 secuta
609 2953 750 3016 rata
790 2948 1024 3016 habens
1071 2955 1134 3016 et
1174 2957 1354 3033 grata
1411 2949 1522 3017 illa
1576 2971 1652 3017 ex
1709 2957 1881 3018 certa
1933 2951 2203 3018 sciencia
2258 2948 2649 3016 confirmavit
2702 2954 2767 3015 et
2821 2948 2919 3014 sui
2972 2947 3191 3034 scripti

349 3055 698 3141 patrocinio
742 3056 1150 3123 communivit
1191 3057 1490 3144 supplens
1533 3058 1973 3150 nichilominus
2020 3057 2513 3143 sollempnitates
2558 3055 2821 3120 omissas
2868 3058 2931 3120 et
2973 3073 3187 3119 omnes

351 3162 650 3246 defectus,
701 3162 756 3228 si
801 3164 908 3249 qui
951 3163 1160 3230 forsan
1207 3165 1674 3232 intervenerant
1715 3166 1782 3231 in
1830 3165 2086 3248 eisdem,
2136 3169 2323 3252 prout
2365 3163 2433 3229 in
2478 3160 2774 3248 predictis
2823 3159 3049 3227 litteris
3094 3159 3188 3225 di-

351 3270 514 3337 citur
556 3268 800 3356 plenius
845 3269 1168 3338 contineri.
1239 3271 1394 3338 Cum
1441 3277 1646 3338 autem
1664 3323 1683 3356 ,
1743 3273 1908 3339 sicut
1950 3272 2165 3340 eadem
2212 3271 2440 3357 peticio
2496 3267 2936 3352 subiungebat,
2990 3266 3189 3335 eciam

349 3382 574 3461 postea
615 3374 930 3462 plerisque
979 3377 1130 3444 dicti
1171 3377 1500 3465 hospitalis
1547 3379 1832 3446 domibus
1878 3385 1942 3446 et
1984 3378 2139 3445 locis
2182 3377 2281 3444 ius
2326 3381 2694 3464 patronatus
2750 3373 3189 3442 nonnullarum

351 3482 618 3550 aliarum
663 3483 1062 3552 ecclesiarum
1105 3484 1589 3570 parrochialium
1635 3505 1997 3553 concessum
2044 3491 2231 3570 atque
2276 3484 2575 3550 donatum
2628 3501 2701 3549 ac
2752 3481 2889 3567 ipse
2932 3480 3189 3548 ecclesie

351 3589 616 3658 diversis
661 3589 1132 3658 auctoritatibus
1177 3592 1352 3659 unite
1393 3611 1636 3660 necnon
1679 3613 1924 3660 annexe
1969 3597 2035 3659 et
2076 3594 2473 3677 incorporate
2516 3590 2781 3672 fuerint,
2841 3588 2921 3654 ad
2974 3608 3187 3656 earum

351 3696 632 3764 deductis
677 3697 959 3766 effectum
1005 3697 1295 3785 plurimis
1341 3718 1419 3766 ex
1463 3700 1912 3785 posterioribus
1958 3698 2291 3765 unionibus
2336 3716 2578 3764 necnon
2632 3695 3081 3764 annexionibus
3128 3700 3193 3762 et

351 3803 964 3891 incorporacionibus
1009 3804 1358 3890 antedictis,
1403 3826 1520 3891 pro
1565 3811 1746 3892 parte
1789 3807 2173 3892 prefatorum
2231 3804 2517 3888 magistri
2573 3809 2637 3871 et
2690 3803 2954 3870 fratrum
3010 3801 3190 3869 nobis

349 3911 476 3978 fuit
515 3911 834 3980 humiliter
891 3911 1306 3999 supplicatum
1323 3961 1342 3995 ,
1399 3919 1472 3978 ut
1526 3912 1786 3980 indultis
1839 3932 2078 3980 necnon
2136 3911 2611 3995 donacionibus,
2668 3909 3187 3992 concessionibuS,

353 4018 897 4104 acquisicionibus,
941 4018 1375 4104 erectionibus,
1421 4018 1774 4104 unionibus,
1820 4018 2273 4086 annexionibus
2320 4023 2389 4085 et
2408 4015 3019 4104 incorporacionibus
3048 4035 3190 4102 pre—

355 4125 540 4192 dictis
586 4147 700 4212 pro
747 4146 959 4194 earum
1009 4124 1423 4193 subsistencia
1463 4123 1724 4192 firmiori
1767 4127 1959 4194 robur
2004 4125 2342 4212 apostolice
2386 4123 2880 4192 confirmacionis
2924 4123 3190 4191 adiicere

354 4232 434 4300 de
477 4233 862 4318 benig-nitate
919 4231 1264 4320 apostolica
1307 4232 1724 4316 dignaremur.
1805 4233 1934 4300 Nos
1986 4233 2181 4317 igitur
2225 4253 2439 4300 omnes
2486 4231 2776 4299 ecclesias
2822 4231 3073 4300 easdem
3118 4251 3191 4300 ac

351 4339 636 4426 ipsarum
678 4359 920 4408 necnon
963 4340 1286 4406 domorum
1334 4343 1399 4406 et
1439 4339 1737 4424 locorum,
1784 4340 2009 4426 quibus
2054 4339 2180 4424 ille,
2226 4345 2298 4406 ut
2332 4340 2665 4427 prefertur,
2710 4339 2903 4422 unite,
2951 4359 3190 4407 annexe

355 4451 420 4512 et
461 4447 854 4534 incorporate
898 4447 1150 4530 fuerint,
1196 4444 1551 4512 huiusmodi
1593 4467 1774 4514 veros
1821 4467 2059 4514 annuos
2100 4445 2341 4515 valores
2368 4447 2609 4513 fructus
2640 4465 2884 4532 quoque
2909 4445 3189 4514 redditus

355 4557 420 4620 et
471 4559 810 4640 proventus
867 4555 1056 4622 etiam
1113 4552 1454 4620 secundum
1510 4554 1989 4621 extimacionem
2044 4554 2391 4640 predictam
2451 4553 2750 4621 habentes
2804 4553 3003 4620 literis
3048 4573 3191 4639 pre-

355 4660 635 4728 sentibus
679 4680 792 4748 pro
838 4659 1218 4728 sufficienter
1263 4661 1578 4747 expressis
1591 4709 1610 4744 ,
1669 4660 1916 4728 easdem
1966 4680 2209 4747 quoque
2253 4665 2573 4747 presentes
2616 4660 2859 4728 litteras
2902 4680 3029 4726 non
3072 4660 3191 4726 mi-

353 4788 496 4852 nus,
544 4788 730 4853 quam
777 4768 834 4834 si
876 4768 943 4833 in
986 4767 1146 4854 ipsis
1189 4767 1432 4836 valeres
1477 4787 1717 4837 necnon
1759 4768 2017 4852 fructus,
2062 4769 2341 4836 redditus
2387 4773 2453 4835 et
2477 4771 2817 4854 proventus
2850 4767 3189 4836 secundum

355 4875 591 4942 dictam
635 4874 1111 4942 extimacionem
1159 4877 1682 4963 exprimerentur,
1726 4875 1915 4942 iidem
1963 4873 2203 4942 validas
2248 4879 2311 4942 et
2354 4874 2633 4944 efficaces
2678 4874 2918 4943 censeri
2962 4880 3026 4943 et
3054 4874 3191 4941 ubi-

353 4981 514 5050 libet
551 4981 834 5070 reputari
877 4981 1102 5052 debere
1145 5002 1261 5052 nec
1302 4987 1638 5072 propterea
1681 4983 2071 5069 aliquatenus
2116 4982 2474 5070 impugnari
2515 5001 2731 5071 posse,
2777 4983 2887 5051 sed
2930 4982 3190 5051 nichilo-
