3892 5609
1717 42 1730 73 1

683 274 834 345 360
1594 262 1598 266 ’
1659 264 2085 329 remmom
2129 278 2573 329 somonam

677 443 798 495 toris
833 441 1106 508 Pragensis
1142 442 1489 509 episcopatus,
1527 439 1577 491 d.
1603 439 1652 491 d.
1690 438 1963 505 Pragensis
1992 438 2126 491 1325
2164 438 2198 490 8
2222 438 2291 490 id.
2317 438 2460 500 maii,
2496 439 2577 489 cui
2612 455 2743 491 nunc
2778 438 2995 505 sigillum
3030 438 3205 498 deest,
3250 437 3304 487 in
3340 436 3529 489 archivo

677 532 1062 599 Regimontano.
1101 560 1163 569 --
1217 530 1340 581 Cum
1377 530 1520 580 dato:
1567 546 1649 594 ap.
1675 536 1893 579 castrum
1927 527 2085 579 Stelle
2127 522 2194 579 14
2226 526 2329 579 kal.
2354 529 2529 579 novbr.
2566 546 2617 595 p.
2640 546 2693 579 n.
2718 548 2763 579 a.
2790 528 2840 579 2.
2878 529 2958 579 ed.
2980 528 3241 593 Liljegren
3276 524 3527 593 Diploma-

678 621 859 672 tarium
894 619 1176 670 Suecanum
1211 618 1252 681 1,
1277 618 1382 669 306
1417 634 1467 669 n.
1497 616 1601 669 319
1643 634 1720 681 „a.
1747 633 1791 668 c.
1816 616 2004 678 Selle“;
2041 616 2105 668 R.
2134 618 2235 668 130
2270 618 2400 667 inter
2434 616 2835 683 Marburgensia.
2862 646 2927 656 -
2964 618 3089 668 Cum
3124 616 3273 667 dato:
3308 615 3533 681 Lugduni

681 710 746 761 16
779 708 884 761 kal.
905 709 1032 759 febr.
1071 726 1118 759 a.
1143 706 1178 757 2
1208 706 1472 772 „Colonie“
1512 704 1576 757 A.
1605 703 1670 756 16
1705 723 1756 771 p.
1783 704 1850 756 77
1875 722 1951 771 sq.
1980 735 2042 744 —
2083 706 2206 756 Cum
2240 706 2386 757 dato:
2427 706 2663 772 Lugduni
2692 706 2755 757 15
2779 706 2885 757 kal.
2908 706 3034 757 febr.
3071 724 3122 771 p.
3149 723 3200 756 ιι.
3226 723 3272 756 a.
3298 704 3351 755 2.
3384 704 3532 769 origi·

678 799 795 850 nale
833 814 945 848 cum
979 796 1115 863 bulla
1151 796 1202 847 in
1237 796 1337 846 filis
1373 812 1601 861 appensa
1622 795 1675 844 in
1698 794 1898 845 archivo
1924 794 2110 845 ordinis
2136 793 2431 846 Theutonici
2448 794 2843 847 Vindobonensi.
2872 824 2933 833 —-
2972 794 3097 845 Cum
3124 794 3269 847 date:
3309 792 3539 859 Lugduni

679 886 743 941 ll
778 884 882 937 kal.
907 884 1014 936 iulii
1045 903 1097 951 p.
1123 902 1173 937 n.
1200 902 1246 936 a.
1273 884 1323 936 2.
1359 882 1620 950 originale,
1657 883 1720 934 de
1755 901 1856 950 quo
1891 884 2143 950 quondam
2178 883 2276 935 {ilis
2311 884 2513 935 sericeis
2550 901 2780 950 appensa
2813 882 2987 935 avulsa
3021 900 3155 934 nunc
3180 882 3343 943 deest,
3380 899 3535 947 qnon-

679 976 796 1027 dam
829 973 1202 1040 Mergenthemi
1245 973 1392 1025 modo
1440 973 1492 1023 in
1529 972 1906 1023 vindobonensi
1950 972 2137 1024 ordinis
2182 972 2478 1024 Theutonici
2522 973 2723 1025 archivo
2768 982 3068 1023 asservatur.
3110 1002 3172 1009 —
3222 972 3346 1022 (hun
3394 970 3535 1021 dato:

676 1064 913 1130 Lugduni
947 1062 980 1113 9
1015 1062 1118 1115 kal.
1153 1062 1259 1113 iulii
1294 1079 1345 1129 p.
1369 1080 1420 1113 n.
1457 1080 1506 1113 a.
1531 1060 1580 1114 2.
1623 1060 1864 1127 originale
1909 1076 2022 1112 cum
2057 1060 2194 1113 bulla
2240 1061 2293 1111 in
2337 1061 2437 1112 filis
2472 1061 2673 1112 sericeis
2710 1060 2871 1113 rubris
2908 1070 2963 1112 et
2994 1060 3143 1113 luteis
3178 1077 3411 1126 appensa
3444 1060 3539 1109 iam

679 1152 866 1204 dudum
903 1152 1078 1204 domus
1101 1151 1505 1203 Vindobonensis
1517 1188 1533 1212 ,
1568 1150 1622 1201 in
1659 1149 1860 1201 archivo
1894 1150 2083 1201 ordinis
2119 1149 2412 1202 Thentonici
2446 1149 2869 1202 Vindobonensis.
2936 1149 3067 1200 Gitat
3100 1148 3331 1199 Duellius
3366 1148 3445 1208 11,
3476 1148 3539 1197 12

679 1248 782 1293 not.
845 1242 922 1291 Ex
958 1240 1190 1307 originali
1225 1240 1468 1291 Gracensi
1504 1238 1626 1301 VII,
1662 1238 1766 1289 367
1779 1256 1824 1289 v.
1866 1268 1928 1276 -
1979 1238 2101 1289 Oum
2137 1239 2281 1291 dato:
2330 1238 2567 1304 Lugduni
2599 1256 2716 1291 non.
2742 1248 2871 1305 sept.
2906 1257 2959 1305 p.
2984 1256 3034 1289 n.
3072 1256 3120 1289 a.
3145 1238 3195 1289 3.
3252 1237 3347 1299 lv,
3380 1236 3539 1287 203v.

678 1330 787 1382 Ioh.
821 1329 906 1383 35.
985 1329 1266 1381 Ediderunt
1313 1327 1578 1380 Caorsinus
1631 1326 1716 1380 fol.
1755 1328 1810 1379 C.
1842 1327 1936 1379 av.
2008 1326 2203 1379 Senner
2254 1326 2341 1379 fol.
2375 1328 2436 1379 E.
2472 1328 2523 1378 4.
2563 1357 2626 1367 —
2684 1328 2808 1379 Cum
2858 1327 3005 1379 dato:
3058 1326 3295 1392 Lugduni
3348 1326 3383 1377 5
3428 1325 3539 1376 idus

679 1417 850 1470 marcii
895 1436 948 1485 p.
980 1436 1033 1470 n.
1069 1436 1116 1469 a.
1139 1418 1192 1469 4.
1237 1416 1300 1469 A.
1333 1416 1400 1468 16
1435 1434 1486 1483 Ρ.
1517 1415 1616 1468 106
1657 1416 1955 1481 „Traiecti“.
1992 1446 2057 1455 —
2108 1418 2231 1468 Cum
2274 1416 2418 1468 dato:
2466 1416 2703 1482 Lugduni
2748 1417 2781 1468 5
2820 1417 2889 1468 id.
2920 1418 3039 1468 maii
3084 1434 3135 1482 p.
3170 1434 3221 1467 ιι.
3258 1433 3305 1467 a.
3342 1415 3395 1466 3.
3440 1416 3537 1467 ori-

680 1507 851 1575 ginale
895 1524 1009 1559 cum
1051 1505 1192 1558 bulla
1233 1506 1288 1557 in
1333 1505 1536 1557 archivo
1569 1504 1956 1571 Regimontano.
2026 1506 2086 1557 In
2128 1504 2422 1572 apographo
2455 1506 2745 1556 transsumti
2780 1506 2843 1557 R..
2868 1505 2955 1559 28.
3024 1504 3339 1571 Ellingensia
3374 1522 3426 1555 n.
3446 1502 3513 1554 12
3526 1522 3541 1552 :

681 1595 928 1647 Noverint
962 1595 1180 1647 universi
1215 1612 1424 1662 presens
1461 1592 1714 1661 publicum
1748 1593 2131 1645 instrumentum
2152 1594 2443 1661 inspecturi,
2480 1596 2614 1661 quod
2643 1612 2735 1646 nos
2758 1594 2916 1645 frater
2938 1594 3255 1646 Bonacursus
3280 1592 3347 1643 de
3372 1592 3541 1644 ordine

683 1684 1050 1751 predicatorum
1087 1684 1170 1734 dei
1205 1683 1374 1749 gracia
1397 1682 1635 1749 'tyrensis
1672 1681 2075 1749 archiepiscopus
2112 1692 2165 1735 et
2192 1682 2403 1735 vicarius
2438 1683 2807 1749 patriarchatus
2830 1683 3213 1735 Ierosolimitani
3246 1698 3311 1733 ac
3344 1682 3539 1747 episco-

683 1780 830 1839 patus
865 1773 1173 1825 Acconensis
1217 1782 1272 1823 et
1315 1790 1407 1823 nos
1442 1770 1680 1823 Mathens
1724 1770 1902 1823 eadem
1947 1772 2119 1838 gracia
2156 1771 2460 1823 Cesariensis
2508 1772 2911 1839 archiepiscopus
2959 1782 3011 1823 et
3054 1790 3149 1823 nos
3196 1770 3355 1823 frater
3390 1770 3539 1821 Geir·

683 1861 870 1913 hardus
895 1862 952 1927 (1)
991 1861 1178 1912 ordinis
1215 1861 1581 1927 predicatorum
1616 1868 1669 1911 et
1703 1860 1881 1911 eadem
1916 1860 2089 1926 gracia
2112 1860 2538 1912 Bethleemitanus
2575 1861 2841 1927 episcopus
2878 1860 3107 1921 vidimus,
3142 1859 3359 1927 legimus
3394 1870 3447 1909 et
3478 1858 3543 1909 de

681 1951 835 2001 verbo
869 1950 938 2001 ad
973 1950 1179 2001 verbum
1215 1949 1481 2017 diligenter
1513 1949 1820 2016 inspeximus
1857 1949 2099 2015 quasdam
2133 1948 2304 2001 literas
2340 1948 2529 2001 domini
2562 1948 2847 2001 Innocencii
2882 1965 3015 2014 pape
3050 1948 3153 1999 1111
3187 1967 3339 1999 sanas
3376 1956 3429 1999 et
3461 1947 3541 1998 in·

683 2046 872 2104 tegras,
917 2054 1020 2089 non
1056 2038 1296 2101 abolitas,
1343 2056 1444 2091 non
1486 2036 1816 2100 cancellatas,
1851 2054 1953 2089 non
1990 2054 2130 2088 rasas
2164 2053 2259 2088 nec
2294 2037 2345 2087 in
2382 2038 2550 2104 aliqua
2584 2039 2662 2089 sui
2696 2046 2841 2104 parte
2878 2036 3082 2088 viciatas
3096 2074 3111 2098 ,
3158 2055 3368 2103 quarum
3400 2048 3545 2088 tenor

683 2143 776 2193 per
822 2126 988 2178 omnia
1029 2126 1145 2178 talis
1194 2136 1274 2179 est
1321 2127 1437 2194 (qui
1481 2126 1749 2193 sequitur).
1815 2126 1951 2188 Quas
1998 2126 2198 2192 quidem
2243 2126 2437 2178 litteras
2482 2126 2773 2178 transscribi
2817 2135 2871 2177 et
2916 2125 3159 2193 publicari
3198 2126 3409 2177 fecimus
3454 2143 3543 2191 pm·

683 2215 958 2267 Iohannem
1003 2214 1234 2267 clericum
1269 2214 1616 2267 Acconensem
1659 2215 1906 2267 notarium
1954 2214 2205 2281 publicum
2255 2216 2323 2267 ad
2365 2215 2661 2267 instanciam
2696 2224 2749 2266 et
2782 2231 2960 2281 preces
2996 2214 3217 2280 religiosi
3251 2214 3346 2264 riri
3378 2213 3545 2265 fratris

683 2303 961 2355 Her-manni
994 2304 1224 2369 magistri
1257 2303 1519 2370 hospitalis
1555 2312 1728 2356 sancte
1751 2303 1910 2355 Maris
1935 2304 2356 2355 Theutouicorum
2376 2303 2775 2355 Ierosolimitani.
2828 2304 2889 2355 In
2925 2304 3063 2355 cuius
3097 2305 3173 2354 rei
3206 2302 3543 2353 testimonium

684 2392 908 2460 presenti
939 2390 1271 2444 instrumento
1307 2392 1472 2459 sigilla
1505 2402 1678 2445 nostra
1714 2392 1942 2444 duximus
1977 2394 2296 2459 apponenda.
2345 2393 2586 2460 (Signum
2619 2393 2836 2459 notarii.)
2900 2393 3011 2459 Ego
3044 2392 3300 2444 Iohannes
3336 2391 3541 2443 clericus

684 2481 992 2535 Acconensis
1005 2519 1020 2543 ,
1068 2481 1272 2533 assisius
1318 2481 1530 2534 ecclesie
1575 2489 1748 2533 sancte
1787 2482 1945 2533 crucis
1984 2482 2317 2544 Aeconensis,
2362 2488 2679 2533 sacrosancte
2716 2481 2945 2533 Romane
2988 2480 3201 2532 00010010
3244 2482 3541 2533 auctoritate

685 2570 909 2623 notarius
944 2569 1189 2636 publicus,
1226 2570 1476 2637 predictas
1511 2570 1683 2622 literas
1709 2570 1811 2623 vidi
1845 2580 1898 2622 et
1934 2570 2200 2637 diligenter
2233 2570 2433 2637 inspexi
2469 2579 2521 2621 et
2556 2587 2643 2621 eas
2680 2570 2745 2621 de
2780 2569 3017 2621 mandato
3044 2570 3355 2636 prefatorum
3380 2570 3539 2623 domi-

687 2677 865 2713 norum
900 2658 1137 2725 Tyrensis
1182 2666 1236 2710 et
1273 2658 1577 2711 cesariensis
1621 2659 2111 2726 archiepiscoporum
2152 2668 2205 2711 et
2238 2659 2427 2712 domini
2462 2658 2685 2726 episcopi
2719 2658 3106 2711 Bethleemitani
3138 2660 3461 2726 transscripsi
3494 2670 3547 2711 ct

689 2749 743 2799 in
777 2748 911 2800 hanc
945 2746 1194 2814 publicam
1227 2746 1438 2799 formam
1472 2747 1648 2813 redegi
1680 2747 1834 2799 nichil
1869 2748 2043 2800 addito
2078 2748 2160 2799 vel
2192 2756 2384 2801 mutato
2399 2786 2414 2811 ,
2463 2748 2597 2815 quod
2632 2747 2941 2799 sentenciam
2974 2756 3149 2801 mutet.
3218 2750 3369 2811 Quod
3401 2766 3543 2801 man·

693 2838 864 2889 datum
908 2837 1136 2888 fecerunt
1174 2835 1296 2886 mihi
1331 2835 1558 2887 dominus
1595 2836 1999 2904 archiepiscopus
2036 2838 2273 2904 Tyrensis
2309 2847 2363 2889 et
2398 2838 2625 2889 dominus
2660 2836 2924 2903 episcopus
2962 2836 3391 2889 Bethleemitanus
3425 2855 3541 2905 pre-

691 2926 814 2979 dicti
847 2926 898 2976 in
935 2926 1082 2977 domo
1117 2924 1395 2992 episcopali
1417 2925 1698 2977 Acconensi
1733 2943 1864 2978 anno
1891 2926 2077 2977 domini
2105 2926 2239 2979 1277
2275 2926 2547 2979 indictione
2572 2925 2605 2977 6
2643 2926 2723 2977 die
2754 2926 2817 2976 19
2852 2926 3038 2977 mensis
3062 2927 3297 2987 octobris,
3334 2943 3541 2993 presen-

691 3016 824 3067 tibus
869 3014 1096 3066 discretis
1131 3014 1248 3065 viris
1293 3013 1492 3065 domino
1527 3013 1752 3081 Nycolao
1790 3015 2183 3081 archidyacono,
2230 3016 2429 3068 domino
2462 3013 2715 3067 Michaele
2748 3014 3061 3067 thesaurario
3097 3016 3407 3078 Acconensi,
3450 3015 3542 3067 do—

690 3104 825 3156 mino
847 3102 1001 3156 Petro
1037 3103 1348 3155 thesaurario
1386 3102 1682 3165 Cesariensi,
1715 3103 1872 3155 fratre
1897 3104 2121 3157 Iohanne
2144 3106 2475 3172 predicatore,
2513 3105 2713 3157 domino
2732 3104 3016 3171 Augustino
3040 3104 3281 3158 canonico
3304 3104 3541 3157 Bethlee-

690 3193 895 3257 mitano,
931 3192 1142 3245 testibus
1177 3193 1246 3244 ad
1278 3193 1375 3245 hoc
1407 3192 1693 3259 specialiter
1727 3194 1916 3246 vocatis
1954 3203 2006 3245 et
2039 3194 2281 3261 rogatis“.

696 3398 876 3469 479.
915 3400 1095 3467 1244
1135 3402 1297 3466 maii
1321 3402 1368 3466 3
1410 3400 1722 3468 Laterani
1763 3400 1877 3487 (of.
1913 3401 2095 3467 1247
2138 3402 2358 3467 martii
2385 3401 2525 3485 11).
2596 3402 2997 3469 Innocentius
3028 3401 3077 3467 I
3078 3400 3135 3467 V
3158 3406 3382 3489 repetit
3406 3401 3543 3467 Ho-

916 3508 1092 3573 norii
1124 3506 1249 3573 III
1281 3532 1344 3572 n.
1376 3506 1512 3574 317
1560 3510 1638 3574 de
1681 3508 1852 3575 1221
1901 3510 2191 3574 ianuarii
2231 3509 2337 3575 16.

913 3630 1310 3698 Innocentius
1355 3636 1472 3699 etc.
1693 3630 2073 3717 Evangelice
2118 3630 2398 3700 doctrine
2430 3668 2511 3679 -
2544 3630 2915 3701 declaratur.
2984 3632 3217 3700 Datum
3250 3630 3549 3701 Laterani

696 3758 895 3806 nonas
942 3738 1096 3805 maii
1137 3738 1538 3825 pontificatus
1583 3740 1782 3807 nostri
1825 3759 1992 3806 anno
2037 3740 2261 3827 primo.

909 3862 1032 3913 Cum
1078 3861 1222 3912 dato:
1274 3861 1510 3914 Laterani
1555 3864 1588 3913 5
1626 3880 1785 3915 nonas
1819 3862 1938 3914 maii
1984 3880 2036 3929 Ρ.
2060 3880 2111 3915 ιι.
2146 3881 2193 3914 a.
2222 3863 2246 3914 1
2294 3863 2473 3914 citatur
2519 3864 2582 3915 R.
2608 3863 2677 3915 97
2721 3864 2852 3915 inter
2888 3863 3111 3915 Alsatica
3156 3880 3206 3915 n.
3234 3864 3269 3913 8
3315 3873 3550 3929 tanquam

661 3994 674 4007 .
697 3953 962 4005 concinens
998 3950 1381 4016 Ratisponensi3
1428 3950 1493 4002 R.
1517 3950 1585 4003 77
1633 3952 1701 4002 ad
1743 3952 1930 4003 calcem
1978 3969 2028 4003 ιι.
2055 3952 2118 4002 31
2170 3952 2449 4003 Honoriani
2494 3953 2741 4019 privilegii
2789 3953 2968 4003 citatur
3016 3952 3174 4004 simile
3224 3952 3366 4019 (sine
3401 3952 3547 4017 dato)

697 4040 976 4093 Innocentii
1007 4048 1248 4105 tanquam
1267 4038 1582 4107 Ratisponae
1605 4049 1826 4093 exstans.
1853 4070 1916 4079 —-
1958 4042 2079 4092 Cum
2104 4040 2247 4092 dato:
2284 4041 2522 4107 Lugduni
2554 4044 2587 4093 5
2612 4042 2681 4094 id.
2706 4042 2870 4093 martii
2904 4059 2955 4107 p.
2980 4060 3031 4093 n.
3056 4060 3102 4092 a.
3127 4042 3177 4093 4.
3231 4042 3295 4093 R.
3322 4042 3394 4092 54
3422 4042 3551 4091 inter

696 4128 1086 4197 Ratisponensia
1109 4129 1162 4190 3,
1191 4128 1291 4180 duo
1314 4136 1618 4181 transsumta
1639 4130 1926 4181 iubentibus
1950 4130 2106 4181 fratre
2128 4130 2417 4182 Bouacurso
2442 4130 2507 4181 de
2530 4131 2704 4182 ordine
2727 4132 3125 4196 praedicatorum
3148 4130 3364 4197 Tyr-ensi
3387 4131 3546 4182 archi-

699 4220 938 4287 episcopo
981 4228 1035 4269 et
1078 4216 1232 4269 fratre
1269 4216 1509 4270 Gailardo
1544 4218 1770 4271 eiusdem
1812 4219 1999 4271 ordinis
2034 4218 2468 4271 Bethlehemitano
2504 4220 2740 4286 episcopo
2775 4238 2868 4285 per
2900 4220 3175 4271 Iohannem
3210 4222 3549 4272 Acconensem

698 4309 948 4361 notarium
973 4306 1250 4359 confectum
1274 4307 1476 4358 Accone
1505 4307 1638 4359 1277
1674 4316 1770 4360 oct.
1795 4308 1876 4370 19,
1911 4308 1965 4358 in
1990 4307 2190 4359 archivo
2214 4306 2582 4373 Regimontano
2609 4309 2692 4375 (cf.
2712 4308 2998 4376 Napiersky
3024 4310 3183 4361 Index
3206 4310 3247 4372 1,
3266 4309 3331 4359 21
3373 4328 3421 4361 ιι.
3444 4309 3547 4375 78).

697 4398 757 4449 Ιιι
792 4405 1004 4461 utroque
1050 4404 1244 4446 tantum
1290 4396 1512 4463 episcopi
1558 4395 1774 4463 sigillum
1809 4413 1942 4448 nunc
1978 4404 2157 4448 exstat.
2222 4396 2583 4463 Apographum
2622 4397 2910 4449 transsumti
2944 4397 2995 4448 in
3031 4398 3094 4449 R.
3119 4398 3189 4448 37
3224 4399 3355 4449 inter
3391 4396 3546 4449 Ellin-
3574 4464 3583 4469 =

699 4484 876 4553 gensis
909 4504 961 4537 n.
986 4484 1071 4536 21.
1125 4484 1299 4536 Edidit
1333 4484 1502 4552 Lunig
1536 4486 1810 4537 Teutsches
1845 4484 2200 4537 Reichsarchiv
2238 4484 2379 4547 XVI,
2406 4484 2473 4535 82
2509 4503 2559 4537 ιι.
2585 4486 2672 4538 81.

702 4692 881 4765 480.
922 4694 1098 4760 1244
1128 4694 1288 4759 maii
1307 4694 1395 4759 15
1435 4692 1760 4759 Laterani.
1823 4694 2221 4760 Innocentius
2246 4694 2293 4759 I
2296 4694 2359 4761 V
2377 4696 2598 4780 repetit
2625 4718 2687 4759 n.
2712 4694 2853 4759 474
2882 4694 2959 4758 de
2989 4694 3164 4759 1244.
3195 4692 3423 4779 aprilis
3442 4692 3547 4757 20.

923 4834 1320 4901 Innocentius
1366 4840 1482 4903 etc.
1705 4834 1863 4903 Cum
1905 4835 2119 4903 dilecti
2149 4840 2263 4903 etc.
2334 4834 2571 4903 Datum
2599 4834 2897 4902 Laterani
2924 4834 3065 4902 idus
3097 4835 3318 4901 marcii
3348 4820 3554 4922 ponti·

699 4942 922 5017 ficatus
965 4942 1169 5015 nostri
1213 4962 1376 5012 anno
1419 4943 1645 5035 primo.
