3892 5609
1091 370 1360 447 'murina
1405 400 1690 450 ennom.
1757 400 2090 449 amma.
2162 397 2429 448 errans
3120 382 3217 457 33

345 559 680 627 Rainerius
709 559 790 626 de
819 557 1056 643 Cassia,
1106 560 1412 627 Iohannes
1441 558 1803 643 Lermines3
1853 558 2211 647 Stephanus
2242 558 2546 643 Turquie;
2595 555 2966 625 Guillelmus
2995 554 3219 623 Britto.

346 667 578 733 Actum
628 685 792 733 anno
835 666 1287 733 incarnationis
1333 668 1646 735 dominice
1687 675 1778 735 m⁰
1802 673 1896 734 cc·
1917 669 2007 733 vi⁰
2052 686 2269 734 mense
2309 664 2647 733 februario.

561 808 603 871 1,
641 808 710 859 28
723 826 770 859 v.
806 826 856 859 n.
878 808 964 859 62.
1147 808 1192 860 1.
1231 809 1263 859 i.
1289 825 1335 859 e.
1360 810 1514 861 iuxta.
1693 809 1744 861 2.
1781 809 1949 875 οεεῖᾔι
1988 808 2031 860 Β
2068 826 2137 861 sc.
2166 810 2463 861 Caesareae.
2641 806 2691 857 8.
2730 806 2795 858 cf.
2819 806 3047 857 Iulianae
3084 806 3221 857 eius-

349 898 466 949 dem
503 898 724 973 diploma
761 898 826 949 de
855 896 988 949 1207
1015 898 1142 950 febr.
1169 916 1252 964 ap.
1276 898 1424 949 Pauli
1453 898 1494 961 1,
1519 898 1605 949 95.
1643 898 1751 950 XC.
1806 898 2059 950 Desidere
2092 899 2236 949 firme
2271 914 2374 949 non
2410 897 2569 947 ausim
2584 934 2598 959 ‚
2637 912 2806 947 nonne
2841 904 3105 961 utrumque
3142 894 3222 945 di·

349 987 518 1053 ploma
551 988 817 1055 posteriori
853 1005 1004 1049 anno,
1041 1004 1189 1054 quam
1225 1004 1373 1052 quem
1409 1005 1534 1053 prae
1569 1004 1626 1039 se
1660 988 1776 1071 fert,
1819 988 1886 1039 sit
1923 986 2373 1039 adnumerandum.

353 1380 705 1450 41.1206
749 1384 911 1447 maii
943 1384 980 1447 1
1030 1383 1266 1447 Accon.
1339 1382 1654 1448 Iohannes
1700 1383 1778 1446 de
1819 1380 2101 1461 Ybelino,
2152 1382 2445 1445 dominus
2488 1380 2701 1445 Ber-iti
2742 1392 2801 1444 et
2841 1382 3027 1465 reqm'
3066 1379 3226 1447 Hie-

528 1488 971 1575 rosolymitani
1012 1490 1281 1570 baiulus,
1333 1488 1658 1572 confimat
1702 1490 1922 1554 domui
1964 1486 2295 1573 hospitalis
2326 1487 2837 1602 Alamannorum
2876 1487 3235 1553 Axonam·

530 1623 572 1663 a
618 1598 900 1663 Iohanne
952 1596 1144 1663 Torto
1193 1609 1418 1661 emtam
1462 1598 1716 1663 domum
1760 1594 2014 1661 Accone
2058 1598 2264 1663 sitam.

573 1739 646 1807 In
689 1739 945 1807 nomine
990 1738 1191 1826 patris
1238 1744 1302 1805 et
1343 1738 1460 1804 filii
1505 1745 1569 1806 et
1604 1738 1864 1825 spiritus
1901 1737 2125 1803 sancti.
2183 1736 2411 1803 Amen.
2483 1735 2717 1803 Notum
2764 1736 2927 1803 facio
2972 1754 3231 1822 presen-

271 1868 286 1879 ’
351 1847 521 1915 tibus
569 1852 632 1914 et
674 1847 902 1913 futuris
951 1867 1064 1930 ego
1110 1846 1418 1913 Iohannes
1467 1846 1545 1913 de
1589 1844 1886 1930 Ybelino,
1936 1845 2228 1912 dominus
2272 1844 2472 1911 Beriti
2520 1848 2583 1912 et
2626 1843 2805 1927 regni
2851 1842 3231 1910 lerosolimi-

351 1956 488 2022 tani
543 1955 820 2039 baiuluS,
881 1955 1045 2039 quod
1090 1954 1398 2021 Iohannes
1444 1954 1672 2020 Tortus
1730 1953 1800 2019 in
1854 1954 2251 2040 presenciam
2295 1972 2505 2019 meam
2561 1957 2624 2019 et
2666 1949 2944 2035 regalem
2989 1950 3229 2017 curiam

353 2064 611 2130 veniens
659 2084 697 2128 a
739 2082 843 2129 me
887 2067 952 2129 et
998 2062 1076 2127 ab
1121 2060 1480 2128 hominibus
1527 2060 1782 2127 domine
1826 2060 2058 2143 Marie,
2117 2060 2299 2144 regni
2342 2058 2729 2126 honorabilis
2775 2054 3060 2143 domine,
3084 2078 3232 2146 xpo-

354 2172 560 2259 poscit
587 2170 918 2237 licenciam
947 2170 1260 2236 vendendi
1289 2168 1544 2235 domum
1577 2188 1756 2234 suam
1787 2168 2007 2234 Accon
2049 2188 2167 2254 pro
2197 2167 2427 2235 debitis
2474 2168 2607 2233 suis
2652 2165 2991 2250 solvendis,
3040 2184 3231 2251 super

355 2299 476 2365 quo
522 2278 738 2346 habito
785 2277 1046 2345 consilio
1093 2298 1236 2345 cum
1279 2274 1640 2343 hominibus
1681 2275 1934 2342 domine
1978 2294 2119 2342 mee
2160 2274 2446 2362 predicte
2479 2273 2900 2341 venditionem
2946 2270 3231 2359 predicte

355 2388 577 2453 domus
635 2406 850 2453 eorum
897 2385 1158 2453 consilio
1215 2388 1366 2449 tunc
1421 2402 1549 2449 non
1595 2382 1908 2463 concessi3
1964 2388 2477 2469 verumptamen,
2535 2401 2681 2448 cum
2732 2381 2876 2469 ipse
2921 2379 3230 2448 Iohannes

357 2495 586 2561 Tortus
627 2494 925 2577 vidisset,
983 2492 1150 2579 quod
1193 2512 1321 2558 non
1365 2492 1676 2578 potuisset
1721 2489 1951 2556 habere
1996 2489 2319 2557 licentiam
2362 2488 2677 2556 vendendi
2722 2488 2979 2555 domum
3026 2508 3229 2571 suam,

355 2602 538 2686 dixit,
588 2601 752 2687 quod
798 2604 953 2667 eum*
986 2599 1320 2687 oportebat
1363 2598 1634 2665 vendere
1676 2597 1930 2665 feodum
1978 2618 2162 2663 suum
2208 2596 2311 2663 vel
2354 2597 2611 2663 domum
2657 2618 2775 2683 pro
2822 2594 3051 2663 debitis
3096 2596 3229 2662 suis

357 2709 692 2793 solvendis,
741 2728 930 2794 super
976 2728 1098 2793 quo
1143 2707 1336 2775 habui
1383 2705 1717 2773 consilium
1761 2704 1840 2771 ab
1882 2704 2243 2772 homiuibus
2288 2704 2728 2791 prenominata
2772 2703 3025 2770 domine
3066 2722 3228 2788 mee,

357 2818 484 2902 qui,
532 2835 675 2882 cum
708 2816 1034 2901 vidissent,
1081 2815 1249 2900 quod
1283 2813 1614 2902 oportebat
1657 2812 2013 2899 predictum
2046 2810 2389 2879 Iohannem
2421 2811 2684 2878 Tortum
2730 2832 2809 2878 ex
2853 2812 3231 2878 necessitate

356 2924 626 2991 vendere
668 2924 926 2991 feudum
971 2944 1152 2989 suum
1184 2923 1286 2989 vel
1321 2922 1576 2988 domum
1619 2940 1736 3007 pro
1771 2919 2001 2987 debitis
2046 2920 2176 2986 suis
2224 2919 2561 3004 solvendis,
2608 2918 2765 2985 mihi
2810 2919 3119 2987 dederunt
3160 2918 3231 2985 in

357 3031 686 3099 consilium
703 3081 722 3116 ,
781 3036 854 3097 ut
899 3031 954 3098 ei
1002 3031 1218 3097 darem
1263 3028 1590 3097 licenciam
1637 3026 1949 3094 vendendi
1995 3026 2251 3094 domum
2298 3047 2476 3093 suam
2526 3026 2605 3093 ob
2650 3026 2907 3093 feudum
2951 3027 3231 3095 retinen-

357 3140 524 3207 dum.
607 3138 788 3207 Unde
833 3140 971 3226 ipse
1017 3138 1323 3206 Iohannes
1370 3137 1601 3203 Tortus
1645 3134 2045 3202 concessione
2090 3134 2372 3223 predicte
2418 3135 2671 3202 domine
2712 3155 2855 3202 mee
2900 3140 2964 3202 et
3009 3132 3231 3201 volun-

353 3254 486 3315 tate
532 3267 674 3314 mea
718 3244 810 3314 et¹
860 3266 1122 3313 assensu
1166 3266 1284 3332 pro
1315 3244 1542 3312 debitis
1573 3242 1703 3311 suis
1735 3242 2053 3309 solvendis
2100 3248 2162 3309 et
2201 3242 2389 3310 feudo
2435 3242 2556 3310 sibi
2600 3242 2929 3310 retinendo
2972 3241 3042 3308 in
3084 3262 3231 3329 pre-

355 3355 568 3423 sencia
621 3374 766 3421 mea
824 3360 887 3421 et
941 3353 1142 3437 regali
1199 3352 1375 3420 curia
1419 3350 1818 3419 concessione
1863 3348 2063 3417 Maris
2108 3350 2327 3418 uxoris
2372 3370 2483 3417 sue
2536 3354 2600 3416 et
2641 3349 2948 3416 Beatricis
2996 3350 3229 3415 sororis

355 3483 467 3529 sue
497 3467 562 3529 e't
583 3460 885 3529 Willelmi
915 3460 994 3527 de
1021 3459 1342 3544 Monliart„
1390 3459 1524 3527 eius
1557 3459 1793 3543 mariti,
1839 3457 2127 3524 vendidit
2155 3458 2368 3526 domui
2400 3455 2701 3544 hospitali
2730 3456 3229 3524 Alamannorum

353 3570 572 3636 Accon
617 3574 680 3636 et
723 3569 1026 3636 fratribus
1074 3568 1352 3635 eiusdem
1397 3564 1728 3653 hospitalis
1773 3564 2281 3653 prenominatam
2312 3564 2567 3631 domum
2614 3584 2795 3632 suam
2839 3584 2979 3631 cum
3030 3552 3251 3630 omni-l

355 3676 472 3743 bus
515 3676 927 3764 pertinenciis
973 3676 1103 3742 suis
1148 3696 1265 3763 pro
1311 3675 1553 3741 duobus
1597 3674 1854 3745 milibus
1903 3679 1967 3741 et
2006 3672 2421 3759 septingentis
2452 3673 2742 3741 bisantiis
2789 3670 3227 3739 sarracenatis.

355 3784 488 3863 Que
531 3783 826 3851 videlicet
880 3784 1119 3853 domus.
1166 3783 1242 3849 ab
1302 3782 1544 3849 oriente
1602 3782 1860 3849 adheret
1915 3780 2205 3848 domibus
2250 3780 2482 3848 Montis
2530 3780 2782 3847 Thabor
2827 3784 2891 3846 et
2937 3776 3229 3845 domibus

353 3890 602 3958 Beloais
649 3897 711 3958 et
740 3892 842 3958 vie
885 3889 1058 3974 regie
1105 3894 1168 3957 et
1212 3890 1520 3975 domibus,
1569 3911 1692 3976 que
1719 3890 1976 3957 fuerunt
2002 3888 2177 3955 Petri
2205 3888 2473 3970 Bordin3
2522 3886 2600 3955 ab
2648 3886 2967 3954 occidente
3014 3884 3231 3952 domui

352 3997 702 4084 Bonefrage
745 3997 862 4064 filii
907 3996 1088 4065 Sahit
1141 4003 1207 4065 et
1249 4019 1361 4065 rue
1406 3997 1740 4066 iudeorum
1795 4002 1860 4064 et
1910 3996 2126 4099 domui
2170 3995 2503 4063 Iudeorum
2562 4000 2628 4063 et
2684 3993 2929 4061 stabulo
2974 3991 3230 4060 Renerii

355 4108 712 4194 scriptoris3
759 4110 824 4173 et
868 4127 908 4172 a
953 4106 1382 4193 septentrione
1424 4106 1642 4173 domui
1683 4103 1906 4189 Maris,
1952 4091 2169 4185 uxoris
2216 4102 2531 4189 quondam
2578 4102 2921 4169 sacerdotis
2969 4098 3229 4168 ecclesie

356 4220 570 4283 sancte
599 4212 800 4281 Marie
827 4212 1229 4298 Magdalene3
1279 4218 1343 4279 et
1387 4235 1426 4279 a
1468 4212 1732 4280 meridie
1778 4212 1879 4279 vie
1921 4212 2095 4296 regie
2140 4216 2205 4277 et
2249 4210 2482 4294 domui,
2531 4230 2721 4295 quam
2770 4208 3025 4276 domina
3054 4206 3228 4275 Hau-

353 4322 454 4389 his
497 4322 771 4389 tenebat.
841 4320 966 4387 Pro
1013 4322 1190 4389 cuius
1237 4321 1458 4388 domus
1505 4320 1861 4407 empcione,
1919 4340 2109 4405 quam
2153 4318 2297 4405 ipsa
2339 4316 2627 4403 tenebat,
2686 4317 2955 4404 predicti
2998 4316 3227 4383 fratres

354 4429 687 4518 hospitalis
734 4428 1041 4495 dederunt
1085 4428 1286 4495 eidem
1319 4424 1598 4495 Hauhis²
1645 4448 1751 4495 ccc
1786 4428 2099 4494 bisancios
2146 4431 2580 4493 sarracenatos
2630 4431 2693 4491 et
2738 4425 2893 4491 duas
2937 4422 3228 4491 marchas

357 4537 619 4623 argenti.
691 4536 884 4603 Cuius
931 4535 1126 4602 eciam
1177 4535 1418 4621 domuS‚
1468 4556 1656 4622 quam
1703 4536 1844 4623 ipsa
1873 4534 2116 4602 Hauhis
2153 4533 2449 4619 tenebat,-
2476 4552 2660 4599 omne
2705 4531 2825 4616 ius,
2874 4531 3040 4617 quod
3084 4551 3229 4617 pre-

357 4646 560 4713 dictus
589 4644 894 4711 Iohannes
927 4644 1156 4710 Tortus
1202 4642 1474 4709 habebat
1519 4648 1582 4709 et
1627 4642 2001 4729 expectabat
2042 4641 2111 4707 in
2147 4663 2223 4708 ea
2256 4640 2505 4725 habere,
2554 4639 2719 4706 dicte
2756 4639 2970 4705 domui
3013 4638 3229 4724 hospi-

355 4753 503 4821 talis
559 4758 622 4819 et
679 4752 980 4819 fratribus
1027 4750 1313 4817 vendidit
1368 4756 1432 4817 et
1486 4751 1768 4836 quietum
1818 4748 2139 4825 clamavit.
2221 4748 2557 4816 Sciendum
2605 4752 2702 4813 est
2760 4751 2968 4813 autem
2984 4796 3002 4830 ,
3063 4744 3227 4830 quod

355 4860 796 4948 prenominata
857 4859 1112 4925 domina
1167 4878 1310 4925 mea
1367 4878 1480 4945 pro
1539 4858 1940 4924 concessione
1996 4856 2381 4924 vendicionis
2441 4856 2605 4921 dicte
2663 4854 2885 4920 domus
2931 4852 3228 4920 iohannis

355 4968 536 5035 Torti
581 4989 620 5035 a
661 4966 962 5034 fratribus
1008 4966 1163 5033 dicti
1205 4964 1537 5052 hospitalis
1585 4984 1654 5032 cc
1699 4964 2013 5033 bisancius
2058 4964 2297 5030 habuit.
2378 4960 2466 5029 Ut
2510 4966 2722 5029 autem
2778 4960 2905 5028 ista
2948 4959 3227 5027 venditio

359 5082 424 5143 et
452 5074 828 5165 venditionis
875 5072 1265 5141 confirmatio
1307 5080 1452 5140 rata
1494 5072 1562 5139 in
1608 5078 1986 5161 perpetuum
2035 5076 2099 5139 et
2142 5071 2386 5139 stabilis
2432 5074 2825 5156 permaneat,
2870 5073 3229 5156 presentem

2768 5184 2804 5239 3
