3892 5609
1343 361 1732 412 rmus-u
1779 362 2169 412 GmRAmA
3024 352 3177 425 469

329 525 583 610 fuerim,
629 523 982 592 litterarum
1027 521 1536 610 predecessorum
1585 522 1941 590 huiusmodi
1986 521 2271 591 effectum
2309 523 2529 608 quovis
2560 523 2801 609 quesito
2830 523 3039 593 colore
3068 523 3183 592 ali-

329 637 638 719 quatenus
690 631 986 717 intercipi
1042 629 1143 698 vel
1197 629 1492 716 impediri
1539 635 1648 696 aut
1691 631 1944 698 eosdem
1988 630 2358 714 magistrum
2406 636 2471 697 et
2512 631 2739 698 fratres
2786 630 2885 698 vel
2928 630 3181 698 illorum

329 739 603 824 aliquem
648 744 867 806 contra
911 737 1220 806 dictarum
1265 737 1466 823 ipsius
1512 737 1972 823 predecessoris
2016 737 2369 804 litterarum
2400 738 2853 804 continenciam
2890 739 3023 805 sive
3053 739 3181 805 for-

329 866 500 912 mam
547 843 1012 931 quomodolibet
1053 843 1302 928 vexari,
1347 843 1568 931 impeti
1613 843 1712 913 vel
1758 843 2110 929 molestari,
2156 843 2645 912 contradictores
2688 864 2805 931 per
2850 864 3181 913 censuram

328 951 814 1021 ecclesiasticam
863 959 926 1020 et
970 951 1186 1037 quevis
1232 955 1540 1037 oportuna
1583 951 1741 1018 iuris
1784 951 2067 1018 remedia
2111 949 2541 1037 appellacione
2583 953 2966 1039 postposita,
3011 971 3181 1020 com-

331 1059 646 1146 pescendo
659 1107 679 1142 ‚
725 1060 1013 1126 invocato
1059 1058 1139 1125 ad
1181 1057 1331 1140 hoc,
1389 1059 1445 1124 si
1489 1079 1648 1145 opus
1691 1057 1912 1141 fuerit,
1958 1057 2195 1126 auxilio
2242 1057 2481 1125 brachii
2526 1058 2853 1140 secularis,
2900 1080 3027 1127 non
3072 1059 3181 1127 ob-

330 1166 646 1234 stantibus
692 1167 795 1252 pie
837 1165 1140 1234 memorie
1182 1164 1488 1231 Bonifacii
1534 1185 1702 1252 pape
1729 1163 1874 1230 VIII
1919 1166 2119 1232 eciam
2164 1165 2625 1251 predecessoris
2667 1166 2898 1250 nostri,
2956 1165 3181 1250 quibus

329 1280 608 1359 cavetur,
655 1294 738 1340 ne
783 1274 924 1359 quis
969 1277 1152 1340 extra
1195 1292 1374 1338 suam
1419 1273 1740 1340 civitatem
1789 1270 1886 1338 vel
1929 1271 2226 1338 diocesim
2272 1272 2397 1338 nisi
2442 1273 2509 1338 in
2548 1273 2737 1339 certis
2768 1273 3047 1359 exceptis
3078 1291 3180 1339 ca·-

327 1381 504 1451 sibus
559 1389 624 1450 et
667 1383 732 1448 in
777 1380 905 1447 illis
947 1379 1118 1448 ultra
1161 1398 1352 1446 unam
1397 1379 1630 1446 dietam
1678 1399 1717 1445 a
1761 1376 1886 1446 fine
1929 1398 2041 1446 sue
2086 1378 2353 1446 diocesis
2398 1378 2478 1446 ad
2522 1379 2823 1446 iudicium
2868 1385 3179 1466 evocetur,

327 1507 440 1558 seu
483 1509 564 1557 ne
607 1489 844 1556 iudices
890 1508 929 1554 a
973 1487 1122 1556 sede
1167 1486 1513 1575 apostolica
1541 1485 1828 1572 deputati
1856 1485 2025 1553 ultra
2053 1487 2370 1553 civitatem
2402 1492 2467 1554 et
2494 1486 2811 1571 diocesim,
2857 1487 2925 1554 in
2954 1487 3179 1572 quibus

326 1597 614 1684 deputati
667 1596 904 1662 fuerint
957 1599 1176 1662 contra
1231 1611 1652 1679 quoscumque
1705 1592 2047 1679 procedere
2100 1593 2237 1660 sive
2290 1593 2401 1660 alii
2456 1593 2557 1662 vel
2614 1593 2754 1662 aliis
2810 1595 2977 1662 vices
3033 1615 3179 1661 suas

328 1705 720 1772 committere
765 1708 875 1769 aut
918 1701 1161 1787 aliquos
1205 1700 1376 1768 ultra
1416 1720 1608 1766 unam
1653 1698 1886 1768 dietam
1933 1719 1973 1766 a
2014 1698 2140 1766 fine
2186 1699 2523 1768 diocesium
2559 1701 2899 1768 earundem
2930 1701 3179 1769 trahere

329 1809 718 1898 presumant,
765 1809 1101 1875 dummodo
1145 1807 1314 1875 ultra
1357 1807 1513 1874 duas
1560 1806 1760 1888 dietas
1806 1806 2036 1892 aliquis
2066 1807 2441 1875 auctoritate
2469 1809 2863 1895 presencium
2893 1829 3021 1875 non
3049 1814 3179 1876 tra-

329 1919 515 1985 hatur
571 1924 636 1986 et
691 1916 833 1984 aliis
877 1915 1238 2002 apostolicis
1260 1897 1839 1983 'constitucionibus
1897 1915 2229 1980 contrariis
2274 1915 2765 2002 quibuscumque
2808 1937 2918 1984 seu
2962 1917 3019 1984 si
3064 1917 3178 1983 ali-

329 2025 554 2111 quibus
611 2022 1026 2091 communiter
1083 2022 1182 2090 vel
1237 2022 1490 2089 divisim
1544 2021 1622 2089 ab
1667 2020 1886 2088 eadem
1933 2020 2082 2088 sede
2126 2022 2212 2088 sit
2254 2021 2597 2106 indultum,
2654 2023 2821 2109 quod
2864 2023 3177 2108 interdici,

329 2131 628 2219 suspendi
684 2129 782 2198 vel
841 2129 1372 2196 excommunicari
1425 2134 1535 2196 aut
1584 2133 1766 2196 extra
1808 2127 1909 2194 vel
1952 2127 2121 2195 ultra
2164 2134 2337 2195 certa
2379 2127 2519 2196 loca
2562 2129 2643 2198 ad
2684 2130 2985 2198 iudicium
3032 2151 3179 2197 evo-

328 2238 460 2306 cari
517 2258 642 2305 non
699 2239 946 2325 possint
1000 2256 1116 2325 per
1171 2235 1416 2303 litteras
1473 2235 1848 2322 apostolicas
1893 2254 2020 2302 non
2062 2234 2364 2303 facientes
2408 2236 2660 2328 plenam
2706 2243 2769 2303 et
2813 2257 3177 2324 expressam

329 2365 402 2412 ac
447 2345 525 2412 de
571 2344 759 2412 verbo
804 2345 884 2412 ad
925 2343 1183 2413 verbum
1232 2343 1310 2410 de
1351 2341 1596 2409 indulto
1641 2341 2000 2409 huiusmodi
2045 2343 2451 2410 mencionem.
2520 2343 2756 2412 Datum
2782 2343 2979 2412 Rome
3008 2345 3177 2432 apud

327 2457 611 2520 sanctum
641 2451 896 2520 Petrum
943 2470 1106 2518 anno
1151 2449 1608 2517 incarnacionis
1639 2450 1949 2518 dominice
1978 2449 2313 2518 millesimo
2350 2450 2961 2536 quadringentesimo
2990 2454 3177 2521 trice-

328 2559 488 2626 simo
532 2559 738 2646 primo
783 2559 875 2625 xii
920 2557 1220 2625 kalendas
1267 2556 1486 2625 marcii
1530 2555 1932 2644 pontificatus
1976 2557 2177 2624 nostri
2222 2577 2386 2625 anno
2431 2559 2655 2644 primo.

536 2699 626 2762 lv,
652 2699 772 2752 257.
826 2699 1054 2751 Exstat
1037 2717 1090 2750 m
1125 2697 1326 2750 archivo
1353 2698 1432 2750 Re
1403 2697 1690 2764 egimoutan
1691 2715 1722 2750 o
1759 2697 2013 2765 exemplar
2048 2699 2323 2750 earundem
2354 2698 2491 2751 litter
2466 2717 2648 2763 Marum
2683 2699 2861 2766 quibus
2896 2717 2949 2752 n.
2974 2698 3077 2753 712
3112 2701 3179 2754 de

329 2787 466 2842 1423
501 2789 704 2840 mart.4
747 2787 998 2855 passed
1001 2795 1072 2840 nt.
1135 2787 1491 2838 Haelittorae
1537 2795 1870 2839 transsumtae
1915 2787 2133 2839 sii-utd
2166 2785 2844 2841 &morentieinambitu
2889 2806 3004 2842 mon
2971 2789 3179 2842 nasterii

325 2877 487 2930 bu
487 2876 706 2929 iaeN
708 2875 1084 2928 enao1434
1085 2875 1247 2937 ulii,9
1283 2875 1954 2928 Utri-ictotateBrthoeilom
1990 2875 2494 2939 deniBotis‚..,DD
2530 2877 3005 2945 cuibculariipaaep
3030 2879 3175 2930 audi-

325 2965 1196 3034 torisgeneralislonncumteetis,
1234 2964 1388 3015 subs
1387 2961 1800 3030 iugillocriaea
1767 2981 1890 3031 ιιοιιρ
1835 2963 2088 3016 oswli.cae

331 3161 372 3230 7
387 3161 422 3231 l
437 3159 505 3232 9.
547 3162 718 3230 1431
767 3163 970 3228 decbr.
1004 3162 1092 3228 15
1129 3161 1380 3272 ‘Romae
1421 3163 1599 3249 apud
1641 3183 1690 3226 s.
1723 3159 2001 3227 Petrum.
2070 3161 2393 3246 Euqenius
2425 3160 2539 3228 IV
2570 3175 3025 3229 conservatores
3066 3165 3179 3232 dat

550 3271 788 3336 ordini.
814 3269 1191 3336 Theotonico
1237 3271 1692 3336 constitutionis
1736 3269 2013 3334 Martini
2052 3267 2111 3334 V
2146 3291 2210 3333 n.
2242 3267 2379 3336 712
2422 3271 2499 3334 de
2542 3269 2723 3336 1423
2762 3273 2983 3337 martis·
3020 3273 3086 3338 4.

543 3410 862 3495 Eugenius
909 3412 1237 3499 episcopus
1283 3431 1501 3478 servus
1549 3429 1870 3477 servorum
1915 3408 2017 3476 dei
2065 3409 2308 3477 dilectis
2352 3408 2498 3477 filiis
2547 3411 2747 3476 sancti
2793 3410 3068 3479 Cornelii
3114 3418 3179 3480 et

324 3519 526 3586 sancti
569 3517 783 3602 Egidii
827 3519 893 3584 in
937 3515 1307 3602 Nurenberg
1351 3513 1874 3584 monasteriorum
1922 3515 2249 3584 abbatibus
2296 3535 2370 3585 ac
2404 3516 2637 3584 decano
2669 3517 2927 3586 ecclesie
2960 3517 3177 3587 Sancti

325 3626 586 3713 spiritus
631 3623 1174 3708 Heidelbergensis
1219 3623 1604 3710 Leodiensis,
1651 3623 2130 3708 Bambergensis
2173 3629 2237 3691 et
2265 3622 2749 3692 wormaciensis
2780 3625 3045 3693 diocesis
3076 3647 3175 3694 sa-

322 3733 519 3800 lutem
568 3737 633 3799 et
675 3730 1081 3818 apostolicam
1128 3731 1645 3799 benedictionem.
1826 3730 2081 3798 Dudum
2125 3731 2327 3800 felicis
2373 3731 2829 3800 recordacionis
2866 3731 3175 3802 Martinus

325 3860 494 3928 papa
525 3839 580 3906 V
624 3839 1027 3926 predecessor
1080 3845 1294 3906 noster
1339 3839 1582 3906 dilectis
1625 3837 1776 3904 filiis
1819 3839 2123 3922 magistro
2169 3844 2234 3907 et
2276 3839 2576 3906 fratribus
2621 3839 2949 3926 hospitalis
2996 3840 3177 3910 beate

323 3947 524 4014 Mario
553 3945 1072 4013 Theotonicorum
1103 3945 1583 4013 Ierosolimitani
1627 3965 1774 4012 suas
1819 3947 2129 4013 concessit
2166 3945 2411 4014 litteras
2438 3947 2677 4014 tenoris
2708 3948 3173 4034 subsequentis:

551 4047 898 4138 „Martinus
929 4059 1044 4120 etc.
1225 4052 1347 4118 Pro
1378 4051 1764 4135 singulorum
1796 4057 1912 4120 etc.
1947 4055 2168 4140 (supra
2194 4073 2257 4120 n.
2284 4055 2459 4135 712).
2514 4052 2748 4120 Datum
2778 4053 2974 4123 Rome
3004 4057 3175 4144 apud

322 4166 607 4230 sanctum
652 4159 907 4226 Petrum
956 4164 1177 4246 quarto
1222 4178 1420 4226 nonas
1465 4159 1686 4226 marcii
1729 4158 2131 4246 pontificatus
2176 4161 2379 4227 nostri
2422 4181 2585 4228 anno
2632 4159 2873 4228 sexto“.

545 4265 702 4334 Cum
750 4273 980 4350 autem,
1035 4267 1198 4332 sicut
1242 4266 1522 4333 exhibita
1564 4267 1744 4333 nobis
1789 4287 1995 4353 nuper
2040 4287 2156 4354 pro
2200 4273 2382 4354 parte
2426 4268 2733 4335 dictorum
2780 4269 3065 4353 magistri
3110 4278 3176 4338 et

321 4375 589 4442 fratrum
649 4372 878 4461 peticio
938 4371 1327 4456 continebat,
1383 4373 1507 4459 ipsi
1567 4373 1868 4440 ordinarii
1926 4379 1991 4440 et
2046 4373 2184 4458 alii,
2242 4374 2324 4441 ad
2369 4393 2522 4460 quos
2568 4375 2885 4443 institucio
2933 4382 3176 4464 spectat

325 4481 702 4565 huiusmodi,
747 4479 924 4548 nulla
965 4479 1247 4564 legitima
1291 4480 1670 4548 subsistente
1713 4499 1904 4549 causa
1941 4481 2304 4567 frequenter
2332 4481 2795 4550 institucionem
2826 4483 3173 4570 predictam

322 4589 530 4657 facere
581 4593 852 4656 renuant
904 4587 1038 4654 sive
1092 4605 1219 4653 non
1273 4593 1522 4672 curent,
1579 4607 1695 4655 nos
1741 4588 2096 4675 cupientes,
2154 4589 2321 4674 quod
2365 4589 2529 4658 dicte
2571 4590 2781 4686 littere
2824 4591 3175 4658 sorciantur

323 4695 632 4780 effectum,
679 4694 1048 4762 discrecioni
1078 4699 1288 4761 vestre
1330 4714 1445 4781 per
1490 4695 1832 4782 apostolica
1875 4696 2115 4784 scripta
2158 4697 2550 4782 mandamus,
2598 4703 2902 4783 quatenus
2931 4719 3043 4766 vos
3072 4699 3173 4766 vel

325 4803 450 4870 duo
506 4807 616 4870 aut
661 4821 825 4869 unus
871 4807 1150 4870 vestrum
1193 4822 1309 4890 per
1352 4822 1463 4869 vos
1508 4802 1608 4870 vel
1654 4803 1848 4871 alium
1893 4810 2007 4870 aut
2049 4804 2207 4872 alios
2253 4805 2309 4871 si
2354 4812 2417 4873 et
2462 4805 2753 4890 quociens
2799 4805 2975 4875 vobis
3018 4806 3174 4891 legi-

321 4910 478 4978 time
531 4909 910 4994 constiterit,
969 4909 1134 4997 quod
1189 4909 1490 4976 ordinarii
1546 4915 1610 4977 et
1665 4909 1770 4978 alii
1826 4912 2096 4997 predicti
2150 4931 2451 4999 personas
2510 4911 2789 4998 easdem,
2846 4933 3003 4999 quas
3048 4914 3174 5002 ipsi

325 5017 630 5104 magister
673 5023 738 5086 et
777 5017 1004 5084 fratres
1051 5015 1132 5084 ad
1177 5017 1472 5087 ecclesias
1515 5023 1582 5086 et
1616 5017 1919 5086 beneficia
1947 5018 2197 5105 prefata
2222 5039 2336 5107 pro
2367 5025 2649 5107 tempore
2676 5021 3175 5108 presentaverint
