3892 5609
749 278 898 352 268
1097 324 1102 329 ἡ
1153 266 1170 327 ἕ
1679 334 1686 339 .
1721 253 2147 338 Pommctm'
2189 286 2635 338 Romontm

745 449 1172 539 possessiones
1217 449 1465 516 auferre
1498 449 1600 516 vel
1645 448 1884 517 ablatas
1931 449 2223 534 retinere,
2268 449 2553 519 minuere
2598 470 2708 517 seu
2756 448 3138 535 quibuslibet
3169 451 3608 519 vexationibus

745 558 1030 642 fatigare,
1077 558 1187 624 sed
1233 558 1446 623 omnia
1488 557 1736 641 integra
1780 563 2225 625 conserventur
2272 577 2508 641 eorum,
2562 578 2678 645 pro
2724 576 2989 643 quorum
3036 558 3491 642 gubernatione
3536 578 3611 626 ac

745 666 1197 732 sustentatione
1227 684 1523 731 concessa
1554 670 1719 747 sunt,
1765 664 1981 731 usibus
2013 654 2388 730 omnimodis
2435 666 2783 751 profutura,
2830 665 3006 732 salva
3050 664 3219 733 sedis
3264 666 3609 752 apostolice

744 774 1116 840 auctoritate
1167 778 1232 839 et
1276 772 1593 840 diocesani
1638 772 1919 859 episcopi
1964 773 2267 839 canonica
2308 772 2578 849 iusticia.
2664 770 2733 838 Si
2782 791 2907 857 qua
2962 772 3156 856 igitur
3209 774 3277 840 in
3324 774 3607 841 futurum

745 880 1167 948 ecclesiastica
1211 879 1590 947 secularisve
1635 890 1904 966 persona
1951 880 2113 946 hane
2142 884 2358 946 nostre
2386 878 2849 946 constitutionis
2894 880 3191 967 paginam
3222 881 3431 963 sciens
3460 901 3608 948 con-

721 992 845 1054 ·tra
890 1006 1030 1054 eam
1074 992 1309 1054 temere
1351 988 1566 1055 venire
1612 988 2047 1074 temptaverit,
2103 986 2373 1054 secundo
2419 988 2685 1053 tertiove
2730 988 3143 1073 commonita,
3187 988 3317 1055 nisi
3360 996 3605 1056 reatum

745 1116 928 1162 suum
973 1114 1250 1177 congrua
1293 1094 1720 1161 satisfactione
1765 1094 2141 1179 correxerit,
2203 1095 2534 1183 potestatis
2580 1094 2957 1179 honorisque
3002 1096 3101 1161 sui
3144 1101 3360 1163 careat
3402 1098 3608 1181 digni·

743 1198 895 1286 tate,
942 1220 1240 1285 reamque
1285 1221 1354 1267 se
1400 1202 1610 1269 divino
1654 1202 1884 1269 iudicio
1931 1202 2205 1268 existere
2250 1200 2327 1268 de
2373 1207 2736 1289 perpetrata
2777 1202 3109 1287 iniquitate
3140 1210 3498 1287 cognoscat,
3545 1210 3609 1271 et

745 1331 784 1377 a
835 1308 1259 1393 sacratissimo
1315 1328 1576 1396 corpore
1633 1328 1706 1377 ac
1761 1310 2065 1394 sanguine
2122 1310 2222 1377 dei
2280 1316 2345 1377 et
2399 1308 2636 1375 domini
2691 1309 3107 1396 redemptoris
3160 1312 3366 1378 nostri
3420 1310 3607 1379 [besu

743 1415 980 1483 Christi
1025 1416 1232 1483 aliena
1271 1416 1384 1483 fiat
1429 1421 1618 1502 atque
1659 1418 1727 1482 in
1773 1422 2055 1484 extremo
2094 1419 2383 1499 examine
2414 1417 2625 1483 divine
2670 1416 2989 1484 subiaceat
3030 1418 3275 1485 ultioni.
3348 1418 3607 1485 Cunctis

745 1531 954 1592 autem
1009 1524 1211 1590 eidem
1267 1523 1406 1591 loco
1461 1544 1577 1591 sua
1631 1524 1774 1590 iura
1825 1523 2221 1591 servantibus
2278 1526 2365 1591 sit
2420 1544 2545 1612 pax
2603 1524 2840 1591 domini
2896 1526 3097 1591 nostr-i
3151 1524 3293 1593 Iesu
3334 1525 3605 1610 Christi,

746 1632 1040 1717 quatinus
1095 1636 1161 1699 et
1215 1631 1316 1697 hic
1359 1632 1631 1699 fructum
1649 1662 1660 1671 ·
1677 1632 1838 1698 bone
1883 1632 2147 1698 actionis
2192 1632 2551 1719 percipiant
2604 1635 2667 1698 et
2720 1631 2889 1718 apud
2932 1632 3289 1701 districtum
3332 1632 3605 1701 iudicem

743 1740 990 1826 premia
1032 1744 1246 1806 eterne
1292 1738 1462 1825 pacis
1507 1740 1850 1806 inveniant.
1920 1739 2147 1805 Amen.
2195 1739 2420 1806 Amen.
2469 1739 2692 1806 Amen.

747 1882 978 1964 (Locus
1025 1884 1431 1951 emblematis.-
1481 1880 1612 1949 Scs.
1643 1880 1887 1949 Petrae.
1962 1879 2093 1948 Sos.
2128 1880 2377 1948 Paulus.
2448 1880 2845 1949 Innocentius
2876 1902 3047 1970 papa
3074 1880 3178 1949 111.
3224 1882 3272 1966 †
3314 1881 3367 1949 F
3370 1902 3444 1950 ac
3472 1904 3603 1951 me-

1590 2008 1733 2054 cum
1778 1988 2031 2055 domine
2076 1990 2323 2072 signum
2366 1989 2436 2056 in
2479 1988 2759 2071 bonum.)

1787 2096 2053 2175 (Low.-
2096 2095 2268 2164 Bene
2314 2096 2561 2177 valete.)

963 2204 1100 2289 Ego
1144 2202 1542 2271 Innocentius
1589 2202 1898 2269 katholice
1943 2204 2202 2271 ecclesie
2248 2204 2575 2291 episcopus
2621 2202 2961 2270 subscribo.

964 2312 1030 2379 ÷
1072 2311 1208 2396 Ego
1252 2311 1560 2378 Iohannes
1604 2310 1984 2377 Albanensis
2028 2311 2359 2398 episcopus
2412 2308 2753 2378 subscribo.

964 2419 1030 2486 -Ι-
1071 2418 1209 2503 Ego
1253 2418 1560 2485 Iohannes
1605 2416 1971 2484 Sabinensis
2018 2418 2345 2505 episcopus
2392 2418 2733 2485 subscribo.

963 2526 1028 2593 ÷
1071 2525 1208 2609 Ego
1250 2524 1589 2591 Nicholaus
1636 2524 2119 2591 Tusculanensis
2166 2526 2497 2612 episcopus
2544 2522 2887 2592 subscribO.

964 2634 1030 2701 -Ι-
1071 2632 1208 2717 Ego
1252 2630 1518 2699 Oeneius
1577 2640 1936 2699 sanctorum
1981 2631 2274 2699 Iohannis
2330 2637 2393 2698 et
2435 2631 2619 2699 Pauli
2674 2631 2983 2719 presbiter
3038 2630 3380 2699 cardinalis
3436 2631 3602 2699 tituli

743 2739 1066 2809 Pamachii
1109 2738 1452 2807 subscrib0.

965 2848 1030 2915 ÷
1073 2847 1210 2931 Ego
1254 2846 1480 2913 Petrus
1525 2846 1696 2912 tituli
1741 2846 1942 2913 sancti
1986 2845 2268 2914 Marcelli
2313 2845 2625 2934 presbiter
2668 2846 3004 2913 cardinalis
3048 2845 3394 2913 subscribo.

964 2955 1030 3022 ÷
1071 2954 1208 3039 Ego
1254 2954 1626 3022 Benedictus
1673 2954 1844 3020 tituli
1889 2960 2104 3021 sancte
2151 2953 2432 3021 Susanae
2474 2954 2786 3041 presbiter
2830 2954 3165 3021 cardinalis
3212 2955 3555 3022 subscribo.

967 3062 1032 3129 ÷
1075 3061 1212 3147 Ego
1256 3062 1560 3147 Rogerius
1605 3059 1774 3127 tituli
1820 3066 2035 3129 sancte
2079 3061 2417 3128 Anastasie
2460 3060 2771 3147 presbiter
2816 3060 3153 3128 cardinalis
3198 3061 3543 3129 subscribo.

967 3170 1033 3237 ÷
1074 3168 1212 3255 Ego
1257 3168 1596 3253 Gregorius
1647 3169 1850 3263 sancti
1895 3166 2149 3253 Georgii
2206 3168 2283 3235 ad
2332 3168 2540 3235 velum
2595 3188 2855 3235 aureum
2912 3152 3237 3235 diaconus*
3266 3170 3599 3237 cardinalis

745 3278 1212 3470 subscnssoEgo
1257 3382 1478 3451 Gwido
1533 3384 1736 3450 sancti
1787 3382 2095 3469 Nycholai
2154 3383 2223 3449 in
2275 3402 2524 3451 carcere
2568 3381 2855 3451 Tulliano
2912 3382 3210 3451 diaeonus
3264 3383 3599 3451 cardinalis

649 3475 656 3483 ’
745 3492 1088 3561 subscribo.

966 3600 1031 3667 ÷
1074 3600 1210 3685 Ego
1255 3597 1562 3666 Iohannes
1609 3601 1821 3664 sancte
1853 3596 2055 3665 Mario
2098 3598 2165 3663 in
2210 3598 2313 3664 via
2356 3597 2486 3665 lata
2529 3597 2828 3665 diaconus
2872 3596 3209 3665 cardinalis
3256 3599 3594 3666 subscribo.

965 3704 1032 3775 ’ὶ-
1073 3706 1210 3791 Ego
1257 3706 1635 3790 Octavianus
1691 3711 2052 3772 sanctorum
2100 3704 2303 3789 Sergii
2349 3711 2415 3772 et
2456 3704 2651 3773 Baebi
2707 3705 3007 3772 diaconus
3062 3705 3403 3773 cardinalis
3457 3706 3597 3773 sub-

745 3813 970 3882 scribo.

966 3922 1032 3989 ÷
1073 3920 1209 4003 Ego
1255 3918 1560 3987 Iohannes
1608 3926 1967 3986 sanctorum
2015 3920 2239 3988 Cosme
2284 3925 2348 3987 et
2392 3919 2688 3987 Damiani
2733 3920 3029 3989 diaeonus
3074 3920 3413 3988 cardinalis
3456 3920 3595 3989 sub-

745 4028 969 4097 scribo.

967 4136 1033 4203 -Ι-
1074 4134 1210 4219 Ego
1242 4134 1531 4219 Pelagius
1577 4141 1792 4202 sancte
1820 4134 2014 4202 Lucie
2060 4135 2139 4201 ad
2170 4140 2351 4221 septa
2379 4134 2530 4201 solis
2562 4135 2859 4202 diaconus
2889 4134 3227 4201 cardinalis
3256 4134 3591 4203 subscribo.

969 4242 1200 4317 Datum
1237 4242 1507 4309 Viterbii
1562 4262 1674 4328 per
1717 4263 1972 4309 manum
2020 4243 2312 4309 Iohannis
2360 4248 2575 4309 sancte
2620 4240 2818 4309 Marie
2874 4244 2942 4309 in
2986 4241 3311 4309 Cosmidin
3356 4242 3595 4309 diaconi

747 4350 1105 4435 cardinalis,
1153 4356 1366 4416 sancte
1396 4348 1677 4417 Romane
1722 4348 1981 4417 ecclesie
2014 4349 2371 4416 cancellarii
2398 4370 2439 4414 v
2468 4348 2770 4415 kalendas
2816 4348 2954 4415 iulii
2996 4348 3337 4415 indictione
3367 4350 3459 4417 xii
3500 4351 3592 4415 in·

745 4458 1128 4525 carnationis
1161 4458 1469 4523 dominice
1516 4476 1678 4522 anno
1710 4466 1798 4522 m⁰
1823 4466 1916 4523 cc⁰
1938 4458 2121 4540 viiiv,
2166 4454 2565 4544 pontificatus
2601 4477 2744 4523 vero
2787 4456 3023 4523 domini
3052 4456 3401 4525 Innocentii
3438 4477 3593 4544 pape

743 4565 925 4632 tercii
974 4585 1136 4631 anno
1183 4565 1568 4632 duodecime.

957 4707 1022 4757 A.
1059 4706 1458 4772 Transscriptum
1492 4720 1833 4771 papyraceum
1866 4704 2087 4756 ineuntis
2124 4705 2203 4756 xiv
2229 4705 2416 4758 saeculi
2454 4706 2579 4774 (non
2611 4714 2727 4772 post
2761 4722 2945 4757 annum
2973 4704 3109 4756 1330
3144 4713 3201 4757 ut
3222 4706 3439 4773 videtur)
3476 4722 3587 4757 con-

745 4796 930 4847 fectum
976 4796 1029 4846 in
1076 4796 1276 4847 archivo
1321 4795 1690 4861 Regimontano
1726 4793 1930 4859 Voigtio
1970 4794 2033 4847 G.
2058 4794 2142 4847 Pr.
2176 4794 2244 4857 11,
2280 4794 2347 4845 65
2396 4803 2517 4849 nota
2558 4796 2580 4845 1
2622 4794 2809 4847 saeculi
2845 4794 2931 4846 xiii
2978 4811 3091 4846 esse
3134 4795 3293 4847 visum
3338 4804 3431 4847 est.
3494 4794 3588 4846 Sed

745 4882 926 4936 iniuria
963 4884 1040 4935 vel
1075 4893 1196 4936 tunc
1230 4884 1330 4935 iam
1365 4882 1576 4950 periisse
1612 4882 1777 4949 ipsum
1812 4882 2057 4949 originale
2093 4884 2332 4937 conclusit
2368 4900 2430 4935 ex
2466 4883 2721 4946 schedula,
2758 4884 2810 4935 in
2846 4901 2945 4950 qua
2978 4900 3131 4935 manu
3166 4900 3298 4936 saec.
3323 4902 3386 4935 xv
3422 4884 3587 4935 inscri-

746 4982 888 5041 ptum
923 4972 1131 5041 legitur:
1174 4973 1308 5043 „Ista
1335 4972 1482 5041 copia
1513 4972 1698 5026 indulti
1720 4972 2001 5026 Innocentii
2033 4973 2177 5025 tercii
2212 4972 2481 5026 concordat
2514 4973 2567 5025 in
2600 4982 2779 5027 tenore
2814 4990 2905 5043 per
2928 4974 3095 5028 omnia
3130 4990 3243 5027 cum
3274 4972 3363 5025 ills
3394 4971 3587 5033 haina,
