3892 5609
675 298 826 371 286
1210 370 1232 379 ,
1589 352 1596 357 .
1645 308 2072 359 ronrmcuu
2115 308 2559 365 Romanorum

671 490 817 535 suas
861 469 1172 536 malitiose
1216 448 1344 537 non
1387 470 1793 557 permiserint
1833 468 2108 558 sepeliri,
2152 463 2835 536 nisi'excommunicati
2864 469 2966 536 vel
2994 470 3375 537 nominatim
3404 469 3567 536 fue-

669 575 800 640 rint
840 574 1161 643 interdicti
1203 585 1314 643 aut
1357 562 1547 645 etiam
1595 577 1831 664 publici
1875 576 2168 660 usurarii,
2214 576 2616 643 tumulandos
2652 576 2895 644 deferre
2934 577 3015 643 ad
3048 575 3349 644 ecclesias
3393 596 3563 641 suas

671 687 736 748 et
779 681 1130 751 oblaciones
1176 691 1306 751 tam
1354 705 1468 772 pro
1514 672 1605 751 eis
1652 706 1840 771 quam
1886 705 2003 771 pro
2050 684 2211 768 aliis,
2260 684 2367 769 qui
2386 685 2475 750 ·in
2507 704 2723 751 eorum
2754 685 3081 753 cimiteriis
3110 684 3559 769 requiescunt,

671 788 968 856 exhibitis
1005 790 1152 872 ‚sine
1197 792 1385 859 alieni
1429 792 1587 858 iuris
1609 778 1981 879 ipreiudicio
2024 792 2329 875 retiner03
2378 792 2497 859 hoc
2542 792 2732 858 etiam
2780 791 3016 876 addito,
3062 798 3138 859 ut
3178 797 3559 879 receptores

669 897 1086 965 fraternitatis
1133 898 1411 966 eiusdem
1459 918 1571 967 seu
1618 900 1807 966 etiam
1855 899 2261 967 collectarum
2304 897 2479 965 salvo
2522 899 2660 966 iure
2690 898 3084 966 dominorum
3118 920 3379 969 suorum
3428 898 3559 965 sub

670 1004 839 1073 beati
895 1004 1068 1073 Petri
1124 1012 1188 1072 et
1242 1012 1460 1074 nestra
1520 1008 1905 1095 protectione
1968 1007 2332 1073 consistant.
2415 1006 2744 1073 Adicimus
2800 1008 3088 1095 insuper,
3156 1011 3261 1091 ut,
3322 1006 3377 1072 si
3436 1004 3555 1092 qui

672 1112 1008 1181 eorundem
1053 1114 1343 1199 fratrum,
1393 1116 1501 1201 qui
1546 1114 1629 1181 ad
1675 1114 1926 1181 easdem
1970 1114 2399 1180 fraternitates
2450 1114 2633 1180 missi
2674 1114 2911 1181 fuerint
2954 1113 3055 1180 vel
3076 1112 3429 1197 collectas,
3478 1112 3553 1178 in

671 1219 1016 1304 quamlibet
1070 1221 1384 1289 civitatem
1401 1271 1420 1305 ‚
1477 1222 1805 1289 castellum
1859 1222 1962 1288 vel
2014 1222 2224 1288 vicum
2284 1220 2681 1307 advenerint,
2742 1223 2797 1287 si
2852 1222 3015 1289 forte
3070 1220 3249 1289 locus
3304 1221 3447 1307 ipse
3510 1240 3555 1285 a

672 1326 904 1395 divinis
955 1328 1147 1395 fuerit
1203 1328 1424 1395 officiis
1472 1329 1873 1414 interdictus,
1927 1330 1996 1395 in
2042 1348 2255 1395 eorum
2302 1328 2569 1395 iocundo
2616 1326 2889 1397 adventu
2932 1329 3130 1396 semel
3172 1328 3555 1415 aperiantur

673 1434 932 1502 ecclesie
986 1436 1308 1502 annuatim
1355 1442 1418 1502 et
1462 1438 2018 1511 excommunicatis
2078 1437 2292 1504 eiectis
2336 1436 2551 1503 divina
2592 1436 2825 1503 ibidem
2874 1436 3080 1503 officia
3122 1435 3551 1518 celebrentur,

673 1540 846 1609 salva
877 1542 944 1609 in
975 1536 1263 1609 omnibus
1295 1544 1673 1631 supradictis
1711 1544 2129 1612 declaratione
2160 1544 2407 1611 concilii
2438 1543 2767 1629 generalis.
2824 1544 2926 1610 Ad
2957 1543 3263 1611 maiorem
3297 1562 3551 1627 quoque

671 1656 877 1716 vestre
920 1650 1228 1719 mercedis
1271 1651 1590 1717 cumulum
1647 1652 2090 1718 nichilominus
2138 1651 2313 1718 vobis
2358 1650 2713 1717 mandando
2768 1652 3185 1739 precipimus,
3244 1650 3547 1735 quatinus

671 1757 832 1825 hanc
876 1764 1156 1824 nostram
1204 1760 1713 1826 constitutionem
1760 1780 1874 1847 per
1931 1759 2296 1845 parrochias
2354 1764 2595 1825 vestras
2650 1760 2932 1826 nuntiari
2987 1759 3267 1847 propriis
3311 1754 3547 1825 litteris

671 1856 937 1933 faciatis.
1005 1864 1378 1934 Mandamus
1424 1868 1635 1950 etiam,
1682 1871 1771 1949 ut,
1815 1866 1870 1931 si
1918 1866 2025 1950 qui
2066 1867 2142 1933 de
2173 1866 2415 1933 clericis
2461 1866 2864 1933 ecclesiarum
2908 1871 3265 1933 vestrarum
3310 1862 3547 1951 prefati

671 1972 1001 2059 hospitalis
1035 1972 1556 2040 Theotonicorum
1603 1972 1904 2039 fratribus
1951 1992 2093 2039 cum
2137 1973 2395 2040 licentia
2436 1974 2665 2061 prelati
2704 1973 2803 2039 sui
2834 1978 3057 2059 sponte
3089 1992 3163 2039 ac
3192 1972 3395 2055 gratis
3426 1990 3545 2057 per
3643 1970 3654 1984 '

673 2098 902 2147 annum
937 2080 1038 2147 vel
1067 2081 1388 2149 biennium
1427 2082 1817 2149 decreverint
1860 2080 2196 2165 deservire,
2243 2099 2637 2165 nequaquam
2682 2080 3127 2167 impediantur,
3174 2087 3241 2146 et
3282 2078 3545 2145 interim

571 2272 578 2279 .
673 2207 787 2253 sua
831 2186 1131 2255 beneficia
1175 2195 1240 2255 et
1283 2189 1736 2257 ecclesiasticos
1785 2186 2067 2255 redditus
2112 2208 2240 2253 non
2270 2188 2582 2255 amittant.
2650 2186 2886 2255 Datum
2916 2186 3216 2255 Laterani
3246 2186 3381 2251 xvii
3412 2184 3538 2251 kal.

669 2294 969 2362 februarii
1015 2296 1414 2383 pontificatus
1459 2296 1663 2364 nostri
1709 2315 1872 2362 anno
1918 2315 1977 2361 v.

884 2437 1005 2489 Sine
1043 2438 1185 2489 dato:
1237 2438 1276 2501 1,
1313 2438 1382 2489 80
1392 2457 1410 2499 ;
1453 2438 1520 2501 11,
1546 2438 1616 2489 94
1651 2455 1702 2488 n.
1731 2436 1813 2488 18.
1865 2436 1929 2487 A.
1956 2436 2025 2487 20
2060 2454 2111 2487 n.
2144 2436 2209 2487 18
2253 2436 2432 2488 Latine
2471 2444 2523 2487 et
2558 2436 2855 2488 Germanice
2891 2454 3002 2488 cum
3037 2445 3186 2489 nota:
3223 2436 3283 2488 In
3320 2436 3538 2499 Leodio3

673 2525 1000 2577 Innocencius
1036 2525 1086 2576 in
1111 2526 1511 2593 Mergintheym3
1549 2526 1856 2579 Allexander
1891 2526 1942 2576 in
1984 2525 2191 2577 Colonia
2225 2525 2384 2577 simile
2420 2525 2501 2576 vel
2536 2525 2587 2576 in
2622 2524 2889 2591 Martpurg
2922 2524 3005 2577 vel
3039 2526 3091 2577 in
3126 2526 3298 2592 Praga
3334 2535 3433 2577 etc.
3472 2554 3535 2565 —

675 2612 798 2665 Cum
834 2614 978 2667 dato:
1017 2614 1256 2667 Laterani
1289 2616 1390 2667 xvii
1423 2615 1526 2667 kal.
1551 2616 1678 2668 febr.
1716 2632 1766 2681 p.
1791 2632 1842 2665 n.
1866 2633 1912 2665 a.
1937 2616 1989 2666 5.
2042 2614 2133 2677 IV,
2174 2612 2359 2675 179v‚;
2398 2614 2504 2668 1011.
2530 2614 2617 2666 28.
2670 2612 2800 2665 Edd.
2830 2614 3096 2667 anrsinus
3132 2632 3183 2681 p.
3209 2614 3271 2667 Β.
3296 2614 3349 2667 8.
3402 2614 3533 2667 Sen-

672 2720 762 2754 ner
808 2720 858 2769 p.
895 2702 960 2754 D.
997 2705 1089 2755 ὃν.
1153 2704 1381 2756 Duellius
1426 2704 1560 2756 Hist-
1599 2704 1706 2756 ord.
1731 2703 1981 2755 Theuton.
2018 2722 2135 2771 app.
2162 2704 2198 2754 4
2242 2722 2293 2755 n.
2330 2703 2381 2755 11
2390 2722 2407 2765 ς
2454 2704 2518 2756 cf.
2554 2703 2633 2765 11,
2674 2703 2739 2755 12
2782 2692 2991 2756 notsde
3036 2720 3108 2757 or.
3136 2704 3422 2756 vindobon.
3472 2734 3533 2743 —-

672 2791 736 2843 R.
769 2792 870 2843 132
905 2802 1205 2845 memoratur
1249 2794 1382 2845 inter
1415 2794 1816 2859 Marburgensia.
1856 2821 1920 2830 —
1970 2792 2093 2843 Cum
2128 2793 2272 2844 dato:
2318 2792 2555 2843 Laterani
2599 2793 2712 2849 idus
2756 2793 2969 2845 ianuarii
3014 2810 3067 2859 p.
3100 2810 3153 2845 n.
3187 2810 3235 2845 a.
3266 2792 3317 2845 7.
3378 2794 3443 2845 A.
3473 2790 3537 2843 16

673 2898 724 2947 p.
749 2880 819 2931 30
855 2898 929 2947 sq.
967 2898 1028 2933 ex
1064 2890 1370 2934 transsumto
1395 2882 1622 2934 Venetiis
1664 2890 1946 2943 asservato,
1994 2880 2127 2948 quod
2174 2880 2304 2946 (sine
2342 2882 2481 2949 dato)
2528 2882 2685 2933 frater
2718 2881 3133 2933 Bartholomaeus
3168 2882 3396 2933 minister
3428 2882 3535 2933 fia·

673 2978 804 3021 trum
839 2971 1082 3021 minorum
1117 2970 1170 3021 in
1195 2970 1400 3022 Austria
1436 2982 1490 3022 et
1522 2972 1677 3023 frater
1706 2970 1955 3022 Henricus
1991 2970 2222 3036 subprior
2256 2970 2465 3021 fratrum
2500 2970 2899 3037 praedicatorum
2934 2970 2987 3021 in
3010 2969 3533 3036 Wienna‘exemplifi-

673 3066 926 3110 caverunt.
968 3088 1030 3098 ·—-
1071 3059 1175 3121 Or.,
1213 3060 1348 3125 quod
1381 3060 1481 3110 iam
1517 3060 1707 3111 dudum
1741 3059 1794 3110 in
1817 3058 2199 3110 vindobonensi
2234 3058 2381 3111 domo
2404 3059 2717 3111 Theutonica
2750 3059 2860 3121 fuit,
2896 3059 3048 3110 etiam
3084 3058 3235 3110 hodie
3270 3060 3339 3111 ibi
3375 3067 3537 3110 exstat

673 3164 784 3199 cum
819 3147 957 3201 bulla
991 3147 1044 3199 in
1077 3147 1176 3201 filis
1212 3147 1414 3199 sericeis
1449 3148 1612 3201 rubris
1648 3157 1702 3199 et
1733 3147 1884 3199 luteis
1919 3148 2193 3214 pendente.
2235 3176 2295 3187 -—
2338 3148 2461 3199 Gum
2486 3148 2633 3201 dato:
2670 3148 2911 3201 Laterani
2930 3148 2967 3199 6
2990 3164 3150 3201 nonas
3174 3148 3279 3200 iulii
3304 3166 3355 3215 p.
3380 3167 3425 3199 a.
3454 3148 3533 3199 10.

671 3236 1050 3289 Transsumtum
1085 3237 1336 3305 quondam
1369 3237 1844 3303 Mergenthemense
1879 3238 1944 3289 A.
1982 3236 2181 3289 abbatis
2225 3246 2278 3289 et
2312 3236 2383 3289 M.
2420 3237 2599 3289 decani
2644 3256 2686 3289 s.
2718 3236 2913 3289 Mariae
2952 3238 3006 3289 in
3042 3237 3371 3290 Lucenburch
3408 3236 3457 3289 d.
3480 3236 3531 3288 d.

676 3324 812 3377 1247
847 3326 976 3377 feria
999 3324 1070 3377 VI
1104 3326 1157 3379 in
1193 3326 1513 3377 hebdomada
1547 3325 1738 3393 pasche
1773 3326 1940 3393 (april.
1966 3328 2021 3393 ὅ)
2059 3326 2387 3379 Lucenborch
2428 3327 2481 3377 in
2518 3326 2699 3379 eodem
2735 3326 2953 3379 archivo.

677 3646 721 3721 3
735 3648 770 3719 1
785 3650 853 3719 5.
895 3652 1066 3719 1221
1114 3652 1401 3715 ianuarii
1441 3650 1530 3717 16
1573 3650 1900 3727 Laterani.
1971 3649 2297 3717 Honorius
2327 3650 2451 3715 III
2485 3662 2648 3715 vetat
2672 3650 2920 3737 fratres
2966 3651 3210 3715 ordinis
3266 3648 3528 3716 Theudo-

893 3761 1026 3823 nici
1051 3758 1374 3823 molestari
1401 3758 1478 3823 de
1505 3756 1872 3843 sepeliendis
1905 3756 2351 3843 confram-ibus,
2400 3758 2478 3823 de
2520 3757 3026 3843 malefactoribus
3066 3758 3527 3843 persequendis,

896 3868 973 3931 de
1017 3864 1416 3951 eleemosynis
1462 3866 1834 3950 quaerendis
1876 3867 1949 3930 in
1994 3865 2267 3930 aliorum
2310 3866 2599 3931 ecclesias.

892 4004 1208 4073 Honorius
1253 4005 1583 4092 episcopus
1629 4024 1846 4072 servus
1891 4024 2216 4071 servorum
2261 4005 2365 4072 dei
2395 4004 2855 4073 venerabilibus
2896 4004 3198 4095 fratribus
3230 4003 3531 4091 archiepi-

673 4114 880 4201 scopis
927 4119 992 4181 et
1035 4113 1346 4200 episcopis
1394 4117 1459 4179 et
1501 4112 1746 4179 dilectis
1787 4112 1935 4179 filiis
1983 4112 2331 4197 abbatibus,
2382 4112 2717 4199 prioribus,
2764 4111 3239 4198 archidiaconis,
3288 4106 3529 4180 decanis

675 4233 738 4287 et
783 4220 920 4287 aliis
967 4220 1373 4313 ecclesiarum
1418 4220 1700 4307 prelatis,
1749 4220 1830 4287 ad
1876 4240 2033 4304 quos
2077 4220 2287 4287 littere
2332 4221 2453 4286 iste
2497 4220 2918 4306 pervenerint,
2962 4220 3233 4286 salutem
3279 4224 3344 4287 et
3387 4240 3530 4307 apo-

673 4327 962 4419 stolicam
1005 4328 1521 4395 benedictionem.
1763 4326 1995 4394 Dilecti
2038 4326 2175 4412 filii,
2220 4327 2447 4395 fratres
2490 4326 2821 4415 hospitalis
2866 4332 3080 4393 sancte
3108 4326 3310 4394 Mario
3338 4326 3529 4395 Theo·

671 4436 1024 4503 tonicorum
1053 4434 1556 4519 Ierosolimitani,
1594 4435 1777 4502 nobis
1807 4436 2085 4519 graviter
2114 4438 2263 4501 sunt
2292 4435 2639 4521 conquesti,
2676 4434 2843 4520 quod
2870 4454 2982 4500 vos
3011 4434 3363 4503 confi-atres
3392 4454 3528 4502 suos

673 4548 740 4610 et
792 4542 1092 4627 eligentes
1144 4544 1213 4609 in
1257 4562 1476 4609 eorum
1519 4542 1845 4609 cimiteriis
1891 4541 2277 4630 sepulturam
2326 4543 2406 4610 ab
2450 4542 2609 4631 ipsis
2652 4562 2779 4608 non
2822 4542 3191 4627 permittitis
3234 4542 3527 4610 fratribus

673 4651 927 4737 sepeliri
991 4655 1057 4717 et
1123 4648 1358 4715 eisdem
1416 4648 1711 4716 exhibere
1777 4650 2093 4717 iusticiam
2152 4649 2229 4716 de
2285 4652 2414 4717 suis
2470 4648 2975 4719 malefactoribus
3027 4648 3415 4733 negligentes
3466 4649 3529 4715 in

670 4758 900 4825 vestris
943 4777 1071 4824 non
1116 4756 1410 4844 patimini
1455 4754 1733 4824 ecclesiis
1777 4756 2006 4823 fratres
2050 4756 2225 4843 ipsos
2270 4744 2641 4825 elemosinas
2684 4776 2964 4842 querere,
3008 4775 3125 4823 nec
3154 4756 3238 4823 ad
3264 4756 3528 4841 largien-

673 4865 820 4931 dum
870 4866 960 4932 eis
1004 4864 1144 4951 pias
1191 4864 1562 4931 elemosinas
1607 4862 1911 4952 populum
1958 4864 2277 4931 exhortari
2288 4861 2323 4930 ¹.
2392 4863 2697 4943 Quocirca
2739 4864 3135 4931 universitati
3174 4869 3384 4931 vestre
3422 4884 3528 4951 per

673 4971 1020 5059 apostolica
1069 4972 1306 5058 scripta
1349 4973 1415 5039 in
1459 4971 1695 5039 virtute
1739 4971 2100 5041 obediencie
2145 4970 2426 5039 districte
2471 4971 2876 5059 precipiendo
2920 4970 3328 5057 mandamus,
3384 4990 3527 5058 qua-
