3892 5609
1360 289 1778 394 anamma.
1846 345 2162 398 nonnum
3036 337 3182 410 169

320 512 485 574 nant
526 505 755 594 balyen
800 527 882 574 zu
924 477 1255 574 Francken
1296 506 1427 573 und
1471 506 1594 574 den
1636 506 1870 575 husern
1912 509 2206 595 darinne,
2265 509 2367 577 die
2413 509 2547 576 also
2591 509 3021 594 beschediget,
3079 530 3186 594 ge-
3232 579 3241 586 ,

319 615 581 682 hindert
625 615 776 682 oder
831 613 1065 698 geirret
1108 613 1395 699 wurden‚
1451 615 1807 698 genczliche
1850 617 2104 684 werden
2153 618 2286 684 und
2343 616 2645 702 gevallen.
2725 615 2845 684 Mit
2896 617 3186 684 urkunde

320 721 459 788 ditz
506 721 751 790 brieves
796 720 1092 805 versigelt
1134 722 1254 788 mit
1298 741 1551 788 unserm
1596 721 2026 808 keyserlichen
2083 724 2342 809 insigel,
2400 725 2512 791 der
2555 723 2756 808 geben
2808 723 2895 791 ist
2951 745 3030 789 zu
3074 724 3187 790 der
3259 808 3266 816 ·

320 829 648 896 Hoensein
674 830 851 898 nach
898 828 1139 896 Cristus
1186 829 1444 914 geburte
1499 828 2044 898 druczenhundert
2076 832 2182 916 Jar
2236 831 2511 898 darnaeh
2557 830 2621 897 in
2668 830 2812 897 dem
2855 828 3022 896 funff
3055 831 3187 896 und

318 935 787 1022 funffczigstem
832 938 937 1023 jar
982 957 1066 1004 an
1120 937 1263 1004 dem
1306 937 1603 1007 nehesten
1659 937 1911 1022 dinstag
1962 958 2076 1004 vor
2131 944 2275 1006 sant
2317 937 2702 1026 Walpurgen
2756 943 2864 1022 tag
2915 937 2990 1004 in
3043 937 3186 1004 dem

318 1043 583 1114 nunden
620 1045 761 1130 jare
804 1065 996 1112 unser
1038 1044 1211 1112 riche
1256 1043 1383 1160 und
1428 1045 1537 1112 des
1582 1043 1979 1131 keysertums
2023 1045 2090 1111 in
2135 1044 2278 1112 dem
2325 1051 2552 1113 ersten.
3005 1082 3014 1102 ·

542 1184 791 1248 IV‚.297

330 1435 369 1506 1
386 1434 511 1508 89.
551 1437 728 1504 1360
746 1437 1079 1523 semma
1096 1438 1185 1504 10
1220 1435 1435 1505 (zo-002.
1494 1437 1810 1522 Rudolfue
1833 1436 1946 1504 JV
1967 1437 2269 1504 Auem-tae
2297 1437 2607 1504 aremus
2637 1387 2960 1520 confirmae
2983 1441 3186 1525 pmi-

554 1545 781 1631 leqium
824 1567 1022 1630 supra
1063 1569 1127 1608 n.
1160 1545 1199 1610 1
1212 1545 1319 1610 78.

552 1683 623 1750 111
678 1687 931 1752 1101111110
982 1690 1197 1752 0011010
1242 1689 1305 1752 01
1344 1683 1665 1751 individue
1712 1685 2037 1752 trinitatis,
2117 1685 2421 1753 Rudolfus
2447 1690 2758 1771 -quartus,
2818 1685 2920 1753 dci
2977 1688 3190 1771 gracia

322 1791 649 1882 palatinus
692 1793 993 1859 archidux
1028 1793 1302 1877 Austrie,
1350 1791 1541 1862 Stirie
1584 1797 1649 1858 et
1684 1791 2034 1876 Karinthie,
2079 1794 2374 1880 princeps
2407 1791 2648 1860 Swevie
2696 1797 2884 1879 atque
2912 1791 3185 1880 Alsacie‚

304 1900 620 1968 dominus
652 1898 962 1984 Carniole,
1000 1899 1277 1966 Marchie
1308 1919 1381 1966 ae
1409 1883 1880 1982 Portusnaonis,
1914 1919 2158 1967 necnon
2197 1901 2357 1966 sacri
2387 1898 2652 1966 Romani
2682 1900 2934 1986 imperii
2970 1921 3188 1988 supre-

322 2027 473 2073 mus
516 2007 817 2090 magister
860 2011 1226 2073 venatorum
1241 2055 1260 2091 ,
1318 2005 1605 2072 omnibus
1650 2006 1715 2072 in
1761 2013 2156 2093 perpetuum.
2227 2007 2490 2074 Tociens
2537 2005 2774 2074 ducalis
2829 2007 3188 2075 serenitatis

322 2113 805 2197 magnificencia
859 2113 1179 2181 extollitur
1224 2113 1421 2179 alcius
1466 2119 1529 2180 et
1572 2114 1773 2200 ipsius
1818 2117 2022 2180 status
2067 2133 2106 2180 a
2149 2113 2433 2197 domino,
2491 2133 2530 2179 a
2573 2133 2696 2198 quo
2753 2113 2938 2182 datur
2982 2117 3188 2182 omnis

322 2225 631 2308 potestas,
674 2221 917 2288 felicius
962 2219 1364 2304 gubernatur,
1413 2221 1706 2306 quociens
1734 2219 1875 2286 loca
1904 2220 2115 2286 divino
2148 2217 2370 2287 cultui¹
2419 2219 2706 2286 dedicata
2746 2220 3016 2306 benigna
3041 2241 3189 2290 con-

324 2327 717 2394 sideracione
760 2333 1061 2412 reguntur
1106 2332 1169 2394 et
1214 2328 1295 2394 ad
1338 2327 1618 2414 ipsorum
1666 2327 1931 2411 gracias,
1979 2327 2354 2394 donaciones
2399 2332 2464 2394 01
2489 2326 2810 2395 libertates
2847 2329 3189 2395 servandas

325 2441 399 2502 01
438 2435 769 2502 facultates
800 2435 1115 2519 augendas
1160 2435 1445 2519 graciosa
1474 2437 1787 2522 proteccio
1820 2434 2126 2522 principis
2163 2434 2498 2500 invenitur.
2569 2433 2726 2500 Cum
2758 2435 2953 2519 igitur
2986 2436 3188 2503 omnis

322 2541 533 2627 gloria
576 2542 708 2609 sive
752 2543 1043 2630 potencia
1085 2542 1475 2630 principatus
1518 2543 1584 2607 in
1634 2541 2028 2608 subditorum
2073 2541 2376 2609 consistat
2419 2541 2688 2630 solidata
2706 2622 2712 2632 ι
2731 2542 3000 2609 fortunis
3014 2593 3033 2627 ,
3079 2563 3189 2610 ex-

324 2649 591 2736 pediens
636 2651 1018 2717 arbitramur
1062 2655 1127 2716 et
1170 2649 1513 2716 condecens
1527 2699 1547 2733 ,
1606 2655 1678 2715 111
1720 2649 1916 2716 simus
1977 2648 2272 2716 subiectis
2301 2641 2384 2716 'et
2427 2648 2494 2715 in
2549 2649 2800 2717 iusticia
2853 2649 3070 2718 faciles
3127 2655 3192 2718 et

322 2758 401 2823 in
443 2759 659 2841 gracia
700 2755 1010 2824 liberales.
1088 2756 1351 2823 Noverit
1390 2757 1584 2840 igitur
1612 2753 1885 2842 'presens
1932 2761 2068 2822 etas
2115 2761 2178 2823 et
2225 2756 2423 2824 futuri
2479 2758 2781 2843 temporis
2838 2759 3191 2826 successiva

324 2865 669 2952 posteritas
682 2914 701 2949 ,
762 2863 945 2950 quod,
972 2865 1345 2931 constitutus
1390 2863 1459 2930 in
1512 2863 1840 2950 presencia
1881 2869 2100 2930 nostra
2155 2863 2540 2930 honorabilis
2597 2869 2662 2930 et
2715 2863 3046 2952 religiosus
3090 2867 3190 2934 vir

322 2971 752 3057 Bernhardus,
798 2970 1201 3038 comendator
1230 2971 1453 3038 domus
1476 2970 2002 3037 Theutunicorum
2035 2972 2104 3036 in
2133 2969 2289 3038 colle
2317 2973 2498 3037 iuxta
2535 2971 2854 3038 civitatem
2885 2971 3190 3061 Payrisoh

328 3079 531 3147 Greoz
588 3079 708 3174 site
775 3099 889 3166 pro
946 3099 1013 3145 00
1078 3083 1145 3146 01
1210 3099 1323 3145 0110
1390 3083 1699 3146 conventu
1763 3077 1943 3144 nobis
2005 3078 2228 3144 devote
2293 3083 2358 3144 et
2412 3078 2732 3145 humiliter
2787 3080 3187 3167 supplicavit,

328 3188 627 3273 quatinus
680 3186 1079 3274 privilegium
1138 3185 1259 3252 sibi
1326 3191 1391 3252 et
1456 3205 1567 3252 0110
1627 3180 1998 3252 conventui²
2055 3205 2094 3251 a
2151 3185 2295 3251 dive
2353 3185 2811 3253 recordacionis
2873 3187 3189 3271 quondam

326 3293 649 3362 Friderico
694 3294 851 3361 duce
895 3292 1153 3360 Austrie
1196 3290 1272 3359 et'
1306 3291 1515 3379 Styrie
1558 3294 1665 3380 pie
1709 3292 2010 3359 traditum
2059 3296 2122 3357 01
2165 3311 2530 3358 concessum
2573 3292 2904 3377 innovare,
2960 3314 3189 3380 appro-

329 3402 483 3468 bare
529 3407 591 3468 et
646 3399 1017 3468 confirmare
1070 3399 1149 3466 de
1208 3400 1467 3487 speciali
1520 3401 1735 3484 gracia
1780 3399 2214 3482 dignaremur.
2295 3398 2487 3466 Cuius
2543 3395 2830 3484 quidem⁸
2871 3397 3190 3488 privilegii

328 3515 511 3576 tenor
554 3509 838 3594 sequitur
880 3509 947 3574 in
990 3507 1107 3574 hec
1149 3507 1373 3574 verba:
2453 3533 2458 3537 ·

648 3615 693 3681 Ι.
728 3637 790 3682 11.
825 3635 876 3681 0.
908 3635 960 3682 e.
994 3615 1035 3681 i.
1066 3619 1115 3680 t.
1147 3613 1227 3680 A.
1295 3614 1651 3681 Fridericus
1698 3614 1917 3700 (supra
1959 3632 2024 3678 n.
2062 3613 2236 3695 178).

326 3723 511 3813 Licet
550 3724 745 3808 igitur
788 3743 867 3790 ex
908 3723 1115 3789 indita
1156 3720 1337 3788 nobis
1395 3721 1873 3788 mansuetudine
1918 3739 2169 3787 omnem
2219 3718 2541 3804 religionis
2598 3721 3048 3806 professionem
3093 3722 3188 3788 fa-

326 3850 481 3898 vore
534 3849 991 3918 prosequamur
1040 3828 1329 3896 benivolo
1342 3878 1361 3913 ,
1420 3829 1501 3895 ad
1545 3829 1697 3896 dicti
1740 3834 1954 3895 tamen
2009 3827 2248 3894 ordinis
2303 3828 2574 3913 quietem
2623 3833 2688 3893 ct
2739 3827 3068 3894 comodum
3115 3849 3187 3896 eo

328 3937 707 4006 inclinamur
759 3938 1163 4024 propensius,
1222 3957 1343 4022 0110
1396 3937 1605 4023 ipsum
1618 3985 1637 4020 ,
1695 3955 1879 4020 quem
1936 3935 2270 4001 recolenda
2311 3940 2530 4001 nostra
2573 3935 2816 4002 dotavit
2870 3937 3186 4022 prioritas,

328 4053 649 4130 tamquam
694 4046 1003 4112 facturam
1046 4044 1393 4131 propriam,
1436 4043 1505 4109 in
1537 4063 1663 4128 qua
1691 4043 1897 4109 omnis
1940 4040 2232 4108 animalis
2263 4043 2601 4126 congnacio
2633 4041 2978 4110 delectatur
3005 4048 3190 4110 natu-

322 4152 571 4236 raliter,
616 4151 1133 4240 contemplamur.
1203 4151 1439 4218 Idcirco
1486 4150 1791 4218 dictorum
1838 4149 2368 4216 commendatoris
2415 4154 2478 4216 et
2523 4155 2864 4216 conventus
2897 4151 3188 4236 precibus

324 4259 617 4328 inclinati
660 4260 895 4326 dietum
942 4258 1337 4345 privilegium
1388 4257 1592 4344 quoad
1638 4257 1885 4341 singula
1914 4277 2030 4324 sua
2059 4257 2336 4343 capitula
2367 4256 2762 4343 presentibus
2795 4258 3188 4342 innovamus,

328 4367 755 4454 approbamus
801 4371 864 4433 et
908 4365 1345 4433 confirmamus
1394 4365 1470 4432 de
1515 4365 1727 4450 gracia
1772 4364 2051 4452 speciali,
2099 4370 2362 4451 excepta
2403 4364 2742 4431 venacione
2785 4364 3032 4432 indulta
3075 4367 3188 4451 eis,

326 4480 404 4541 ut
446 4474 811 4561 predicitur,
858 4493 1047 4558 quam
1092 4473 1369 4540 tollimus
1414 4472 1627 4558 eisque
1671 4473 1873 4559 ipsius
1916 4491 2101 4538 usum
2133 4472 2486 4539 inhibemus
2518 4475 2584 4539 et
2613 4471 3046 4538 interdicimus
3075 4491 3190 4559 per

328 4585 674 4669 presentes,
722 4581 1111 4648 declarantes
1154 4576 1594 4646 nichilominus
1648 4585 2012 4667 prenotatas
2057 4579 2282 4664 viginti
2327 4585 2466 4646 octo
2513 4598 2690 4645 areas
2737 4581 3064 4666 exemptas
3109 4577 3188 4645 ab

330 4691 665 4758 exaccione
709 4688 1063 4770 tributaria,
1112 4707 1269 4772 quas
1313 4688 1507 4754 eciam
1552 4707 1668 4754 nos
1714 4687 2128 4754 consimiliter
2172 4687 2527 4772 eximimus,
2581 4687 2738 4754 sitas
2781 4687 2847 4752 in
2893 4684 3198 4754 Gendorff

328 4819 373 4864 a
418 4797 603 4865 domo
648 4795 716 4863 G.
765 4796 917 4863 dieti
962 4794 1335 4862 Grawschof
1382 4815 1451 4860 se
1504 4796 1950 4882 protendentes
2005 4815 2119 4881 per
2167 4794 2450 4862 ordinem
2513 4795 2848 4879 1100110.οᾱ
2904 4795 3190 4881 ipsarum

328 4904 659 4972 tabernam
703 4903 771 4969 in
818 4905 949 4970 acie
978 4903 1171 4970 viculi
1200 4902 1467 4990 sumptis
1513 4901 1749 4968 eisdem
1797 4903 2096 4968 extremis
2129 4901 2416 4970 domibus
2447 4901 2766 4968 inclusive.
2835 4899 3009 4968 Nulli
3041 4921 3188 4988 ergo

330 5013 587 5079 omnino
640 5011 963 5078 hominum
1020 5009 1209 5077 liceat
1248 5009 1411 5076 hanc
1465 5010 1764 5096 paginam
1822 5016 2036 5077 nostre
2091 5010 2520 5078 innovaeionis
2575 5013 2638 5076 et
2691 5006 3189 5076 confirmacionis
