3892 5609
1324 360 1715 413 Prummu
1759 363 2149 413 emensus
3010 354 3158 427 353

305 520 488 590 457.
530 522 700 589 1231
746 535 900 609 sept.
931 523 1020 589 25
1071 520 1276 589 Reate.
1353 520 1696 611 &ream-iae
1729 522 1836 589 IX
1873 528 2201 612 repetit‘n.
2234 524 2369 590 426
2413 524 2489 589 de
2526 525 2701 591 1227
2744 524 2894 590 iulii
2919 524 3024 591 30.

531 663 866 749 Gregorius
926 670 1040 733 etc.
1266 664 1417 732 Paci
1475 673 1541 732 et
1593 666 1788 751 quieti
1843 670 1959 733 etc.
2054 666 2287 733 Datum
2333 664 2527 732 Reate
2581 665 2670 732 vii
2720 665 2847 732 kal.
2892 666 3163 734 octobris

304 770 706 857 pontificatus
752 773 952 840 nostri
998 792 1159 839 anno
1207 770 1443 857 quinto.

307 1029 488 1101 458.
529 1032 701 1098 1231
753 1032 979 1097 octobr.
1013 1032 1101 1097 10
1150 1033 1360 1098 Reate.
1437 1029 1780 1118 Greyoriue
1812 1031 1918 1097 IX
1957 1035 2182 1119 repetit
2222 1054 2285 1095 n.
2318 1032 2452 1097 453
2497 1034 2574 1097 de
2616 1032 2788 1098 1231
2838 1033 3066 1119 aprilis
3097 1035 3159 1099 9.

529 1170 867 1257 Gregorius
909 1180 1023 1240 etc.
1239 1171 1394 1239 Cum
1430 1172 1674 1240 dilectis
1707 1178 1822 1240 etc.
1892 1172 2130 1239 Datum
2160 1171 2355 1279 Reate
2384 1173 2449 1239 vi
2478 1172 2621 1273 idus
2652 1172 2923 1240 octobris
2953 1174 3162 1261 ponti-

305 1277 526 1345 ficatus
570 1280 772 1346 nostri
819 1300 981 1347 anno
1029 1280 1264 1366 quinto.

307 1518 487 1589 459.
525 1522 706 1589 1232
717 1524 720 1531 '
752 1522 1084 1607 februarii
1123 1522 1211 1588 13
1268 1522 1481 1588 Reate.
1588 1518 1930 1608 Greyorius
1973 1520 2079 1587 IX
2139 1523 2360 1608 repetit
2411 1521 2692 1588 Honorii
2739 1521 2863 1587 III
2923 1546 2988 1587 π.
3028 1523 3166 1589 342

529 1630 604 1694 de
649 1629 821 1695 1221
869 1632 1158 1695 ianuarii
1198 1629 1304 1695 21.

530 1760 867 1845 Gregorius
924 1768 1041 1829 etc.
1264 1760 1464 1828 Decet
1520 1762 1854 1849 pastoralis
1912 1767 2030 1828 etc.
2121 1761 2355 1829 Datum
2412 1760 2607 1828 Reate
2660 1761 2801 1827 idus
2859 1761 3162 1827 februarii

309 1868 706 1956 pontificatus
752 1870 952 1935 nostri
997 1890 1160 1935 anno
1207 1870 1445 1955 quinto.

519 2009 778 2076 originale
835 2026 946 2061 cum
990 2010 1130 2061 bulla
1175 2018 1228 2061 et
1274 2017 1394 2061 nota
1439 2008 1748 2075 primiceriae
1793 2010 1852 2061 P.
1889 2008 1949 2060 B.
1997 2010 2047 2060 iu
2096 2009 2298 2061 archivo
2333 2009 2718 2075 Regimontano.
2789 2008 3034 2060 Addimus
3079 2009 3163 2061 hic

307 2100 374 2149 ad
433 2098 620 2149 calcem
678 2098 835 2149 ultimi
895 2098 1143 2164 privilegii
1203 2099 1266 2149 de
1321 2116 1452 2149 anno
1508 2098 1824 2165 pontificatus
1885 2098 2084 2165 quinto,
2138 2098 2271 2164 quod
2325 2098 2461 2164 apud
2516 2097 2747 2148 Schirren
2808 2098 2859 2148 in
2919 2097 3158 2164 designa-

305 2189 444 2240 tione
493 2186 804 2239 Mitoviensis
858 2188 1044 2238 archivi
1099 2205 1150 2253 p.
1190 2185 1291 2238 128
1335 2205 1386 2238 n.
1420 2187 1491 2237 40
1545 2186 1723 2238 citatur
1775 2186 2151 2249 documentum,
2206 2203 2303 2252 quo
2358 2186 2631 2251 Gregorius
2669 2186 2744 2236 lx
2800 2196 2937 2237 vetat
2964 2204 3161 2239 .omnes

305 2278 569 2343 episcopos
605 2286 658 2327 et
693 2274 964 2342 praelatos,
1003 2275 1269 2328 dummodo
1305 2293 1442 2342 papa
1475 2294 1576 2328 non
1611 2276 1782 2327 iubeat
1817 2276 1955 2342 ipse,
1990 2275 2284 2327 familiarem
2320 2274 2508 2327 ordinis
2544 2274 2838 2325 'l'heutonici
2874 2292 3157 2327 excommu-

303 2366 502 2428 nicare,
550 2383 698 2432 quum
743 2365 867 2417 ordo
913 2382 1014 2416 non
1058 2364 1248 2417 habeat
1291 2366 1578 2433 episcopum
1622 2364 1719 2417 nisi
1761 2382 1973 2431 papam5
2020 2382 2151 2417 anno
2189 2383 2235 2417 v.
2298 2364 2445 2431 Sapit
2487 2363 2583 2415 hoc
2617 2362 2805 2415 bullam
2838 2364 2969 2417 initii
3006 2366 3161 2432 „eum

307 2454 526 2507 dilecti“.

307 2676 486 2747 460.
528 2678 705 2746 1233
747 2679 918 2743 iunii
953 2677 1044 2742 28
1087 2676 1397 2743 Laterani
1452 2674 1566 2760 (cf.
1604 2674 1780 2741 1235
1825 2677 2015 2762 april.
2048 2676 2191 2759 28).
2274 2675 2571 2765 &eqo-rii
2608 2678 2715 2745 IX
2754 2682 2976 2767 repetit
3019 2678 3157 2746 Ho-

483 2788 656 2852 nmi
683 2783 807 2849 III
839 2808 902 2850 n.
937 2783 1070 2849 329
1115 2785 1194 2849 de
1223 2784 1392 2850 1221
1441 2783 1728 2849 ianuamti
1757 2782 1863 2849 18.

527 2926 864 3010 Gregorius
923 2932 1038 2991 etc.
1264 2922 1568 3001 Quociens
1627 2946 1675 2991 a·
1710 2924 1889 2991 nobis
1935 2930 2052 2992 etc.
2143 2925 2381 2993 Datum
2426 2926 2669 2993 Perusii
2713 2928 2809 2993 iiii
2852 2926 3184 2994 kalendas

307 3034 444 3101 iulii
488 3033 885 3122 pontificatus
929 3032 1131 3099 nostri
1179 3050 1340 3097 anno
1387 3031 1674 3117 septimo.

518 3176 638 3226 Cum
676 3176 821 3227 dato:
868 3173 1105 3225 Laterani
1139 3173 1176 3223 4
1210 3170 1313 3224 kal,
1349 3171 1455 3224 iulii
1491 3190 1536 3222 a.
1563 3171 1594 3221 7
1639 3170 1888 3235 „Bam1i“.
1930 3172 1995 3223 A.
2020 3172 2084 3224 16
2119 3189 2169 3240 p.
2190 3172 2274 3225 48.
2304 3204 2364 3213 ——
2407 3174 2529 3227 Cum
2566 3175 2707 3227 dato:
2755 3174 2952 3227 Perusii
2985 3175 3021 3226 4
3055 3170 3159 3227 kal.

306 3264 424 3315 maii
459 3282 504 3340 a.
529 3264 564 3315 9
600 3264 730 3315 inter
764 3263 990 3315 Alsatica.
1024 3262 1059 3313 6
1095 3263 1274 3314 citatur
1308 3260 1372 3313 R.
1397 3260 1466 3312 96
1501 3268 1740 3325 tanquam
1775 3259 1934 3311 simile
1972 3260 2246 3313 Alexandri
2280 3262 2725 3330 Ratisponensium
2761 3282 2812 3316 u.
2842 3264 2922 3315 15.

308 3558 404 3629 46
421 3558 485 3629 l.
526 3560 706 3628 1233
747 3560 896 3627 iulii
922 3561 960 3627 1
1011 3558 1336 3625 Laterani.
1411 3554 1752 3646 Greyorius
1783 3558 1892 3625 IX
1931 3562 2153 3647 repetit
2194 3584 2257 3625 n.
2290 3561 2426 3627 418
2471 3561 2548 3626 de
2577 3560 2757 3626 1227
2799 3560 2947 3625 iulii
2972 3560 3036 3625 3.

525 3700 864 3787 Gregorius
921 3706 1036 3767 etc.
1262 3698 1421 3766 Cum
1477 3700 1687 3767 dilecti
1743 3706 1860 3769 etc.
1953 3700 2188 3768 Datum
2226 3699 2530 3769 Laterani
2586 3700 2713 3768 kal.
2755 3700 2893 3767 iulii
2947 3700 3157 3787 ponti-

304 3808 522 3877 ficatus
567 3810 770 3876 nostri
815 3829 981 3875 anno
1026 3805 1312 3895 septimo.

306 4076 483 4147 462.
525 4078 701 4146 1235
728 4078 1059 4164 februarii
1087 4077 1174 4143 10
1203 4077 1477 4143 Perusii.
1542 4074 1884 4163 Greqoriae
1915 4076 2023 4143 IX
2062 4078 2285 4163 repetit
2309 4100 2373 4141 π.
2397 4077 2533 4143 453
2562 4078 2638 4142 de
2670 4077 2841 4143 1231
2874 4076 3063 4163 april.
3089 4077 3153 4142 9.

524 4218 862 4303 Gregorius
919 4224 1035 4285 etc.
1260 4216 1419 4284 Cum
1464 4217 1706 4285 dilectis
1752 4223 1868 4286 ete.
1962 4218 2197 4286 Datum
2242 4216 2489 4285 Perusii
2530 4217 2627 4283 iiii
2668 4217 2810 4284 idus
2854 4182 3185 4285 februarii*

305 4325 702 4413 pontificatus
746 4326 948 4393 nostri
996 4344 1158 4391 anno
1205 4329 1444 4391 octavo.

304 4618 479 4689 463.
521 4620 697 4688 1235
743 4644 883 4708 apr.
916 4620 1008 4687 27
1051 4621 1324 4685 Perusii.
1400 4618 1741 4707 Greyoriue
1777 4620 1885 4687 IX
1925 4622 2145 4707 repetit
2188 4644 2251 4685 n.
2283 4620 2417 4686 453
2462 4621 2539 4684 de
2569 4619 2739 4685 1231
2789 4618 2979 4705 april.
3013 4622 3077 4685 9.

521 4760 859 4847 Gregorius
905 4767 1020 4829 etc.
1336 4761 1494 4829 Cum
1538 4760 1782 4829 dilectis
1828 4767 1945 4829 etc.
2024 4761 2258 4829 Datum
2304 4760 2549 4829 Perusii
2588 4781 2628 4824 v
2656 4758 2957 4828 kalendas
3002 4760 3155 4827 maii

301 4868 699 4955 pontificatus
743 4870 945 4937 nostri
991 4890 1154 4937 anno
1198 4889 1381 4937 none.

2658 5114 2731 5170 23
