3892 5609
1317 386 1706 435 parvane-u
1729 350 1734 363 ¹
1751 386 2141 437 0111111111ου
2798 414 2806 425 ·
3001 376 3149 447 305

296 544 603 627 1110001118,
651 543 1010 630 prepositis,
1043 545 1580 631 archipresbiteris
1613 551 1676 614 et
1705 546 1846 613 aliis
1879 546 2285 614 ecclesiarum
2319 544 2601 632 prelatis,
2652 546 2730 611 ad
2763 566 2916 630 quos
2945 545 3155 614 littere
3234 578 3239 589 ·

291 653 416 718 iste
473 650 902 737 pervenerint,
963 653 1228 719 salutem
1285 658 1348 719 et
1405 654 1814 740 apostolicam
1858 654 2374 721 benedictionem.
2600 652 2875 719 Militum
2933 652 3154 721 domus

292 757 626 845 hospitalis
672 762 890 845 sancte
931 756 1130 825 Mario
1177 759 1694 827 Theotonicorum
1741 760 2223 829 lerosolimitani
2280 760 2619 848 professio,
2676 761 2839 826 sicut
2891 759 2957 825 in
3003 761 3157 827 scri·

294 866 426 952 ptis
473 886 688 937 eorum
736 870 800 932 et
844 864 1192 952 privilegiis
1238 866 1613 953 continetur,
1665 873 1761 935 est
1805 868 1972 953 talis,
2019 874 2090 935 ut
2133 888 2213 935 ne
2244 869 2344 935 cui
2374 873 2520 954 post
2547 867 2775 935 factam
2817 868 3156 954 professio-

293 992 442 1040 nem
487 973 683 1040 semel
727 980 1120 1061 assumptam
1166 993 1410 1041 crucem
1460 973 1834 1041 dominicam
1883 982 1947 1043 et
1988 976 2270 1042 habitum
2311 976 2509 1061 ipsius
2556 974 2801 1042 abicere
2830 974 2931 1040 vel
2962 973 3157 1041 alium

294 1078 504 1147 locum
552 1100 662 1147 seu
709 1080 906 1147 eciam
951 1082 1398 1147 monasterium
1458 1082 1717 1149 maioris
1779 1082 1911 1149 sive
1958 1084 2217 1149 minoris
2270 1082 2591 1166 religionis
2639 1082 2897 1149 obtentu
2940 1082 3156 1149 invitis

297 1187 432 1253 sive
487 1186 856 1253 inconsultis
911 1187 1211 1255 fratribus
1271 1194 1380 1255 aut
1435 1210 1541 1272 e0,
1590 1190 1694 1275 qui
1754 1191 2055 1273 magister
2100 1189 2410 1273 extiterit,
2465 1189 2653 1255 liceat
2707 1190 3159 1273 transmigrare

295 1293 580 1379 nullique
625 1294 1045 1362 ecclesiastice
1091 1294 1436 1363 secularive
1481 1316 1747 1382 persone
1785 1297 1961 1383 ipsos
2004 1298 2321 1383 suscipere
2352 1296 2539 1363 liceat
2566 1296 2666 1363 vel
2696 1300 2926 1363 tenere.
2995 1296 3153 1363 Cum
3189 1324 3196 1334 ·

299 1402 468 1468 enim
516 1401 598 1469 ad
642 1401 1096 1469 defendendam
1143 1403 1510 1470 orientalem
1557 1404 1882 1471 ecclesiam
1931 1408 1995 1472 et
2039 1424 2425 1492 paganorum
2473 1404 2764 1472 seviciam
2804 1405 3153 1491 reprimen-

299 1508 446 1575 dam
491 1509 729 1575 relictis
796 1511 1045 1597 pompis
1091 1510 1474 1578 secularibus
1519 1512 1622 1578 dei
1668 1512 1795 1578 sint
1839 1512 2103 1579 servicio
2148 1512 2512 1599 mancipati,
2560 1512 2614 1578 si
2660 1511 3029 1578 transeundi
3074 1510 3157 1578 ad
3276 1600 3281 1605 ι

299 1614 430 1682 alia
471 1615 610 1683 loca
641 1621 705 1683 et
733 1622 1054 1704 sumptum
1085 1618 1366 1686 habitum
1410 1618 1802 1705 relinquendi
1834 1619 2091 1686 daretur
2120 1618 2209 1685 eis
2238 1619 2513 1704 licentia,
2558 1640 2856 1705 magnum
2902 1619 3158 1687 ecclesie

299 1722 405 1789 dei
468 1728 684 1809 posset
747 1724 970 1791 exinde
1037 1726 1398 1809 contingere
1465 1726 1941 1810 detrimentum,
2013 1726 2275 1812 ideoque
2329 1727 2728 1794 universitati
2779 1732 2989 1794 vestre
3043 1748 3157 1813 per

295 1830 646 1917 apostolica
703 1832 942 1919 scripta
994 1832 1395 1919 mandamus,
1443 1837 1632 1919 atque
1675 1834 2088 1920 precipimus,
2139 1832 2481 1919 quatinus&
2532 1836 2621 1919 si,
2668 1836 2808 1921 quis
2866 1856 2943 1901 01
3000 1835 3157 1921 111818

295 1937 368 2002 111
411 1938 760 2024 parrochiis
790 1940 1016 2006 vestris
1048 1940 1146 2007 vel
1190 1940 1343 2007 locis
1375 1941 1550 2007 vobis
1597 1940 1945 2007 commissis
1990 1940 2056 2006 id
2088 1944 2463 2028 attemptare
2502 1942 2980 2029 presumpserit,
3024 1946 3157 2007 tam

295 2043 510 2129 ipsum
541 2064 730 2128 quam
761 2046 867 2131 qui
898 2068 1042 2113 eum
1073 2068 1230 2113 ausu
1258 2049 1591 2114 temerario
1614 2047 1886 2115 retinere
1913 2048 2338 2134 temptaverit,
2364 2050 2534 2116 omni
2564 2049 2889 2116 occasione
2918 2053 3159 2114 remota

301 2152 964 2219 excommunicationis
994 2154 1242 2221 vinculo
1285 2154 1621 2222 innodetis.
1689 2155 1922 2221 Datum
1955 2153 2253 2223 Laterani
2295 2156 2409 2223 xiii
2451 2156 2578 2223 kal.
2610 2156 2911 2223 februarii
2950 2154 3157 2241 ponti-

297 2256 523 2325 ficatus
568 2261 768 2327 nostri
813 2280 978 2327 anno
1022 2282 1082 2327 v.

512 2400 634 2452 Sine
670 2400 815 2453 dato:
859 2401 910 2462 1,
936 2400 1005 2453 69
1017 2420 1034 2463 ς
1081 2402 1156 2465 Π,
1185 2402 1287 2454 104
1321 2404 1487 2464 11.51;
1534 2403 1598 2453 A.
1624 2402 1694 2454 20
1735 2420 1785 2454 n.
1809 2402 1879 2457 49
1927 2404 2109 2455 Latine
2144 2412 2197 2455 et
2231 2404 2529 2457 Germanice
2565 2420 2677 2455 cum
2710 2412 2856 2457 nota:
2899 2404 2980 2469 „in
3014 2402 3156 2455 Mar-

299 2506 461 2557 pur33
495 2490 616 2541 item
653 2489 926 2556 Gregorius
961 2490 1014 2542 in
1049 2491 1238 2545 Leodio
1275 2500 1328 2543 et
1351 2492 1639 2544 Alexander
1672 2493 1726 2543 in
1753 2491 2013 2559 Marburg.
2042 2522 2103 2531 --
2146 2494 2269 2543 Cum
2302 2493 2449 2545 dato:
2485 2493 2575 2554 IV,
2606 2492 2707 2543 186
2740 2510 2791 2546 n.
2816 2492 2881 2545 15
2918 2500 2971 2543 et
3005 2493 3069 2545 A.
3092 2492 3158 2543 16

299 2595 354 2645 p.
377 2578 450 2629 62
487 2579 570 2645 „in
603 2578 898 2647 Mar-purg&
1079 2581 1126 2632 1.
1161 2581 1454 2634 mandamus
1489 2590 1544 2633 ut
1579 2582 1651 2633 IV
1688 2582 2013 2649 precipiendo
2048 2582 2345 2635 mandamus
2380 2591 2438 2633 ut
2470 2582 2536 2635 Π.
2574 2582 2639 2635 Δ.
2664 2580 2751 2649 29.

307 2862 484 2935 341.
525 2868 698 2934 1221
746 2870 1034 2935 ianuarii
1074 2868 1163 2935 20
1207 2868 1516 2935 Laterani
1558 2868 1672 2953 (cf.
1706 2869 1878 2936 1221
1929 2872 2219 2935 ianuarii
2260 2869 2401 2951 25).
2470 2868 2794 2935 Honorius
2838 2868 2965 2935 III
2998 2882 3163 2937 vetat

521 2975 840 3061 praelatos
887 2979 1168 3042 ordinem
1222 2974 1668 3043 Theutonicum
1711 2980 1957 3043 ratione
1996 2976 2309 3064 qmoealis
2355 2976 2610 3041 concilii
2650 2977 2993 3042 molestare.

525 3115 840 3183 Honorius
888 3117 1216 3203 episcopus
1269 3138 1486 3185 servus
1525 3139 1867 3185 servorum
1925 3118 2030 3185 dei
2082 3116 2541 3185 venerabilibus
2596 3116 2897 3184 stati-ibus
2956 3118 3161 3184 archi·

303 3221 617 3308 episcopis
647 3228 712 3291 et
741 3224 1072 3311 episcopis,
1105 3228 1168 3290 et
1189 3224 1433 3291 dilectis
1461 3223 1610 3291 filiis
1641 3225 1991 3308 abbatibus,
2023 3224 2358 3311 prioribus,
2383 3211 2655 3307 (10001118,
2682 3224 3159 3309 archidiaconis,

301 3330 664 3415 prepositiS,
720 3328 1260 3416 archipresbiteris
1317 3335 1384 3397 et
1427 3331 1569 3397 aliis
1625 3332 2026 3398 ecclesiarum
2084 3331 2347 3418 prelatis
2360 3382 2378 3415 ,
2438 3330 2518 3397 ad
2564 3350 2719 3416 quos
2772 3330 2983 3397 littere
3040 3332 3161 3399 iste

301 3437 736 3522 pervenerint,
793 3436 1060 3502 salutem
1119 3444 1184 3503 et
1227 3437 1632 3523 apostolicam
1679 3437 2194 3506 benedictionem.
2418 3437 2558 3504 Non
2608 3439 2740 3505 sine
2786 3438 2965 3523 gravi
3011 3458 3163 3524 apo-

303 3543 522 3609 stolice
567 3542 732 3610 sedis
777 3544 1009 3610 iniuria
1053 3550 1117 3610 et
1159 3545 1382 3627 grandi
1426 3544 1808 3613 contumelia
1849 3546 2149 3611 creatoris
2197 3543 2473 3630 quidam,
2521 3545 2629 3630 qui
2670 3550 2917 3631 ponunt
2956 3544 3159 3613 lucem

301 3648 595 3717 tenebras
642 3655 706 3717 et
749 3650 1038 3719 tenebras
1083 3651 1308 3735 lucem,
1355 3652 1615 3719 dilectos
1659 3651 1821 3719 filios
1863 3653 2093 3719 fratres
2120 3651 2453 3739 hospitalis
2484 3656 2697 3717 sancte
2725 3650 2927 3718 Marie
2956 3652 3161 3719 Theu-

301 3757 656 3824 tonicorum
708 3756 1192 3825 lerosolimitani
1250 3758 1329 3825 ab
1385 3759 1646 3827 ecclesia
1699 3758 1985 3827 Romana
2041 3759 2330 3847 specialis
2388 3758 2703 3846 privilegii
2760 3760 3163 3846 prerogativa

301 3862 568 3931 donatos
624 3870 690 3933 et
744 3864 1075 3951 deputatos
1133 3865 1491 3952 specialiter
1545 3866 1809 3934 servicio
1863 3867 2049 3934 1110811
2094 3866 2327 3933 Christi
2382 3866 2705 3933 occasione
2760 3866 3010 3934 concilii
3054 3886 3161 3950 ge-

300 3972 537 4038 neralis
580 3971 723 4059 plus
769 3972 979 4040 debito
1025 3980 1090 4040 et
1132 3972 1402 4061 amplius
1448 3972 1630 4040 solito
1677 3994 1942 4057 gravare
1984 3980 2374 4062 presumunt,
2419 3974 2599 4039 novis
2646 3978 2709 4040 et
2756 3974 3157 4059 inexquisitis

303 4099 412 4147 008
469 4080 774 4147 molestiis
835 4078 1212 4164 affligentes,
1267 4087 1530 4168 propter
1574 4082 1740 4167 quod
1786 4081 2145 4165 elemosina,
2193 4100 2313 4167 que
2369 4080 2610 4148 solebat
2654 4079 2956 4167 proficere
3000 4100 3159 4166 pau·

299 4186 558 4274 peribus
604 4185 840 4255 Christi
884 4194 948 4254 et
991 4188 1268 4255 subsidio
1314 4191 1480 4255 terre
1526 4192 1759 4272 sancte,
1808 4189 1898 4255 sic
1944 4194 2041 4256 est
2078 4208 2193 4275 per
2221 4188 2571 4274 iniquitatis
2605 4188 3001 4275 dispendium
3046 4210 3157 4255 an-

299 4298 572 4377 gustata,
631 4295 798 4380 quod
841 4294 1058 4362 eadem
1115 4300 1211 4362 est
1265 4316 1343 4362 01
1389 4302 1569 4382 parte
1614 4291 1918 4362 maxima¹
1966 4296 2289 4362 diminuta.
2365 4294 2662 4363 Preterea
2716 4294 3039 4363 libertates
3096 4300 3161 4362 et

299 4398 733 4483 indulgencias
790 4404 878 4470 eis
927 4402 1004 4470 ab
1061 4402 1406 4490 apostolica
1463 4403 1609 4469 sede
1668 4423 1995 4471 concessas
2049 4424 2163 4491 per
2230 4402 2543 4470 malitiose
2610 4402 3159 4489 interpretacionis

300 4506 726 4593 calumpniam
783 4514 1230 4596 pervertentes·
1256 4509 1412 4596 ipsis
1468 4516 1704 4577 temere
1761 4532 1828 4577 se
1872 4502 2207 4599 opponunt
2257 4532 2373 4577 nec
2428 4509 2776 4576 confratres
2834 4530 3052 4576 eorum
3098 4515 3162 4576 et

299 4612 607 4699 eligentes
651 4616 720 4681 in
765 4636 980 4683 eorum
1011 4616 1288 4683 ecclesiis
1303 4612 1326 4647 ⁸
1357 4616 1732 4703 sepulturas,
1767 4619 1873 4703 qui
1903 4638 2021 4684 nec
2049 4617 2571 4685 excommunicati
2604 4622 2751 4682 sunt
2780 4636 2896 4682 nec
2927 4610 3159 4682 eciam⁸

297 4722 676 4789 nominatim
721 4723 1059 4807 interdicti,
1107 4722 1481 4810 permittunt
1511 4724 1680 4809 apud
1711 4744 1779 4792 se
1806 4723 2004 4792 libere
2036 4724 2307 4812 sepeliri.
2364 4724 2885 4793 Exhortationem
2918 4742 3162 4808 quoque

301 4829 385 4895 ad
429 4829 732 4916 populum
777 4850 894 4917 pro
937 4829 1314 4918 recipiendis
1346 4830 1703 4899 elemosinis
1735 4832 2049 4898 consuetis
2060 4829 2103 4916 ⁴,
2149 4827 2557 4899 001111011108Β
2590 4830 2787 4897 0010111
2818 4830 3097 4917 ipsorum
3116 4825 3161 4915 ⁸,

301 4956 426 5023 que
481 4936 778 5023 precipue
831 4936 1022 5004 nullis
1077 4936 1219 5004 aliis
1275 4938 1663 5026 interpositis
1711 4959 1849 5007 0880
1893 4939 2142 5023 debent,
2189 4938 2542 5025 impediunt
2582 4957 2697 5024 pro
2744 4958 2853 5003 sue
2900 4936 3161 5003 arbitrio
3286 4934 3295 4941 ’

301 5043 646 5113 voluntatis
657 5040 701 5130 ⁷,
745 5050 1006 5132 propter
1051 5044 1170 5112 hoc
1213 5050 1460 5113 tantum
1507 5066 1723 5115 eorum
1771 5046 2151 5134 profectibus
2194 5046 2569 5131 invidentes,
2618 5046 2767 5132 quia
2794 5044 3013 5112 vident
3055 5065 3161 5111 eos

2669 5149 2739 5205 20
