3892 5609
694 295 844 367 262
1202 306 1525 354 mennam.
1572 306 1660 353 Εἰ·
1704 266 1860 355 nne.
1903 305 2169 355 noum.
2217 303 2607 354 vammn
2651 303 3039 379 sumans

689 469 852 535 ciam
866 517 885 551 ‚
933 467 1352 535 ammissionis
1400 471 1464 533 et
1504 464 1760 534 lesionis
1806 465 2147 534 eorundem
2178 439 2475 551 'pericula
2516 466 2741 533 timent
2788 486 2902 553 per
2950 465 3121 534 (licta
3163 465 3317 533 loca
3366 468 3585 530 trans-

689 576 886 660 ferre,
942 574 1350 641 transducere*
1404 580 1468 641 et
1519 579 1792 661 portare.
1873 572 2079 653 Quare
2122 572 2304 639 nobis
2362 572 2682 640 humiliter
2727 593 2802 641 ac
2854 575 3164 641 instanter
3206 570 3589 659 supplicari

689 682 859 767 fecit,
909 686 1212 767 quatenus
1261 682 1382 748 sibi
1427 686 1492 748 et
1521 680 1687 749 dicto
1733 681 2033 767 hospitali
2064 700 2253 767 super
2281 680 2403 747 hiis
2435 680 2513 747 de
2542 685 2853 767 oportuno
2896 682 3177 749 remedio
3222 678 3585 768 providere

691 789 1112 874 dignaremur.
1193 790 1322 856 Nos
1378 790 1572 873 igitur
1618 790 2012 857 attendentes
2058 787 2293 855 dictum
2338 786 2649 874 hospitale
2702 808 2847 855 cum
2900 790 3031 855 suis
3082 788 3407 857 membris
3464 806 3587 873 per

689 898 868 965 divos
898 897 1324 965 Romanorum
1355 897 1767 984 imperatores
1815 902 1878 963 et
1904 916 2087 981 reges
2118 894 2452 963 salubriter
2497 900 2562 963 et
2602 894 2868 963 feliciter
2895 896 3258 963 institutum
3308 900 3385 963 et
3430 894 3585 961 fun-

690 1005 907 1072 datum
969 1024 1044 1071 ac
1099 1025 1214 1091 per
1271 1003 1522 1071 eosdem
1584 1010 1648 1071 et
1699 1024 1816 1070 nos
1873 1004 2139 1071 diversis
2195 1003 2543 1090 privilegiis
2599 1010 2664 1071 et
2715 1003 3219 1074 immunitatibus
3277 1023 3417 1090 pro
3478 1002 3586 1069 sui

690 1116 894 1179 status
949 1112 1430 1179 conservacione
1483 1111 1652 1179 felici
1709 1110 2023 1178 munitum
2078 1115 2143 1178 et
2196 1111 2511 1195 dotatum,
2586 1130 2707 1196 que
2770 1117 2843 1179 ut
2884 1111 3147 1195 dignum
3198 1110 3582 1177 iudicamus

692 1218 898 1286 eidem
943 1217 1242 1306 hospitali
1285 1218 1466 1285 illesa
1510 1224 1575 1287 et
1604 1218 1850 1285 illibata
1879 1237 2271 1302 conservare,
2320 1218 2597 1286 volentes
2642 1223 2751 1287 tue
2782 1216 3109 1285 dileccioni
3153 1217 3581 1305 presentibus

691 1326 1142 1393 committimus
1188 1331 1252 1393 et
1295 1326 1687 1410 mandamuS,
1735 1330 2045 1410 quatenus
2079 1326 2300 1393 eadem
2343 1326 2694 1411 privilegia,
2740 1326 3133 1393 munimenta
3176 1330 3241 1392 et
3281 1324 3579 1409 indulta,

692 1454 812 1519 que
857 1454 972 1520 pro
1018 1438 1200 1519 parte
1242 1434 1532 1518 magistri
1577 1438 1640 1503 et
1685 1432 2015 1519 hospitalis
2060 1432 2449 1519 prefatorum
2486 1452 2698 1499 coram
2740 1436 2807 1501 te
2846 1452 3094 1501 necnon
3134 1432 3327 1499 certis
3374 1438 3579 1499 nota-

603 1576 608 1587 ·
690 1539 804 1607 riis
851 1545 914 1607 et
957 1540 1396 1608 tabellionibus
1450 1539 1718 1627 publicis
1773 1561 1889 1627 per
1933 1546 1999 1607 te
2045 1540 2435 1607 assumendis
2493 1538 2801 1626 producta
2852 1546 2917 1607 et
2970 1538 3251 1607 exhibita
3290 1540 3575 1623 fuerint,

691 1647 1024 1731 diligenter
1069 1648 1281 1715 videas
1328 1654 1394 1716 et
1435 1648 1758 1715 examines
1807 1652 1900 1731 et,
1959 1648 2015 1713 si
2058 1647 2278 1715 eadem
2323 1646 2533 1732 illesa,
2588 1666 2745 1713 sana
2786 1652 2851 1713 et
2892 1648 3140 1731 integra
3180 1666 3299 1733 per
3344 1652 3415 1714 te
3466 1667 3578 1715 re-

613 1831 620 1845 ,
690 1760 874 1843 perta
914 1756 1152 1821 fuerint
1197 1774 1268 1823 ac
1312 1757 1588 1839 inventa,
1635 1756 1854 1823 eadem
1899 1755 2289 1838 transscribi,
2336 1754 2684 1841 exemplari
2715 1754 2913 1821 facias
2958 1760 3023 1821 et
3054 1754 3427 1839 transsumi‚
3480 1756 3573 1821 si·

691 1862 842 1946 gillo
887 1868 994 1928 tuo
1040 1864 1286 1929 munias
1343 1868 1408 1929 et
1459 1861 1746 1946 robores,
1806 1863 2181 1929 auctoritate
2224 1866 2443 1927 nostra
2484 1861 2681 1945 regali
2727 1861 2975 1929 decreto
3022 1868 3133 1929 tuo
3178 1862 3568 1947 interposito

693 1970 993 2037 decernas
1039 1968 1397 2055 eisdemque
1441 1969 1632 2037 talem
1679 1990 1754 2039 ae
1799 1974 2042 2037 tantam
2086 1968 2275 2035 fidem
2332 1973 2395 2035 et
2440 1969 2876 2037 auctoritatem
2922 1968 3163 2037 tribuas
3210 1974 3279 2035 et
3320 1969 3567 2055 imper-

691 2079 870 2145 tiaris
887 2076 922 2162 ¹,
984 2098 1173 2164 quam
1220 2082 1284 2144 et
1328 2096 1484 2161 quas
1528 2076 1669 2163 ipsa
1713 2077 2053 2160 originalia·
2090 2076 2317 2144 habere
2358 2081 2733 2159 noscuntur,
2787 2077 2879 2143 ita
2920 2076 3213 2144 videlicet
3255 2082 3361 2161 ut,
3416 2076 3565 2144 ubi-

693 2204 961 2271 cumque
1005 2164 1285 2251 locorum
1332 2185 1500 2252 dicta
1545 2190 1978 2270 transsumpta
2020 2190 2154 2251 tam
2198 2185 2267 2251 in
2310 2183 2558 2249 iudiciis
2604 2204 2793 2269 quam
2836 2188 3018 2251 extra
3060 2184 3219 2267 visa,
3272 2182 3565 2251 exhibita

691 2292 792 2359 vel
836 2291 1145 2378 producta
1191 2292 1458 2377 fuerint,
1519 2292 1783 2358 eandem
1828 2292 1990 2375 vim,
2046 2291 2233 2359 fidem
2289 2295 2353 2358 et
2400 2289 2591 2357 robur
2634 2290 2985 2375 firmitatis,
3042 2290 3436 2359 credulitatis
3480 2311 3561 2361 ac

691 2398 1088 2486 probacionis
1119 2399 1393 2466 habeant
1421 2405 1486 2465 et
1514 2402 1789 2483 teneant,
1838 2399 1969 2466 acsi
2006 2399 2149 2485 ipsa
2193 2397 2525 2484 privilegia
2552 2397 2883 2482 originalia
2924 2403 2989 2465 et
3025 2398 3275 2467 indulta
3302 2403 3559 2467 ostensa

693 2512 758 2573 et
803 2505 1082 2573 exhibita
1123 2507 1192 2572 in
1237 2505 1445 2592 specie
1484 2507 1692 2573 forent
1719 2506 1820 2573 vel
1865 2505 2191 2594 producta,
2236 2505 2632 2592 presencium
2678 2505 2794 2571 sub
2836 2506 3039 2573 nostri
3080 2504 3316 2590 regalis
3362 2506 3555 2590 sigilli

691 2614 1078 2701 appensione
1125 2613 1486 2681 testimonio
1531 2613 1879 2681 literarum.
1950 2613 2187 2680 Datum
2232 2612 2299 2680 in
2340 2600 2743 2697 Marienburg
2787 2612 3071 2699 dyocesis
3102 2612 3551 2698 Sta-igoniensis

693 2740 855 2787 anno
888 2721 1125 2787 domini
1155 2721 1490 2788 millesimo
1523 2720 2139 2806 quadringentesimo
2170 2720 2470 2804 vigesimo
2512 2720 2783 2807 septimo
2824 2720 3193 2787 duodecima
3236 2722 3339 2789 die
3382 2741 3550 2788 mar·-

693 2830 775 2895 cii
819 2848 1154 2913 regnorum
1197 2834 1558 2895 nostrorum
1606 2847 1768 2894 anno
1797 2827 2123 2912 Hungarie
2166 2833 2283 2895 ete.
2333 2828 2809 2913 quadragesimo
2838 2826 3262 2896 Romanorum
3308 2828 3547 2897 decimo

695 2936 966 3022 septimo
1013 2939 1078 3001 et
1120 2935 1378 3003 Boemie
1423 2935 1712 3022 septimo.

903 3094 994 3155 iv,
1032 3092 1151 3145 263.
1443 3094 1488 3148 1.
1525 3093 1825 3159 impartiat-is
1862 3092 1922 3144 B.
