3892 5609
1341 327 1736 380 Parmae-xa
1781 327 2171 378 sanans-ma
2608 298 2615 306 ⁴
3030 318 3183 390 425

318 507 464 552 rum
491 487 992 572 impugnacione,
1039 489 1146 574 qui
1178 488 1588 556 christianum
1620 509 1848 556 nomen
1879 466 2205 558 insu'fflant
2249 494 2313 556 et
2354 488 2631 556 fidelium
2680 487 2998 558 effundere
3044 509 3188 556 san-

319 593 576 677 guinem
642 594 1019 679 moliuntur,
1087 596 1388 662 desistere
1455 597 1914 682 compellantur.
1978 605 2042 665 et
2110 597 2381 684 amplius
2450 596 2749 663 adversus
2817 596 3191 664 christianos

320 699 573 767 illorum
604 700 947 768 insolencia
986 703 1397 772 convalescat.
1469 700 1626 769 Cum
1674 707 1884 770 autem
1927 705 2130 771 felicis
2174 703 2633 772 recordacionis
2664 702 2977 771 Honorius
3022 705 3191 791 papa

320 807 554 875 tercius
601 808 1007 898 predecessor
1050 815 1264 876 noster
1305 810 1762 896 prenominatis
1809 811 2111 878 fratribus
2156 795 2645 879 misericorditer
2690 811 2940 878 duxerit
2981 812 3189 880 indul-

319 913 625 1000 gendum,
673 920 746 980 ut
785 915 1024 990 fructus
1071 916 1470 1002 ecclesiarum
1487 967 1506 1001 ,
1561 937 1682 1003 que
1728 917 1808 983 ad
1851 917 2135 1003 ipsorum
2180 919 2445 985 fratrum
2493 918 2898 986 donacionem
2946 925 3190 1007 specta·
3269 923 3280 932 '

321 1022 497 1105 bant,
545 1021 862 1106 assignato
891 1023 1164 1108 vicariis,
1212 1011 1376 1090 unde
1407 1043 1678 1108 congrue
1723 1025 2065 1092 sustentari
2108 1030 2367 1111 possent
2411 1031 2477 1092 et
2518 1009 2851 1092 diocesano
2896 1027 3191 1113 episcopo
3228 1113 3236 1122 ἱ

323 1131 582 1216 eiusque
613 1127 982 1196 officialibus
1013 1130 1090 1197 de
1121 1132 1252 1198 suis
1283 1135 1496 1218 posset
1525 1131 1792 1198 iusticiis
1822 1133 2209 1218 responderi,
2257 1131 2557 1200 deberent
2600 1133 2668 1198 in
2710 1133 3190 1201 subvencionem

321 1242 489 1304 terre
521 1237 1013 1304 lerosolimitane
1043 1243 1425 1322 convertere,
1466 1237 1746 1324 prefatus
1776 1239 2180 1324 predecessor
2207 1239 2524 1306 intellecto
2556 1240 2977 1326 postmodum,
3023 1241 3190 1327 quod

327 1345 586 1431 quidam
633 1346 942 1433 episcopi,
1001 1346 1423 1413 archidiaconi
1469 1352 1532 1412 et
1575 1346 1816 1429 decani,
1863 1346 1943 1412 ad
1990 1366 2145 1431 quos
2189 1345 2441 1412 illarum
2488 1346 2889 1415 ecclesiarum
2932 1338 3191 1416 investi-

320 1458 468 1519 tura
508 1453 853 1540 spectabat,
899 1453 1178 1538 clericos),
1227 1472 1380 1537 quos
1424 1453 1614 1520 iidem
1661 1452 1889 1518 fratres
1933 1453 2193 1520 idoneos
2238 1455 2687 1541 presentabant
2732 1455 2988 1540 eisdem,
3032 1456 3190 1546 reci-

321 1579 473 1646 pere
540 1579 655 1645 pro
723 1580 834 1626 sue
899 1560 1239 1627 voluntatis
1294 1559 1472 1626 libito
1531 1558 2086 1647 contempnebant,
2152 1563 2279 1628 nisi
2335 1563 2601 1648 predicti
2656 1563 2883 1629 fratres
2939 1563 3188 1630 easdem

322 1666 616 1734 ecclesias
673 1667 950 1751 clericis,
1008 1669 1115 1753 qui
1169 1667 1247 1732 de
1305 1668 1770 1754 episcoporum,
1829 1667 2403 1735 archidiaconorum
2454 1674 2518 1736 et
2562 1670 2935 1736 decanorum
2981 1671 3193 1757 predi-

321 1778 566 1841 ctorum
623 1793 842 1841 mensa
899 1779 1110 1840 essent
1164 1794 1275 1840 seu
1331 1773 1470 1841 aliis
1528 1776 1726 1840 eciam
1783 1793 1910 1841 non
1966 1775 2227 1860 ydoneis
2272 1775 2687 1860 largirentur,
2743 1777 2835 1844 ita
2880 1777 3076 1862 quod,
3136 1777 3193 1844 si

320 1881 514 1948 iidem
570 1881 797 1948 fratres
855 1883 1106 1948 easdem
1151 1881 1476 1964 ecclesias,
1534 1888 1722 1968 prout
1766 1881 1959 1948 iidem
2017 1882 2329 1969 episcopi,
2388 1882 2808 1950 archidiaconi
2866 1889 2930 1950 et
2972 1884 3195 1950 decani

321 1988 679 2074 cupiebant,
724 1989 985 2055 minime
1015 1987 1436 2072 assignabant,
1483 1994 1554 2053 ut
1581 1989 1705 2074 ipsi
1733 1988 1928 2055 libere
1958 1993 2219 2074 possent
2260 1990 2542 2056 redditus
2588 2011 2801 2057 earum
2846 1991 3197 2078 percipere,

323 2095 467 2161 illos
497 2115 611 2181 per
641 2095 828 2179 longa
855 2102 1142 2181 tempora
1183 2094 1498 2161 faciebant
1542 2117 1580 2162 a
1625 2096 1979 2162 divinorum
2026 2094 2450 2181 celebracione
2494 2116 2757 2182 cessare,
2806 2103 2875 2164 ut
2918 2118 3031 2184 per
3075 2098 3193 2164 hoc

319 2202 550 2268 fratres
601 2203 727 2288 ipsi
757 2201 1110 2269 voluntates
1157 2222 1372 2268 eorum
1419 2204 1643 2287 exequi
1687 2208 2089 2286 cogerentur3
2140 2223 2214 2270 ac
2255 2209 2428 2270 tante
2472 2205 2893 2291 predictorum
2922 2205 3192 2271 fratrum

321 2309 818 2376 incommoditati
875 2312 1234 2397 prospicere
1295 2311 1555 2397 cupiens
1569 2361 1589 2393 ,
1644 2330 1725 2376 ne
1783 2309 2107 2377 maliciose
2162 2316 2405 2378 tantam
2459 2312 2767 2378 iacturam
2822 2315 3191 2396 cogerentur

323 2417 654 2501 sustinere,
685 2417 994 2484 universis
1027 2418 1534 2506 archiepiscopis,
1577 2417 1908 2503 episcopie,
1958 2416 2310 2503 abbatibus,
2356 2419 2692 2505 prioribus,
2739 2418 3191 2486 archidiaconis

323 2532 389 2593 et
443 2525 582 2592 aliis
641 2523 1042 2592 ecclesiarum
1098 2524 1360 2612 prelatis
1406 2525 1522 2592 sub
1567 2544 1646 2591 ea
1687 2524 1891 2590 forma
1935 2525 2067 2590 suis
2114 2525 2287 2592 dedit
2329 2525 2559 2593 litteris
2604 2527 2671 2592 in
2716 2527 3061 2613 preceptis,
3119 2532 3193 2593 ut

321 2632 582 2702 clericos
613 2632 906 2719 ydoneos,
955 2653 1108 2718 quos
1137 2632 1330 2700 iidem
1365 2634 1593 2698 fratres
1637 2631 1718 2697 ad
1765 2631 2059 2698 ecclesias
2105 2653 2251 2700 suas
2296 2639 2753 2719 presentarent,
2800 2635 3037 2701 eisdem
3082 2653 3191 2700 ex-

321 2748 473 2809 tunc
524 2739 791 2822 benigne
851 2739 1183 2806 admittere
1228 2743 1655 2826 procurarent,
1703 2739 1983 2824 alioquin
2028 2740 2281 2823 scirent,
2328 2741 2495 2825 quod
2540 2741 2743 2808 dictus
2786 2742 3193 2828 predecessor

321 2847 662 2915 nominatis
722 2846 1023 2912 fratribus
1090 2847 1460 2913 auctoritate
1517 2845 1864 2932 apostolica
1917 2853 2310 2914 concesserat
2364 2846 2726 2916 facultatem
2740 2898 2760 2933 ,
2826 2855 2900 2916 ut
2951 2850 3192 2915 fructus

321 2955 660 3022 earundem
729 2953 1129 3020 ecclesiarum
1143 3003 1162 3037 ,
1233 2954 1432 3020 donec
1485 2953 1770 3041 predicta
1824 2956 2148 3020 occasione
2205 2960 2528 3039 vacarent,
2584 2956 2651 3021 in
2708 2955 3192 3023 subvencionem

323 3061 818 3130 lerosolimitane
861 3065 1030 3127 terre
1074 3065 1437 3128 convertere
1481 3067 1546 3130 et
1587 3060 1728 3127 illos
1773 3067 2033 3147 possent
2074 3060 2271 3127 libere
2315 3061 2614 3130 detinere.
2683 3060 2999 3146 Preterea,
3045 3062 3192 3148 quia

327 3169 584 3253 quidam
651 3187 730 3234 ex
793 3167 1279 3256 archiepiscopis
1335 3175 1400 3236 et
1453 3169 1796 3255 episcopis,
1865 3166 2228 3251 abbatibus,
2295 3168 2648 3254 prioribuS,
2718 3169 3191 3253 archidiaconis,

327 3277 579 3344 decanis
635 3281 698 3342 et
751 3275 892 3341 aliis
948 3274 1208 3362 prelatis
1251 3276 1592 3342 nominatis
1637 3276 1866 3342 fratres
1909 3276 2081 3360 ipsos
2128 3279 2193 3340 et
2236 3295 2451 3342 eorum
2496 3275 2754 3342 clericos
2800 3281 3017 3342 contra
3060 3275 3191 3362 pri-

326 3384 624 3468 vilegium
655 3382 822 3448 sedis
853 3382 1196 3469 apostolice
1223 3383 1526 3449 fratribus
1565 3384 1723 3468 ipsis
1769 3381 2103 3466 indultum,
2152 3386 2223 3447 ut
2267 3381 2610 3467 dicebatur,
2656 3383 3193 3450 excommunicare

328 3496 392 3558 et
441 3491 816 3558 interdicere
871 3489 1350 3575 presumebant,
1407 3489 1572 3556 idem
1633 3488 2039 3576 predecessor
2092 3507 2207 3574 per
2250 3487 2495 3556 litteras
2552 3490 2725 3577 ipsas
2770 3491 3052 3558 districte
3094 3490 3192 3556 in·-

327 3598 560 3682 hibuit,
615 3618 697 3664 ne
756 3597 1209 3684 archiepiscopi
1265 3604 1330 3664 et
1373 3598 1680 3683 episcopi,
1727 3597 1984 3664 abbates
2000 3645 2017 3680 ,
2065 3596 2327 3682 priores,
2376 3597 2818 3682 archidiaconi,
2864 3597 3086 3664 decani
3129 3601 3195 3665 et

213 3777 226 3786 ,
328 3706 435 3773 alii
473 3705 703 3792 prelati
742 3705 1010 3792 predicti
1053 3705 1368 3791 predictos
1409 3704 1636 3771 fratres
1681 3703 1780 3770 vel
1825 3723 2045 3770 eorum
2089 3703 2347 3771 clericos
2393 3709 2623 3772 extunc
2676 3705 2888 3772 taliter
2932 3703 3193 3772 interdi-

327 3831 468 3880 cere
523 3817 588 3879 et
639 3813 1182 3879 excommunicare
1239 3811 1634 3897 aliquatenus
1693 3815 2159 3897 attemptarent.
2240 3811 2473 3890 Quodsi
2532 3831 2711 3880 secus
2756 3813 3057 3880 existeret
3098 3817 3192 3878 at-

325 3925 722 4007 temptatum,
747 3920 1106 3986 nominatus
1127 3919 1533 4008 predecessor
1556 3918 1934 3985 sententiam
1954 3919 2279 3985 ferendam
2304 3919 2499 3986 voluit
2520 3939 2647 3986 non
2672 3925 2905 3987 tenere.
2940 3919 3190 4003 Verum,

329 4027 496 4114 quia,
529 4028 692 4094 sicut
721 4027 1095 4113 accepimus,
1141 4032 1285 4114 post
1314 4026 1674 4093 huiusmodi
1709 4027 2141 4092 concessiones
2184 4026 2445 4112 prefatis
2490 4027 2789 4095 fratribus
2834 4028 2935 4094 ius
2978 4032 3191 4113 patro-

327 4141 514 4202 natus
543 4135 610 4202 in
655 4133 940 4221 pluribus
988 4135 1128 4201 aliis
1173 4135 1452 4202 ecclesiis
1499 4139 1596 4201 est
1641 4153 2027 4216 concessum,
2071 4134 2140 4199 in
2178 4133 2423 4217 quibus,
2470 4153 2613 4200 cum
2646 4139 2891 4218 vacant,
2938 4134 3193 4220 quidam

329 4264 409 4311 ex
453 4243 650 4326 vobis,
696 4241 804 4326 qui
833 4243 1294 4308 institucionem
1327 4245 1440 4309 se'u
1469 4242 1906 4308 investituram
1936 4240 2004 4305 in
2040 4241 2167 4307 illis
2213 4240 2293 4306 ad
2339 4261 2407 4308 se
2451 4243 2769 4327 pertinere
2812 4247 3191 4329 proponunt,

327 4349 832 4438 presentaciones
887 4350 966 4416 de
1018 4351 1303 4436 personis
1363 4349 1606 4417 idoneis
1661 4367 1774 4435 per
1827 4347 2026 4414 dictos
2078 4347 2305 4414 fratres
2362 4349 2442 4415 ad
2488 4369 2594 4416 eas
2637 4351 2794 4436 ipsis
2836 4350 3037 4416 factas
3084 4348 3192 4415 ad-

329 4459 578 4524 mittere
607 4455 848 4541 nolunt,
895 4462 966 4523 ut
1009 4457 1348 4524 earundem
1396 4457 1798 4524 ecclesiarum
1844 4455 2099 4522 interim
2142 4455 2381 4523 faciant
2422 4456 2661 4524 fructus
2708 4476 2853 4524 suos
2900 4461 3009 4523 aut
3050 4476 3192 4544 pre-

329 4567 481 4634 dicti
533 4565 762 4631 fratres
815 4562 1072 4631 clericos
1118 4565 1195 4631 de
1240 4585 1459 4632 mensa
1502 4565 1810 4631 dictorum
1855 4561 2236 4649 prelatorum
2286 4568 2395 4631 aut
2439 4563 2594 4630 alias
2638 4584 2767 4630 non
2808 4563 3065 4630 idoneos
3111 4564 3193 4631 ad

326 4673 684 4740 nominatas
739 4670 1031 4738 ecclesias
1087 4677 1452 4757 presentare
1508 4671 1664 4759 ipsis
1722 4671 1900 4738 iuxta
1943 4689 2161 4748 eorum
2206 4671 2658 4758 beneplacitum
2705 4671 3190 4758 compellantur3

327 4801 443 4846 nos
511 4781 706 4846 tantis
762 4778 1099 4845 eorundem
1153 4779 1422 4844 fratrum
1488 4778 1899 4845 incommodis
1966 4779 2327 4865 prospicere
2394 4780 2745 4865 cupientes,
2812 4799 2895 4845 ne
2949 4784 3191 4846 tantam

327 4887 635 4954 iacturam
689 4905 815 4952 non
871 4886 1104 4972 absque
1161 4887 1360 4973 ipsius
1419 4891 1585 4953 terre
1643 4885 1917 4952 maximo
1982 4885 2357 4954 detrimento
2403 4885 2722 4953 maliciose
2768 4891 3071 4970 cogantur
3114 4886 3192 4952 de

329 5001 536 5063 cetero
569 4993 896 5079 sustinere,
943 4993 1344 5062 universitati
1386 4999 1592 5062 vestre
1636 5015 1750 5081 per
1795 4992 2143 5082 apostolica
2186 4993 2423 5080 scripta
2464 4993 2747 5062 districte
2792 4994 3192 5082 precipiendo
