3892 5609
1008 1189 1461 1290 APUmA.
1568 1189 1922 1290 ROMA.
2031 1129 2569 1290 FR'ANCIA.

354 1606 453 1674 14
466 1605 503 1675 1
516 1654 537 1673 .
574 1607 757 1674 1197
800 1611 964 1674 maii
1003 1607 1097 1674 20
1138 1609 1455 1674 Panormi
1496 1605 1653 1687 (miii
1694 1607 1819 1673 kal.
1856 1610 2028 1674 iunii
2066 1609 2200 1674 ind.
2231 1607 2366 1690 xv).
2449 1607 2792 1674 Heinrious
2836 1606 2937 1673 VI
2973 1607 3213 1673 Roma-

571 1737 801 1780 norum
840 1719 1187 1802 imperator
1230 1716 1556 1799 confirmat
1579 1715 1905 1800 fratribus
1950 1715 2280 1801 hospitalis
2320 1713 2846 1780 Thac-tomorum
2892 1715 3071 1800 apud
3116 1714 3218 1779 Ie·-

573 1822 847 1887 malem
898 1826 969 1887 in
1024 1823 1257 1888 honore
1301 1823 1358 1887 b.
1392 1823 1647 1887 Mariae
1702 1825 2042 1888 constructi
2090 1821 2400 1908 hospitale
2452 1844 2503 1885 s.
2544 1821 2822 1888 Thomas
2877 1823 2964 1886 de·
2999 1822 3221 1886 ordine

572 1930 859 2014 ipsorum
904 1929 1083 2015 apud
1123 1929 1436 1994 Bar-olum
1477 1931 1792 2016 inceptum
1838 1941 1896 1994 et
1931 1928 2310 2013 fundatum,
2365 1931 2436 1992 in
2481 1930 2808 1993 tenimento
2857 1924 3221 2014 Cannarum

569 2056 776 2120 prope
816 2035 1133 2100 Barolum
1176 2049 1377 2101 tem-as
1426 2035 1845 2102 laboratorias
1902 2037 1992 2101 ad
2045 2036 2249 2100 decem
2295 2035 2584 2121 parida,
2641 2034 2961 2100 ecclesiam
3004 2056 3054 2096 s.
3087 2033 3214 2098 Ni-

574 2143 743 2207 colai
784 2144 861 2208 de
907 2142 1169 2228 Riqula.

565 2280 607 2342 Ι,
632 2278 701 2332 37
712 2298 759 2331 v.
785 2298 836 2332 n.
854 2279 940 2332 85.
993 2281 1059 2331 A.
1081 2279 1363 2332 Boehmero
1399 2277 1813 2332 communicatum
1848 2280 2010 2332 edidit
2043 2280 2083 2332 Ι.
2109 2279 2176 2331 Η.
2195 2280 2404 2332 Hennes
2437 2278 2604 2330 Codex
2641 2277 2988 2344 diplomaticus
3025 2277 3215 2330 ordinis

347 2387 391 2421 s.
414 2367 614 2420 Mariae
638 2368 1072 2420 Theutonicorum.
1128 2367 1541 2419 Urkundenbuch
1578 2368 1669 2419 des
1705 2368 2000 2420 Deutschen
2037 2369 2251 2420 Ordeus.
2304 2368 2474 2420 Maius
2505 2367 2658 2418 1845.
2703 2366 2754 2418 8.
2801 2385 2852 2434 p.
2883 2368 2928 2418 1.
2985 2367 3060 2419 Of.
3085 2367 3216 2418 infra

353 2455 495 2509 1204
528 2457 718 2523 septbr.
740 2488 813 2500 -
834 2455 1007 2507 Pauca
1042 2456 1291 2521 quaedam
1328 2455 1393 2506 de
1428 2455 1539 2507 aliis
1576 2456 1764 2507 ordinis
1789 2457 2084 2510 Theutonici
2121 2457 2446 2508 conventibus
2481 2465 2684 2523 praeter
2706 2455 3052 2508 Barolitanum
3078 2455 3215 2506 Her-

347 2545 523 2596 manni
559 2545 625 2596 de
649 2543 799 2596 Salza
833 2545 1011 2594 fiinere
1043 2544 1234 2595 clarum
1268 2544 1319 2594 in
1344 2542 1529 2610 Apulia
1566 2545 1817 2609 quondam
1853 2546 2136 2597 constitutis
2161 2546 2373 2612 deposui
2407 2545 2459 2596 in
2495 2546 2563 2596 H.
2582 2546 2664 2596 W.
2689 2544 2870 2596 Schulz
2906 2543 3218 2594 Denkmaler

349 2633 444 2684 der
476 2632 646 2684 Kunst
692 2633 783 2683 des
818 2630 1139 2682 mittelalters
1184 2631 1235 2682 in
1272 2631 1622 2683 Unteritalien.
1682 2632 1915 2684 Dresden
1955 2633 2107 2684 1860.
2153 2633 2204 2685 4.
2215 2651 2232 2694 ;
2280 2633 2468 2684 scilicet
2504 2635 2569 2685 de
2607 2633 2882 2684 Ostunensi
2927 2631 2996 2682 ad
3031 2650 3073 2684 s.
3098 2630 3215 2682 Ma-

346 2721 477 2772 riam
511 2721 575 2772 de
598 2719 873 2772 Ierusalem
900 2718 1037 2770 1226
1062 2719 1272 2772 fundato
1296 2719 1339 2782 1,
1364 2719 1435 2771 90
1460 2737 1534 2786 sq.
1564 2729 1687 2772 nota
1710 2721 1743 2771 2
1757 2740 1773 2781 ς
1810 2721 2085 2772 Andricnsi
2121 2721 2185 2787 (o.
2211 2719 2367 2787 1230)
2405 2721 2472 2772 ad
2507 2739 2548 2772 s.
2573 2720 2942 2782 Leonhardum,
2979 2739 3020 2771 s.
3045 2719 3215 2770 Leon-

347 2807 498 2884 nardi
534 2809 621 2875 (de
655 2808 707 2860 la
730 2807 949 2876 Mariua)
976 2807 1273 2873 Sipontinae
1311 2807 1542 2872 diocesis,
1578 2809 1865 2861 Terlitiensi
1901 2809 1968 2861 ad
2006 2828 2046 2862 s.
2070 2809 2284 2860 Mariam
2318 2809 2384 2860 de
2407 2807 2660 2872 Suberito‚
2697 2827 2739 2862 s.
2763 2808 3052 2878 Leonliardi
3086 2809 3219 2858 inter

346 2897 591 2949 Asculum
628 2905 681 2949 et
716 2896 997 2949 θοι-16616111
1031 2897 1075 2960 1,
1108 2896 1209 2948 152
1232 2913 1309 2962 sq.
1346 2895 1415 2948 63
1440 2915 1515 2963 sq.

356 3187 532 3259 142.
574 3191 751 3258 1204
778 3193 1112 3278 septembri
1137 3194 1207 3256 in
1236 3192 1389 3257 urbe
1409 3192 1605 3277 felici
1630 3192 1963 3257 Panormi.
2031 3191 2400 3258 Friderious
2433 3191 2698 3258 Siciliae
2739 3213 2854 3258 rea
2899 3191 3216 3256 ecclesiam

576 3297 647 3364 S.
680 3297 957 3364 Thomas
999 3301 1077 3364 de
1105 3298 1349 3363 Bar-olo
1393 3301 1465 3363 in
1505 3300 1952 3384 protectionem
1995 3319 2177 3363 suam
2219 3299 2484 3383 suscepit
2527 3309 2584 3363 et
2622 3299 2819 3364 donat
2863 3301 2924 3362 ei
2964 3299 3218 3363 domum

531 3447 537 3453 -
574 3417 633 3470 et
672 3406 887 3470 vineae
932 3406 1253 3490 quondam
1297 3405 1657 3490 Berzeo-ami
1694 3406 1940 3470 medici.

570 3543 943 3611 Fredericus
989 3543 1207 3610 divina
1232 3545 1483 3611 favente
1530 3545 1871 3612 clemencia
1899 3563 2014 3610 rex
2047 3543 2278 3628 Sicilie,
2326 3544 2588 3610 ducatus
2616 3543 2852 3630 Apulie
2883 3548 2947 3612 et
2986 3545 3218 3631 princi-

347 3657 538 3738 patus
568 3647 800 3736 Capue.
872 3649 1136 3718 Tociens
1166 3649 1599 3719 munificencie
1642 3650 2013 3737 principalis
2045 3649 2214 3716 salus
2247 3655 2312 3717 et
2337 3650 2538 3717 honor
2566 3650 2954 3717 multimodis
2999 3671 3218 3738 preco-

347 3757 473 3824 niis
506 3762 949 3840 augmentatur
978 3762 1045 3824 et
1064 3757 1391 3824 thesauros
1418 3758 1970 3846 immarcessibiles
2000 3757 2175 3823 curia
2203 3757 2433 3841 regalis
2464 3763 2791 3843 comparat
2815 3757 2885 3824 in
2913 3758 3216 3842 futurum,

350 3863 647 3947 quociens
677 3862 1049 3947 largiciones
1082 3883 1193 3930 sue
1232 3863 1666 3931 munificencie
1710 3864 1864 3930 locis
1894 3859 2298 3931 venerandis¹
2328 3869 2392 3930 et
2421 3863 2650 3930 divinis
2683 3863 2996 3949 obsequiis
3043 3863 3217 3931 dedi-

347 3970 509 4036 catis
554 3974 879 4054 gratanter
921 3969 1235 4056 impendit
1280 3974 1343 4038 et
1386 3971 1598 4038 studet
1640 3971 1835 4055 largis
1893 3970 2395 4058 possessionibus
2442 3991 2518 4037 ea
2572 3970 2801 4037 cotidie
2855 3969 3214 4038 sublimare.

346 4075 766 4143 Attendentes
808 4077 1023 4162 itaque
1066 4097 1213 4160 nos,
1275 4077 1545 4162 qualiter
1587 4077 2026 4161 gloriosissimi
2081 4097 2262 4160 reges
2309 4082 2372 4143 et
2428 4077 2918 4164 triumphatores
2970 4078 3219 4162 augusti

347 4182 482 4248 divi
525 4184 959 4269 progenitores
1002 4183 1203 4250 nostri
1249 4183 1435 4266 digne
1480 4184 1783 4250 memorie
1826 4183 1931 4271 pie
1963 4188 2420 4250 consueverunt
2461 4188 2892 4251 sacrosanctas
2923 4184 3216 4252 ecclesias

347 4289 563 4356 dicare
622 4294 687 4355 et
738 4291 1063 4356 immensis
1120 4290 1428 4375 ampliare
1482 4291 1848 4357 tenimentis
1904 4289 2281 4375 illorumque
2339 4295 2762 4378 proponentes
2820 4289 3088 4357 firmiter
3139 4291 3218 4357 de

346 4395 515 4462 bono
542 4396 611 4461 in
642 4395 869 4462 melius
900 4395 1237 4462 immutare
1266 4397 1533 4480 vestigia
1576 4402 1641 4463 et
1679 4397 1849 4462 facta
1890 4396 2338 4464 inviolabiliter
2369 4417 2740 4464 conservare
2770 4393 3220 4464 venerandam¹

350 4501 681 4568 ecclesiam
725 4503 930 4568 sancti
974 4501 1213 4568 Thome
1256 4502 1335 4569 de
1378 4501 1607 4570 Barolo
1623 4553 1642 4587 ,
1702 4498 2024 4591 tempore¹
2072 4503 2386 4589 quondam
2433 4504 2671 4570 domini
2715 4503 2972 4570 Hem-ici
3015 4502 3220 4568 incliti

348 4608 551 4695 patris
579 4608 803 4692 nostri,
831 4605 1150 4691 magnifici
1170 4607 1599 4676 Romanorum
1625 4609 2050 4696 imperatoris,
2083 4613 2528 4694 constructam,
2551 4609 2668 4676 sub
2697 4611 2898 4676 nostri
2927 4608 3216 4675 culminis

348 4717 741 4801 protectione
768 4719 1207 4783 manutenere
1252 4721 1317 4784 et
1345 4722 1749 4800 augmentare
1780 4717 2089 4802 cupimus,
2137 4721 2202 4784 et
2242 4736 2358 4804 pro
2402 4715 2835 4802 redemptione
2865 4715 3218 4784 animarum

348 4826 685 4907 parentum
730 4827 1088 4889 nostrorum
1132 4821 1294 4889 bone
1336 4823 1639 4890 memorie
1670 4842 1745 4890 ac
1781 4843 1897 4911 pro
1928 4822 2134 4889 salute
2175 4827 2394 4889 nostra
2436 4823 2516 4890 de
2552 4823 2774 4890 innata
2815 4823 2996 4890 nobis
3041 4821 3218 4888 beni-

350 4927 637 4996 volencia
688 4929 1087 4998 concedimus
1143 4934 1333 5016 atque
1390 4929 1695 4998 donamus
1756 4930 1962 4998 eidem
2021 4929 2280 4998 ecclesie
2335 4936 2402 4996 et
2457 4931 2769 5016 presentis
2825 4927 3218 4996 auctoritatis
