3892 5609
706 288 856 360 320
881 276 888 291 “
1670 298 2095 348 rosus-mma
2140 298 2582 348 nonnionem

701 459 1132 547 pervenerint,
1189 457 1455 525 salutem
1514 463 1578 526 et
1634 458 2043 545 apostolicam
2100 459 2616 557 benedictionem.
2884 457 3131 537 Quanto
3174 453 3573 525 sincerioris¹

685 566 986 633 caritatis
1044 563 1266 631 affectu
1329 541 1604 631 dilectos
1647 564 1808 632 filios
1865 567 2092 633 fratres
2149 565 2479 653 hospitalis
2532 542 2745 631 sancte
2786 562 2985 631 Marie
3034 564 3571 632 Theotonicorum

703 672 1182 741 Ierosolimitani
1217 692 1330 760 pro
1363 692 1478 738 sua
1504 672 1832 740 honestate
1863 694 1936 740 ac
1983 674 2283 757 religione
2330 673 2665 757 diligimus,
2713 678 2891 739 tanto
2936 673 3317 759 propensius
3366 671 3447 737 ad
3496 690 3575 736 ea

703 780 1097 867 extirpanda,
1146 800 1264 863 que
1309 780 1375 845 in
1422 800 1635 846 eorum
1681 781 2094 867 preiudicium
2144 780 2505 867 attemptari
2552 779 2863 864 dicuntur,
2908 779 3237 847 intendere
3274 778 3573 845 volumus

705 887 1080 955 omnimodis
1127 892 1191 953 et
1234 886 1548 953 debemus.
1617 887 1977 953 Eorundem
2008 886 2278 954 fratrum
2308 887 2489 954 nobis
2522 892 2619 953 est
2644 887 2948 953 relatione
2978 893 3371 971 suggestum,
3402 884 3573 969 quod

705 994 1059 1061 sacerdotes
1103 994 1168 1060 in
1218 994 1442 1059 vestris
1489 993 1838 1060 diocesibus
1883 994 2209 1061 constituti
2252 994 2537 1061 homines
2583 993 3005 1081 predictorum
3044 995 3313 1061 fratrum
3348 1013 3573 1081 parro-

705 1102 958 1168 chianos
1015 1121 1159 1167 suos
1216 1100 1438 1165 nolunt
1491 1099 1555 1165 in
1603 1098 1777 1165 obitu
1817 1101 1913 1196 ¹ad
1976 1102 2359 1187 sepulturam
2406 1102 2703 1187 recipere,
2748 1101 2873 1167 nisi
2920 1121 3133 1167 eorum
3180 1100 3447 1167 heredes
3490 1098 3573 1164 de

703 1208 884 1276 bonis
929 1208 1363 1274 defunctorum
1411 1206 1644 1273 eisdem
1703 1207 2127 1275 sacerdotibus
2173 1208 2369 1276 velint
2411 1210 2593 1274 iuxta
2638 1228 2849 1275 eorum
2904 1207 3371 1295 beneplacitum
3430 1226 3572 1272 ero-

703 1336 884 1400 gare3
933 1314 1098 1400 quod
1143 1334 1330 1399 quam
1375 1313 1697 1397 indignum
1747 1313 1832 1380 sit
1875 1320 1939 1380 et
1984 1314 2403 1382 ecclesiastice
2447 1315 2739 1399 dignitati
2794 1316 3196 1400 contrarium,
3252 1334 3371 1381 nos
3430 1314 3571 1397 qni-

704 1422 844 1489 dem
891 1422 1138 1509 plenius
1183 1421 1614 1504 cognoscimus
1664 1425 1727 1486 et
1757 1420 2151 1488 discretionis
2180 1428 2389 1489 vestre
2431 1422 2712 1509 probitas
2755 1442 2883 1488 non
2921 1424 3188 1507 ignorat.
3258 1421 3571 1500 Quocirca

705 1528 1103 1596 universitati
1156 1532 1365 1594 vestre
1419 1547 1534 1613 per
1577 1528 1922 1614 apostolica
1976 1530 2215 1615 scripta
2256 1530 2649 1613 mandamus,
2697 1535 3003 1614 quatenus
3048 1529 3409 1596 sacerdotes
3452 1548 3570 1615 per

704 1642 948 1705 vestras
1004 1635 1294 1702 dioceses·
1339 1634 1709 1700 constitutos
1755 1655 2010 1703 monere
2056 1636 2388 1720 diligenter
2429 1641 2495 1704 et
2536 1636 2911 1724 compellere
2957 1636 3281 1719 studeatis,
3336 1642 3415 1703 ut
3456 1636 3569 1701 ho-

707 1744 910 1811 mines
957 1742 1376 1830 predictorum
1420 1741 1687 1807 fratrum
1702 1790 1720 1825 ‚
1769 1743 1876 1826 qui
1918 1745 1988 1808 in
2033 1764 2247 1810 eorum
2292 1744 2639 1831 parrochiis
2700 1750 3195 1828 commorantur,
3252 1763 3399 1811 cum
3460 1762 3566 1809 eos

707 1852 868 1917 mori
913 1849 1274 1933 contigerit,
1337 1847 1472 1913 sine
1515 1848 1869 1915 huiusmodi
1927 1851 2291 1933 gravamine
2338 1850 2416 1917 ad
2462 1851 2851 1939 sepulturam
2893 1852 3204 1937 recipiant
3246 1870 3373 1916 non
3418 1850 3565 1936 plns

707 1957 787 2024 ab
833 1957 922 2023 eis
967 1956 1360 2041 aliquatenus
1407 1956 1686 2021 exacturi
1731 1944 1991 2042 propter
2022 1957 2159 2042 hoc,
2208 1978 2393 2044 quam
2424 1956 2525 2024 vel
2562 1958 2991 2025 decedentium
3028 1962 3313 2025 extrema
3342 1956 3565 2024 volun-

705 2070 805 2131 tas
849 2062 950 2129 vel
1002 2062 1302 2130 heredum
1358 2060 1704 2129 liberalitas
1753 2063 1842 2130 eis
1899 2070 2123 2150 sponte
2180 2065 2431 2131 duxerit
2485 2063 2895 2148 largiendum.
2973 2065 3210 2132 Datum
3260 2063 3563 2131 Laterani

705 2170 782 2237 iii
823 2170 966 2236 idus
1011 2170 1226 2235 martii
1271 2168 1672 2255 pontificatus
1716 2172 1918 2237 nostri
1964 2192 2127 2238 anno
2172 2194 2232 2239 v.
2606 2247 2615 2257 ‚

920 2308 1041 2361 Sine
1077 2308 1222 2373 dato:
1268 2308 1337 2371 11,
1366 2308 1522 2360 108v.
1558 2327 1608 2359 n.
1633 2309 1730 2370 63;
1778 2310 1841 2361 A.
1873 2310 1937 2361 16
1973 2328 2024 2377 p.
2054 2310 2153 2361 112
2196 2312 2494 2376 „Treviris“;
2542 2312 2605 2363 A.
2630 2310 2701 2363 20
2735 2330 2786 2363 n.
2812 2312 2875 2363 61
2928 2310 3107 2363 Latine
3144 2318 3197 2362 et
3232 2311 3561 2373 Germanice;

707 2400 772 2452 D.
797 2399 865 2451 62
902 2398 1216 2451 Germanice.
1243 2428 1304 2435 —
1347 2398 1470 2465 ‚Cum
1505 2396 1650 2449 dato:
1689 2398 1964 2465 Originale,
2002 2417 2113 2451 cum
2147 2400 2286 2452 bulla
2320 2402 2373 2452 in
2406 2401 2504 2452 filis
2541 2400 2741 2452 sericeis
2774 2401 2939 2451 rubris
2973 2408 3027 2451 et
3046 2399 3198 2451 luteis
3220 2401 3561 2467 appendente,

706 2489 759 2540 in
783 2488 982 2541 archivo
1007 2487 1194 2539 ordinis
1217 2485 1513 2537 'theutonici
1531 2486 1924 2539 Vindobonensi.
1965 2488 2246 2541 Innocentii
2268 2490 2339 2541 IV
2363 2496 2663 2541 memoratur
2685 2489 2816 2541 inter
2836 2488 3240 2556 Mat-purgensis,
3260 2489 3477 2541 Honor-ii
3490 2488 3561 2540 IV

708 2578 838 2629 inter
873 2576 1190 2628 'trevirensis
1223 2575 1287 2627 R.
1318 2574 1434 2627 141.
1603 2576 1649 2627 1.
1685 2576 1979 2639 sinceriores
2013 2578 2081 2640 11,
2118 2578 2385 2630 sinceriore
2418 2580 2483 2631 A.
2503 2578 2589 2630 20.
3180 2593 3185 2601 ·

715 2816 890 2889 364.
931 2818 1104 2886 1221
1151 2820 1320 2883 iunii
1344 2818 1392 2882 2
1441 2816 1690 2883 Tibure.
1761 2818 2085 2884 Honorius
2118 2819 2240 2886 III
2274 2822 2495 2907 repetit
2534 2845 2597 2885 n.
2623 2822 2760 2887 328
2804 2822 2881 2886 de
2916 2821 3088 2887 1221
3134 2823 3429 2886 ianuarii
3452 2820 3557 2887 18.

933 2958 1250 3026 Honorius
1295 2964 1412 3025 etc.
1770 2957 1930 3036 Quia
1960 2958 2328 3047 plerumque
2361 2969 2476 3029 etc.
2546 2962 2781 3030 Datum
2811 2961 3041 3029 Tibure
3071 2962 3135 3028 iv
3165 2982 3367 3029 nonas
3405 2962 3559 3029 iunii

701 3066 1112 3155 'pontificatus
1155 3065 1358 3133 nostri
1405 3085 1567 3132 anno
1611 3085 1671 3131 v.

719 3265 902 3361 365.¹
932 3234 1110 3358 1222
1137 3292 1427 3356 ianuarii
1451 3289 1536 3357 21
1567 3288 1890 3356 Laterani.
1947 3289 2271 3356 Honorius
2305 3290 2427 3357 III
2443 3295 2665 3379 repetit
2707 3317 2769 3357 n.
2802 3292 2939 3358 342
2974 3294 3052 3377 de
3078 3292 3255 3359 1221
3300 3296 3434 3359 ian.
3453 3293 3557 3357 21.

932 3431 1248 3500 Honorius
1294 3437 1410 3499 etc.
1677 3432 1877 3499 Decet
1925 3430 2259 3517 pastoralis
2314 3436 2431 3499 etc.
2508 3432 2745 3501 Datum
2798 3430 3098 3500 Laterani
3150 3434 3243 3499 xii
3298 3433 3426 3501 kal.
3471 3434 3560 3501 fe-

712 3540 950 3609 bruarii
994 3538 1394 3627 pontificatus
1437 3539 1640 3606 nostri
1685 3559 1849 3606 anno
1895 3539 1978 3604 vi.

673 3792 679 3801 ⁸
718 3830 760 3903 3
773 3832 812 3902 6
825 3831 892 3902 6.
935 3835 1112 3902 1222
1135 3834 1467 3921 februare·
1491 3836 1536 3900 5
1581 3832 1903 3900 Laterani.
1962 3832 2287 3899 Honor-2:20⁸
2310 3833 2437 3901 m
2470 3837 2691 3921 repetit
2731 3859 2795 3899 n.
2822 3834 2956 3901 350
2988 3837 3066 3899 de
3096 3836 3267 3901 1221
3298 3836 3473 3919 febr.
3498 3836 3558 3901 5.

937 3975 1252 4042 Honorius
1299 3981 1416 4041 etc.
1681 3974 1824 4041 Etsi
1873 3975 2306 4041 universorum
2368 3980 2485 4042 etc.
2575 3974 2812 4043 Datum
2868 3974 3169 4044 Laterani
3218 3996 3421 4043 nonas
3474 3977 3561 4043 fe-

712 4082 948 4151 bruarii
993 4082 1391 4170 pontificatus
1435 4083 1636 4149 nostri
1681 4102 1842 4149 anno
1889 4082 1954 4148 vi
1966 4077 1999 4148 ¹.

929 4225 975 4276 1.
1009 4224 1180 4277 forsan
1216 4240 1278 4275 ex
1314 4240 1481 4275 errore
1515 4222 1822 4291 typographi
1854 4222 2109 4275 Duelliani
2143 4240 2235 4291 pro
2259 4224 2323 4287 V,
2360 4222 2499 4275 velut
2532 4224 2685 4276 etiam
2719 4224 2771 4275 in
2808 4241 2862 4275 n.·
2878 4222 2999 4276 364.

721 4498 815 4572 36
829 4500 896 4570 7.
936 4502 1115 4569 1222
1137 4502 1470 4585 februarii
1507 4503 1596 4568 20
1639 4503 1947 4569 Laterani
1989 4501 2198 4582 (1223
2238 4506 2490 4569 ianuar.
2539 4503 2627 4569 13
2672 4502 3029 4585 Laterani).
3094 4502 3419 4569 Honorius
3447 4502 3498 4569 I
3490 4500 3569 4567 ΙΙ

934 4610 1104 4675 iubet
1136 4610 1454 4697 praelatos
1487 4612 1770 4676 ordinem
1805 4610 2253 4677 Theutonieum
2280 4634 2473 4676 mann
2502 4622 2703 4677 tenere
2728 4614 2799 4677 in
2830 4612 3201 4697 quaerendis
3224 4632 3345 4697 per
3374 4610 3559 4675 eccle-

935 4720 1064 4782 sias
1110 4718 1504 4803 elemosynis
1551 4730 1609 4784 et
1653 4718 1870 4804 leym
1911 4718 2197 4805 plenarie
2238 4720 2632 4805 recepiendie.

936 4840 1252 4908 Honorius
1306 4840 1636 4927 episcopus
1691 4861 1906 4907 servus
1962 4862 2285 4911 servorum
2340 4842 2442 4908 dei
2497 4840 2953 4909 venerabilibus
3006 4840 3308 4909 fratribus
3363 4842 3561 4908 archi-

718 4948 1028 5035 episcopis
1085 4952 1150 5015 et
1193 4948 1502 5036 episcopis
1561 4953 1624 5016 et
1667 4948 1911 5016 dilectis
1954 4948 2101 5017 filiis
2149 4948 2496 5034 abbatibuS,
2553 4948 2889 5036 prioribus,
2937 4950 3411 5033 archidiaconis,
3456 4948 3561 5015 de-
