3892 5609
1110 320 1340 365 rnam
1385 318 1668 366 sANc‘rA.
1739 320 2072 368 annuum.
2144 319 2409 367 errans
2664 322 2671 327 ·
3096 310 3195 381 85

733 408 763 441 Χ

323 476 545 545 Galter
591 477 826 556 Quelbe
871 477 1046 545 Arab
1095 500 1128 545 e
1175 475 1436 545 Gautier
1479 476 1716 545 Lanne.
1799 478 1884 545 Ce
1927 481 1999 545 fu
2044 480 2163 546 fait
2209 499 2247 545 a
2290 478 2573 547 Nicossie
2630 498 2708 547 en
2760 478 2889 545 l'an
2935 454 3013 545 de
3054 480 3199 545 l'in-

323 586 662 653 carnacion
706 586 784 652 de
827 590 1043 651 nostre
1089 604 1499 687 segnonmcc
1545 591 1610 653 et
1651 586 1749 653 liii
1798 586 1857 653 el
1903 586 2063 653 mois
2112 586 2189 652 de
2231 586 2542 653 huitovre.

536 726 629 787 111,
673 726 789 777 154.
830 698 846 701 “
975 728 1019 777 1.
1059 726 1197 777 1252
1234 727 1443 792 ap.1,as
1479 726 1685 779 Mattrie
1722 726 1789 788 Π,
1819 726 1886 776 67
1924 726 2137 793 Phelipe
2175 726 2239 776 ‹10
2275 726 2511 777 anaim.

1441 924 1691 932 -—-—--—-—

331 1078 504 1149 106.
549 1081 724 1145 1254
750 1082 926 1165 febr.
955 1083 1040 1147 19
1085 1082 1344 1147 Romae.
1421 1083 1764 1149 ottobonus
1810 1082 2160 1147 cardinaliis
2208 1083 2377 1147 litem
2408 1083 2703 1166 fratrum
2748 1085 2991 1148 ordinis
3036 1083 3095 1147 h.
3130 1084 3193 1147 d.

555 1188 670 1253 Th.
707 1189 760 1253 I.
811 1201 868 1253 et
905 1188 1232 1274 Aymerici
1272 1189 1558 1274 Barlays
1605 1190 1684 1253 de
1729 1188 2043 1255 casalibus
2085 1187 2329 1255 Arahie
2374 1202 2432 1253 et
2474 1190 2831 1255 Zachanim
2877 1191 3138 1255 dirimit.

547 1329 621 1395 In
679 1330 934 1395 nomine
994 1329 1250 1395 domini.
1319 1329 1546 1395 Amen.
1629 1328 1934 1411 Causam,
1997 1348 2118 1413 que
2162 1328 2428 1395 vertitur
2483 1331 2649 1397 inter
2704 1330 3079 1413 magistrum
3136 1335 3201 1396 et

320 1436 550 1503 fratres
597 1436 821 1502 domus
867 1442 1082 1501 sancte
1128 1434 1327 1501 Marie
1369 1436 1942 1502 Theuthonicorum
1984 1434 2235 1501 Accone
2282 1456 2361 1501 ex
2406 1442 2589 1521 parte
2632 1456 2759 1502 una
2815 1442 2879 1503 et
2922 1435 3197 1502 nobilem

321 1544 530 1608 virum
590 1543 1000 1629 Aymericum
1053 1541 1318 1629 Barlays
1389 1562 1466 1608 ex
1523 1543 1726 1609 altera
1792 1562 1983 1629 super
2039 1541 2351 1608 casalibus
2406 1542 2643 1609 Arabie
2716 1547 2781 1609 et
2834 1542 3198 1626 Zachanim,

322 1650 614 1716 dominus
669 1654 886 1716 noster
941 1670 1224 1716 summus
1292 1650 1578 1735 pontifex
1649 1648 1832 1714 nobis
1889 1648 2235 1732 Ottobono,
2308 1650 2721 1715 miseracione
2778 1648 2995 1715 divina
3054 1670 3199 1715 san-

321 1756 410 1822 cti
452 1756 722 1822 Adriani
768 1754 1032 1821 diacono
1078 1757 1412 1841 cardinali,
1471 1755 1848 1822 audiendam
1897 1756 2231 1821 commisit.
2318 1754 2689 1822 constitutis
2746 1757 2939 1840 igitur
2984 1778 3194 1823 coram

319 1863 505 1929 nobis
535 1862 729 1929 fratre
760 1861 1050 1929 Conrado
1099 1870 1505 1949 procuratore
1551 1861 1979 1948 predictorum
2012 1862 2303 1946 magistri
2349 1868 2415 1928 et
2456 1862 2727 1929 fratrum
2772 1883 2887 1950 pro
2932 1864 3090 1950 ipsis
3136 1869 3200 1930 et

319 1969 572 2052 Perino,
620 1969 786 2035 dicto
808 1967 1087 2056 Yspan0,
1134 1974 1544 2056 procuratore
1575 1969 1842 2055 predicti
1873 1968 2105 2035 nobilis
2135 1989 2251 2054 pro
2284 1968 2523 2053 eodem,
2573 1970 2776 2036 dictus
2806 1970 3003 2037 frater
3032 1970 3197 2036 Con-

319 2075 514 2141 radus
559 2075 843 2142 libellum
890 2077 1117 2143 obtulit
1161 2076 1276 2143 sub
1323 2077 1440 2142 hac
1485 2076 1718 2143 forma:
1772 2074 2041 2160 „Coram
2074 2076 2273 2160 vobis,
2320 2075 2665 2142 venerabili
2714 2082 2891 2161 patre
2942 2076 3195 2143 domino

321 2182 658 2266 Ottobono,
707 2184 910 2249 sancti
937 2184 1206 2250 Adriani
1239 2184 1500 2250 diacono
1533 2183 1858 2266 cardinali,
1906 2182 2305 2270 presentibus
2354 2183 2639 2248 auditore
2687 2203 3001 2267 concesse,
3048 2204 3197 2270 pro-

319 2290 506 2375 ponit
548 2290 744 2355 frater
776 2290 1102 2357 Conradus
1149 2296 1518 2377 procurator
1564 2297 1707 2373 etc.,
1755 2294 1976 2357 contra
2017 2289 2315 2355 Perinum
2347 2289 2781 2376 Yspaniolum,
2830 2295 3199 2376 procurato-

321 2416 458 2461 rem
507 2396 743 2462 domini
774 2396 1097 2483 Aymerici
1126 2397 1414 2483 BarlayS,
1460 2398 1713 2463 nomine
1758 2397 1984 2483 ipsiuS,
2032 2396 2220 2482 quod,
2266 2415 2409 2462 cum
2456 2396 2591 2482 ipse
2620 2397 2922 2479 magister
2962 2403 3027 2463 et
3068 2397 3196 2463 fra-

319 2508 452 2567 tres
511 2509 724 2569 essent
775 2505 842 2569 in
899 2506 1294 2590 possessione
1351 2504 1656 2570 casalium
1701 2504 1938 2570 Arabie
1998 2508 2062 2569 et
2104 2502 2441 2569 Zachanim
2506 2508 2570 2569 et
2623 2503 2910 2589 predicta
2964 2504 3201 2570 casalia

322 2629 462 2673 cum
511 2609 756 2675 iuribus
801 2617 866 2677 et
909 2611 1305 2697 pertinentiis
1353 2610 1484 2675 suis
1530 2610 1720 2693 longo
1766 2616 2052 2697 tempore
2096 2610 2545 2698 possedissent,
2589 2608 2849 2696 pacifice
2884 2630 2957 2676 ac
2988 2612 3198 2695 quiete

323 2720 388 2781 et
429 2715 710 2799 legitime
756 2718 1171 2803 possiderent,
1219 2718 1422 2783 dictus
1457 2716 1832 2803 Aymericus
1879 2718 2132 2783 eosdem
2176 2717 2549 2800 magistrum
2597 2721 2661 2781 et
2704 2716 2933 2783 fratres
2978 2722 3201 2783 contra

321 2823 629 2889 iustitiam
681 2824 942 2909 spoliari
985 2842 1330 2911 procurans
1362 2824 1546 2889 dictis
1583 2823 1892 2890 casalibus
1941 2830 2007 2890 et
2050 2823 2549 2909 possessionibus
2596 2823 2935 2889 eorundem
2982 2844 3057 2890 ea
3098 2825 3198 2889 in-

322 2927 532 2994 debite
579 2924 910 3016 occupavit
955 2937 1018 2997 et
1062 2932 1302 2998 detinet
1347 2936 1653 3015 occupata
1695 2930 1762 2996 in
1808 2952 2001 3014 grave
2046 2931 2391 3017 dampnum
2436 2930 2863 3016 predictorum
2908 2930 3199 3015 magistri

321 3040 387 3101 et
429 3034 696 3101 fratrum
747 3041 810 3102 et
853 3038 920 3102 in
965 3037 1312 3123 periculum
1361 3038 1570 3102 anime
1615 3056 1726 3103 sue
1771 3042 1836 3103 et
1879 3037 2248 3104 scandalum
2288 3036 2728 3124 plurimorum.
2808 3036 2988 3102 Unde
3030 3038 3194 3123 petit

319 3142 577 3209 nomine
622 3144 912 3226 magistri
945 3150 1009 3210 et
1036 3145 1302 3209 fratrum
1353 3144 1815 3229 possessionem
1860 3144 2283 3229 predictorum
2332 3144 2635 3210 casalium
2682 3163 2823 3210 cum
2872 3145 3191 3229 pertinen-

321 3248 436 3313 ciis
484 3250 826 3316 eorundem
871 3250 994 3317 sibi
1039 3251 1286 3316 restitui
1341 3270 1486 3315 cum
1530 3250 1837 3316 fructibus
1895 3252 2241 3337 perceptis·
2266 3252 2475 3317 medio
2530 3256 2816 3335 tempore
2871 3256 2935 3315 et
2986 3252 3191 3335 perci-

319 3354 590 3441 piendis,
641 3376 795 3440 quos
841 3358 1097 3422 estimat
1141 3358 1358 3423 decem
1405 3356 1604 3422 millia
1649 3376 2027 3441 marcarum,
2076 3357 2153 3423 de
2185 3356 2410 3441 quibus
2442 3357 2731 3422 omnibus
2776 3356 2938 3441 petit
2980 3357 3191 3441 ipsum

318 3460 644 3527 dominum
689 3462 1095 3549 Aymericum
1145 3468 1209 3529 et
1254 3469 1721 3548 procuratorem
1771 3464 1904 3529 eius
1958 3485 2072 3549 pro
2120 3483 2195 3530 eo
2240 3464 2695 3530 sententialiter
2740 3464 3191 3550 condempnari

321 3574 386 3635 et
429 3569 510 3634 ad
553 3570 976 3655 predictorum
1026 3570 1516 3636 satisfactionem
1567 3569 1890 3656 compelli,
1953 3574 2015 3635 et
2070 3570 2189 3635 hoc
2240 3569 2401 3655 petit
2446 3590 2584 3635 cum
2634 3571 2925 3657 dampnis
2971 3576 3036 3637 et
3081 3590 3190 3637 ex-

319 3676 536 3761 pensis
579 3675 783 3761 factis,
832 3697 952 3761 que
986 3683 1050 3742 et
1079 3698 1236 3762 quas
1267 3677 1418 3742 dicti
1449 3678 1753 3759 mag-ister
1781 3664 1848 3742 et
1881 3676 2110 3742 fratres
2157 3676 2591 3741 sustinuerunt
2634 3697 2745 3741 seu
2790 3677 3191 3743 incurrerunt

319 3789 584 3869 propter
627 3784 1097 3869 occupationem
1160 3803 1272 3848 seu
1329 3784 1776 3869 spoliacionem
1838 3784 2219 3870 predictam,
2277 3802 2398 3866 que
2454 3783 2666 3849 omnia
2716 3783 2971 3849 estimat
3013 3782 3189 3849 mille

317 3910 586 3973 marcas,
635 3894 700 3955 et
745 3908 1052 3975 expensas
1097 3888 1418 3955 faciendas
1463 3895 1869 3976 protestatur,
1915 3890 2089 3955 salvo
2134 3890 2270 3956 iure
2317 3886 2477 3955 etc.“
2555 3888 2697 3955 Lite
2741 3890 2953 3975 itaque
2999 3910 3189 3975 super

317 3996 604 4083 predicto
633 3996 846 4062 libello
875 3997 1042 4061 inter
1071 3996 1244 4081 ipsos
1276 4002 1716 4081 procuratores
1747 3998 2027 4080 legitime
2056 3992 2455 4078 contestata¹,
2501 3996 2889 4081 prestitoque
2922 3996 2999 4062 ab
3026 3996 3189 4082 ipsis

318 4103 676 4189 calumpnie
722 4102 1110 4184 iuramento,
1167 4102 1350 4168 factis
1404 4102 1551 4168 hinc
1602 4104 1749 4170 inde
1795 4102 2210 4189 positionibus
2257 4108 2321 4168 et
2366 4102 2879 4189 responsionibus
2925 4103 3007 4168 ad
3052 4123 3189 4170 eas-

315 4212 466 4277 dem
519 4210 1013 4294 iuramentisque
1069 4208 1425 4296 productis,
1483 4210 1648 4276 datis
1705 4210 1904 4276 eciam
1952 4210 2328 4295 quibusdam
2376 4208 2655 4276 articulis
2699 4228 2740 4275 a
2783 4216 3189 4294 procuratore

315 4316 549 4383 nobilis
595 4317 950 4401 memorati,
997 4316 1394 4403 supradictus
1425 4316 1622 4384 frater
1653 4316 1978 4383 Conradus
2024 4317 2465 4383 intencionem·
2490 4336 2669 4382 suam
2712 4316 3040 4383 fundatam
3088 4337 3189 4383 as-

315 4444 534 4491 serens
581 4444 696 4510 per
741 4423 1200 4489 confessionem
1244 4423 1521 4491 maxime
1565 4424 1995 4510 procuratoris
2040 4410 2342 4507 eiusdem,
2390 4444 2504 4510 per
2538 4444 2723 4508 quam
2770 4424 2937 4490 inter
2982 4430 3189 4491 cetera

315 4536 606 4597 constare
637 4529 905 4614 dicebat,
949 4530 1114 4615 quod
1143 4531 1446 4617 predictis
1475 4531 1776 4597 fratribus
1805 4530 2273 4617 possidentibus
2304 4530 2539 4595 casalia
2568 4536 2936 4615 memorata,
2984 4532 3186 4597 dictus

315 4638 725 4725 Aymericus,
771 4636 1030 4703 veniens
1076 4636 1155 4701 ad
1201 4638 1344 4722 ipsa
1388 4636 1621 4703 casalia
1665 4656 1808 4703 cum
1854 4638 2146 4722 armatis,
2206 4637 2543 4703 eorundem
2596 4636 2895 4701 casalium
2940 4658 3188 4723 posses-

317 4746 496 4811 sione
540 4743 770 4809 fratres
801 4742 1100 4829 spoliavit
1129 4743 1404 4827 eosdem,
1453 4743 1850 4810 diffinitivam
1895 4746 2277 4811 sentenciam
2327 4746 2514 4831 petiit
2557 4764 2672 4830 pro
2720 4764 2787 4809 se
2831 4743 3003 4810 ferri.
3064 4744 3187 4811 Ve-

315 4872 460 4918 rum
505 4849 774 4937 predicti
819 4848 1048 4915 nobilis
1094 4856 1464 4936 procurator
1509 4850 1835 4937 respondit
1880 4870 1960 4917 ex
2008 4852 2302 4936 adverse,
2362 4850 2529 4936 quod
2572 4852 2741 4917 idem
2790 4850 3016 4917 nobilis
3060 4870 3189 4917 non

321 4958 586 5045 propria
630 4956 1004 5023 auctoritate
1048 4957 1390 5023 eorundem
1436 4957 1734 5023 casalium
1793 4958 2257 5044 possessionem
2310 4958 2664 5041 invaserat,
2724 4956 2837 5023 sed
2886 4976 3025 5023 eam
3076 4956 3188 5027 ha-
