3892 5609
997 396 1014 409 ·
1100 398 1326 445 mam
1373 396 1657 445 sarton.
1727 397 2061 446 annuum.
2130 397 2398 447 ornans
3052 375 3070 391 ‘
3086 389 3131 461 8
3145 386 3187 458 3

314 554 506 621 minis
527 552 833 621 Liddensi
859 555 1154 642 episcopo
1185 562 1250 623 et
1273 555 1734 624 Bethlemitano
1761 556 1981 642 electo,
2008 558 2381 625 auctoritate
2409 556 2739 625 literarum
2764 557 3003 623 domini
3025 578 3191 644 pape

315 660 628 728 iudicibus
659 661 964 745 delegatis
991 682 1108 749 pro
1139 662 1268 728 iam
1291 663 1460 730 dicto
1491 663 1805 752 episcopo,
1831 685 2099 751 quarum
2127 666 2453 733 literarum
2486 664 2726 731 domini
2756 684 2921 751 pape
2952 668 3017 730 et
3046 664 3193 731 sub-

315 764 729 851 delegationis
751 769 996 855 prefato
1021 769 1326 853 magistro
1343 768 1594 837 Matheo
1617 768 1937 859 suscepte¹
1960 793 1999 839 a
2021 773 2322 860 predictis
2346 772 2657 839 iudicibus
2687 777 2868 839 tenor
2890 771 3039 838 talis
3065 776 3190 838 est:

320 873 942 959 „Innocentius“
991 876 1085 958 (n.
1115 877 1276 959 101)
1323 882 1389 943 et
1431 876 1936 961 „Arnoldus“
1987 880 2082 962 (n.
2110 881 2293 963 102).
2368 878 2575 966 Super
2619 878 2994 962 quibusdam
3043 898 3192 945 vero

314 981 506 1048 rebus
534 982 604 1047 in
633 980 846 1049 libello
875 982 1188 1049 contentis
1217 989 1506 1069 porrecto
1536 986 1933 1070 procuratori
1964 986 2253 1070 magistri
2285 990 2349 1051 et
2378 990 2742 1069 conventus,
2780 986 2956 1050 cuius
2988 985 3195 1050 forma

317 1088 465 1154 talis
497 1093 622 1155 est:
675 1088 944 1173 „Coram
975 1088 1177 1173 vobis,
1223 1089 1476 1157 domine
1505 1089 1776 1176 Matheo,
1819 1092 2199 1160 venerabilis
2230 1092 2527 1159 canonice
2560 1096 2625 1159 et
2664 1086 3035 1178 preceptor’
3065 1092 3194 1158 Do-

316 1195 537 1261 minici
569 1194 918 1282 Sepulchri,
967 1196 1369 1280 subdelegato
1399 1216 1438 1262 a
1465 1198 1928 1265 venerabilibus
1961 1199 2249 1285 patribus
2280 1198 2533 1266 domino
2562 1196 2867 1265 Liddensi
2898 1190 3193 1284 episcopo

319 1307 386 1367 et
413 1302 665 1369 domino
695 1301 1159 1370 Bethlemitano
1192 1303 1388 1371 electo
1421 1305 1793 1372 auctoritate
1826 1304 2157 1372 literarum
2188 1305 2429 1372 domini
2473 1325 2639 1392 pape
2682 1304 2994 1372 iudicibus
3026 1304 3194 1371 dele-

318 1409 506 1493 gatis,
552 1410 853 1495 proponit
891 1411 1089 1478 frater
1115 1409 1790 1496 B(artholomeus)
1837 1414 2171 1499 episcopus
2200 1411 2589 1479 Ebronensis
2634 1432 2751 1499 pro
2798 1432 2867 1478 se
2912 1417 2977 1479 et
3022 1411 3196 1498 capi-

317 1513 453 1581 tulo
499 1516 634 1581 eius
679 1521 744 1582 et
787 1517 1052 1584 ecclesia
1096 1538 1212 1584 sua
1235 1516 1590 1585 Ebronensi
1633 1525 1854 1586 contra
1881 1517 2307 1587 venerabilem
2338 1519 2657 1585 dominum
2709 1519 3082 1602 magistrum
3134 1523 3199 1583 et

319 1626 696 1694 conventum
728 1629 944 1690 sancte
973 1623 1172 1691 Marie
1196 1625 1790 1710 Theuthonicorum,
1822 1626 1992 1711 quod
2019 1626 2145 1713 ipsi
2175 1626 2461 1692 detinent
2488 1626 2721 1691 iniuste
2750 1626 2817 1691 in
2852 1624 3199 1712 dampnum

321 1734 390 1794 et
415 1749 756 1812 gravamen
790 1731 1050 1798 ecclesie
1070 1731 1461 1800 Ebronensis
1494 1733 1799 1819 quasdam
1832 1732 2051 1799 domos
2081 1733 2149 1799 in
2180 1732 2377 1816 burgo
2407 1730 2642 1798 Montis
2673 1730 2956 1799 Musardi
2985 1733 3054 1798 in
3077 1732 3201 1797 Ta-

319 1836 504 1901 uaria
533 1836 688 1903 sitas
733 1838 800 1903 in
830 1838 1152 1905 territorio
1184 1839 1444 1907 ecclesie
1475 1839 1864 1907 Ebronensis
1909 1858 2109 1926 prope
2153 1837 2480 1905 ecclesiam
2521 1843 2737 1906 sancte
2761 1838 3091 1905 Trinitatis
3136 1843 3203 1905 et
3304 1908 3313 1917 ,

320 1930 506 2011 iu'xta
533 1943 790 2009 domum
818 1942 1099 2033 Philippi
1128 1948 1397 2031 Tanaor,
1445 1952 1510 2015 et
1552 1966 1746 2012 unam
1781 1945 1972 2013 aliam
2002 1946 2241 2012 vultam
2286 1964 2572 2032 parvam,
2622 1965 2744 2030 que
2788 1949 2887 2010 est
2927 1945 2996 2010 in
3041 1964 3203 2027 ruga

321 2056 540 2116 sancte
569 2050 934 2136 Katherine,
982 2073 1170 2138 quam
1202 2054 1376 2121 dedit
1404 2052 1587 2121 nobis
1620 2052 1910 2119 dominus
1941 2051 2241 2119 Turricus
2274 2052 2351 2119 de
2383 2050 2645 2119 Oufholt
2674 2050 2876 2135 miles,
2925 2071 3045 2136 que
3077 2052 3203 2117 sita

323 2160 422 2223 est
451 2158 518 2223 in
542 2156 850 2243 domibus,
883 2180 1004 2245 que
1031 2161 1288 2229 fuerunt
1317 2160 1588 2248 predicti
1621 2158 1864 2243 militie,
1895 2158 2066 2226 infra
2092 2159 2396 2227 terminos
2425 2160 2494 2224 in
2522 2178 2636 2225 suo
2668 2157 2997 2245 privilegio
3030 2176 3201 2224 com-

321 2264 687 2350 prehensos,
736 2286 858 2351 que
888 2268 1102 2333 omnia
1129 2268 1449 2353 pertinent
1476 2265 1557 2332 ad
1599 2266 1698 2331 ius
1747 2270 1810 2333 et
1854 2266 2310 2352 proprietatem
2340 2264 2602 2333 ecclesie
2631 2264 3019 2331 Ebronensis
3062 2264 3201 2329 iure

321 2371 588 2437 dominii
616 2371 718 2439 vel
762 2373 964 2457 quasi,
1013 2379 1078 2439 et
1113 2379 1372 2460 paratus
1415 2378 1513 2440 est
1543 2373 1746 2439 dictus
1779 2373 2111 2460 episcopus
2154 2373 2244 2439 eis
2278 2372 2607 2439 ostendere
2646 2371 2873 2438 iudicis
2916 2370 3199 2436 arbitriO.

323 2476 530 2557 Quare
559 2478 721 2565 petit
749 2478 954 2545 dictus
987 2480 1318 2566 episcopus
1350 2480 1570 2546 domos
1600 2480 1920 2567 predictas
1951 2499 2066 2566 per
2094 2499 2229 2564 vos,
2275 2479 2527 2546 domine
2557 2478 2770 2563 iudex,
2812 2476 3203 2544 sententiali-

273 2596 287 2605 '
322 2591 420 2651 ter
453 2569 800 2651 adiudicari
832 2584 953 2653 sibi
985 2591 1050 2654 et
1078 2586 1338 2653 ecclesie
1365 2585 1722 2653 Ebronensi
1755 2606 1896 2652 cum
1929 2585 2103 2652 omni
2134 2606 2327 2653 causa
2356 2592 2420 2653 et
2446 2584 2690 2653 iuribus
2724 2586 2874 2668 suis,
2906 2587 2970 2651 et
3000 2584 3203 2650 dictos

322 2692 695 2775 magistrum
728 2698 794 2758 et
823 2697 1200 2759 conventum
1231 2692 1526 2779 compelli
1572 2692 1652 2759 ad
1697 2691 2171 2760 restitucionem
2215 2692 2641 2781 predictarum
2681 2690 3009 2758 domorum
3058 2710 3203 2757 cum

321 2799 733 2885 pensionibus
777 2799 925 2865 inde
969 2800 1284 2887 perceptis
1315 2820 1354 2867 a
1383 2800 1611 2883 viginti
1642 2799 1825 2865 annis
1856 2794 2083 2884 reti-0⁸,
2131 2820 2287 2885 quas
2334 2800 2591 2866 estimat
2627 2798 2755 2865 tria
2782 2798 2962 2864 milia
2991 2798 3203 2864 bisan-

321 2907 556 2972 tiorum
587 2910 1153 2992 sarracenatorum,
1187 2911 1250 2973 et
1277 2907 1394 2973 hec
1421 2907 1722 2993 proponit
1751 2905 1925 2973 salvo
1956 2908 2095 2973 iure
2126 2906 2399 2973 addendi
2427 2904 2529 2973 vel
2558 2904 2905 2988 minuendi,
2949 2910 3013 2971 et
3044 2905 3207 2990 petit

324 3032 658 3100 expensas,
703 3013 901 3079 factas
933 3018 1319 3100 protestatur
1350 3019 1416 3080 et
1442 3012 1829 3081 faciendas.“
1889 3013 2192 3097 Magister
2222 3034 2371 3080 vero
2404 3018 2469 3080 et
2497 3016 2841 3079 conventus
2884 3011 2955 3077 in
2987 3011 3201 3078 defen-

325 3120 503 3186 sione
547 3120 702 3186 iuris
749 3120 972 3187 domus
1028 3122 1309 3207 predicte
1367 3120 1736 3208 excipiendo
1793 3124 2261 3207 proposuerunt
2312 3119 2429 3187 sub
2473 3119 2593 3186 hac
2635 3119 2873 3185 forma:
2923 3117 3199 3202 „Frater

325 3226 380 3293 G
397 3248 437 3293 u
451 3225 780 3293 alterius
809 3233 1182 3313 procurator
1205 3228 1427 3294 domus
1459 3232 1675 3293 sancte
1697 3225 1898 3293 Marie
1909 3225 2483 3294 Theuthonicorum
2506 3225 2877 3312 excipiendo
2901 3225 3201 3311 proponit

321 3334 756 3420 procuratorio
801 3335 1077 3419 nomine,
1125 3334 1293 3418 quod
1320 3353 1434 3401 vos
1479 3334 1783 3417 magister
1811 3332 2177 3417 M(atheus),
2224 3332 2806 3400 lherosolimitanus
2841 3332 3197 3416 canonieus,

323 3461 452 3507 non
497 3440 743 3507 habetis
791 3441 1067 3526 aliquam
1110 3440 1608 3507 iurisdictionem
1639 3458 1756 3507 nec
1783 3440 2018 3507 habere
2054 3441 2321 3525 potestis
2355 3440 2726 3507 auctoritate
2754 3438 3084 3505 literarum
3119 3438 3198 3505 ad

323 3566 438 3613 vos
469 3547 870 3614 obtentarum
899 3566 1014 3634 per
1035 3547 1462 3617 venerabilem
1490 3553 1736 3635 patrem
1762 3547 2087 3613 dominum
2118 3546 2484 3632 episcopum
2503 3545 2937 3615 Ebronensem
2970 3550 3036 3611 et
3065 3547 3199 3611 eius

325 3654 673 3741 capitulum
717 3654 785 3719 in
821 3655 1196 3743 magistrum
1244 3661 1310 3721 et
1351 3655 1582 3722 fratres
1626 3655 1908 3741 predicte
1942 3654 2187 3735 domus,
2234 3672 2375 3719 cum
2411 3653 2568 3740 ipsis
2610 3654 2915 3737 magistro
2965 3656 3029 3719 et
3070 3653 3199 3717 fra-

324 3762 528 3828 tribus
560 3781 599 3827 a
628 3760 776 3827 sede
806 3760 1152 3848 apostolica
1181 3761 1267 3847 sit
1294 3760 1632 3846 indultum,
1677 3781 1758 3828 ne
1801 3760 2050 3848 possint
2088 3759 2407 3828 conveniri
2454 3760 2827 3829 auctoritate
2873 3760 3203 3826 literarum

327 3866 566 3935 domini
609 3888 796 3954 pape,
841 3868 968 3933 nisi
1011 3868 1078 3934 in
1119 3868 1280 3955 ipsis
1311 3867 1512 3935 literis
1543 3866 1656 3933 fiat
1683 3868 1922 3934 mentio
1954 3868 2033 3933 de
2064 3884 2281 3933 eorum
2312 3865 2560 3949 ordine;
2609 3871 2673 3933 et
2714 3867 3023 3953 producta
3064 3866 3201 3933 fue-

325 3979 478 4040 runt
519 3973 854 4061 privilegia
897 3994 976 4041 ex
1021 3980 1203 4061 parte
1237 3973 1808 4041 Theuthonicorum
1859 3974 1940 4041 ad
1992 3972 2351 4061 probandas
2398 3974 2799 4059 exceptiones
2846 3972 3198 4060 predictas:

331 4078 810 4165 „Gregorius
855 4082 1186 4167 episcopus
1233 4101 1450 4147 servus
1499 4100 1821 4148 servorum
1870 4080 1975 4148 dei
2020 4078 2265 4147 dilectis
2309 4078 2455 4146 filiis
2486 4079 2851 4147 Hermanno
2895 4081 3201 4165 magistro

325 4186 661 4273 hospitalis
705 4193 922 4254 sancte
953 4186 1152 4255 Marie
1183 4188 1752 4255 Theuthonicorum
1789 4185 2320 4254 lherosolimitani
2364 4186 2635 4254 salutem
2682 4193 2747 4253 et
2791 4188 3203 4273 apostolicam

325 4293 846 4361 benedictionem.
894 4294 1122 4361 Vestra
1149 4294 1392 4380 religio,
1423 4297 1600 4362 cuius
1631 4295 1833 4360 bonus
1865 4294 2021 4360 odor
2040 4292 2227 4377 longe
2254 4292 2505 4377 lateque
2535 4292 2927 4378 diffunditur,
2962 4296 3203 4380 specia-

322 4400 448 4467 lem
481 4400 826 4487 apostolice
857 4401 1024 4468 sedis
1054 4402 1336 4468 favorem
1361 4409 1426 4469 et
1447 4403 1724 4486 graciam
1750 4397 2187 4490 promeretur“
2213 4397 2375 4465 etc.“
2424 4401 2614 4467 Item:
2645 4400 2874 4486 „Inno
2890 4401 3100 4468 centi
3118 4421 3157 4465 u
3173 4420 3203 4465 s

285 4524 302 4537 ·
327 4508 660 4595 episcopus
706 4527 924 4574 servus
972 4528 1296 4575 servorum
1343 4509 1446 4576 dei
1501 4510 1806 4593 magistro
1865 4514 1930 4575 et
1970 4505 2275 4573 fratribus
2322 4506 2915 4574 Theuthonicorum.
2994 4506 3205 4585 Quieti

324 4620 536 4681 vestre
575 4614 907 4701 providere
935 4614 1215 4682 volentes
1249 4617 1620 4683 auctoritate
1652 4616 1830 4683 vobis
1873 4615 2267 4701 presencium
2298 4614 2697 4698 indulgemus
2730 4610 2891 4681 etc.“
2918 4648 3003 4660 —
3039 4612 3203 4678 Tan-

327 4722 470 4789 dem
515 4740 634 4808 pro
681 4720 844 4788 bono
890 4723 1064 4807 pacis
1111 4728 1176 4788 et
1218 4722 1571 4808 concordie,
1618 4729 1683 4790 et
1714 4723 1864 4807 quia
1894 4726 2032 4788 erat
2060 4721 2439 4788 honerosum
2478 4726 2542 4787 et
2576 4726 3013 4807 sumptuosum
3046 4719 3205 4784 utri-

329 4848 450 4913 que
495 4828 666 4914 parti
711 4828 944 4894 iudicio
988 4828 1240 4912 litigare
1256 4879 1275 4912 ,
1333 4830 1590 4895 nomine
1635 4828 2081 4897 transactionis
2128 4828 2207 4894 ad
2254 4826 2442 4894 talem
2492 4827 2891 4894 concordiam
2939 4827 3206 4892 devene-
3324 4820 3331 4827 ’

325 4940 496 5021 runt,
541 4934 836 5001 videlicet
865 4935 1032 5020 quod
1071 4936 1374 5020 magister
1419 4940 1484 5003 et
1528 4941 1872 5003 conventus
1917 4936 2153 5022 prefati
2196 4940 2625 5002 convenerunt
2669 4938 2734 5000 et
2778 4933 3207 5019 promiserunt

327 5042 480 5109 dare
527 5046 592 5109 et
636 5041 878 5108 solvere
923 5062 1038 5109 seu
1079 5041 1220 5109 dari
1265 5048 1331 5111 et
1374 5043 1535 5111 solvi
1580 5044 1788 5111 facere
1834 5042 2117 5131 predicto
2164 5044 2460 5131 episcopo
2507 5046 2572 5109 et
2617 5041 2751 5108 eius
2796 5039 3074 5128 capitulo
3104 5038 3208 5105 vel

2697 5153 2782 5210 δῦ
