3892 5609
1367 366 1757 414 Pammeni
1803 367 2191 415 GENERALIA
3048 357 3194 427 401

349 524 416 574 de
457 523 591 574 1418
627 523 796 576 decbr.
819 523 854 574 2
888 523 942 574 in
976 524 1176 576 archivo
1209 523 1594 592 Regimonteno.
1633 555 1692 563 —-
1735 525 1856 576 Cum
1892 525 2036 577 dato:
2072 525 2307 591 Anagnie
2342 523 2378 576 6
2411 524 2483 576 id.
2506 522 2611 575 iulii
2648 542 2698 590 p.
2724 542 2773 576 n.
2799 541 2845 575 a.
2872 523 2921 576 6.
2960 523 3202 589 originale

346 613 600 678 quondam
636 612 849 680 (Confi.)
885 613 1132 666 Iuneense
1175 629 1288 666 oum
1321 613 1460 666 bulla
1497 613 1552 665 in
1587 614 1686 666 filis
1722 615 1924 666 sericeis
1960 615 2122 666 rubris
2158 623 2213 666 et
2244 613 2393 665 luteis
2429 629 2657 680 appensa
2690 613 2743 664 in
2780 612 2977 664 archivo
3015 612 3202 664 ordinis

345 701 646 753 'l'heutonici
681 701 1074 755 Vindobonemi.

352 869 528 941 594.
574 873 748 938 1258
791 871 1004 937 novbr.
1037 872 1128 938 22
1182 875 1529 960 Anaqniae.
1612 873 1977 938 Alexander
2022 873 2133 940 IV
2178 887 2344 940 vetat
2398 875 2475 938 de
2532 873 2774 938 ordinis
2836 870 3205 938 Theutonioi

568 981 960 1060 victualibus,
1006 983 1396 1060 vestimentis,
1441 981 1806 1066 pecudibus,
1855 980 2003 1046 aliis
2048 981 2229 1046 rebus
2276 983 2622 1046 exactiones
2669 983 3043 1066 extorqueri.

567 1111 930 1178 Alexander
985 1113 1310 1200 episcopus
1367 1132 1588 1178 servus
1635 1132 1955 1177 servorum
2004 1111 2104 1179 dei
2150 1112 2607 1179 venerabilibus
2652 1111 2951 1178 fratribus
2998 1111 3200 1179 archi-

348 1219 658 1305 episcopis
693 1224 756 1284 et
787 1219 1096 1305 episcopis
1129 1223 1192 1285 et
1221 1219 1462 1285 dilectis
1493 1217 1637 1284 filiis
1673 1218 2023 1302 abbatibuS,
2070 1219 2407 1304 prior-ibus,
2441 1218 2710 1302 decaniS,
2746 1219 3198 1285 archidiaconis

348 1330 413 1392 et
456 1325 596 1391 aliis
641 1324 1044 1391 ecclesiarum
1087 1325 1370 1411 prelatiS,
1418 1325 1498 1391 ad
1535 1345 1686 1409 quos
1717 1325 1924 1392 littere
1953 1325 2073 1392 iste
2102 1328 2523 1412 pervenerint,
2556 1326 2819 1392 salutem
2853 1333 2916 1392 et
2946 1331 3196 1412 aposto-

343 1431 532 1498 licam
577 1431 1089 1499 benedictionem.
1280 1433 1381 1498 Ex
1427 1437 1606 1519 parte
1652 1431 2017 1498 dilectorum
2064 1432 2333 1499 filiorum
2384 1483 2399 1498 .
2428 1483 2443 1498 .
2490 1433 2775 1516 magistri
2822 1440 2888 1501 et
2928 1434 3196 1499 fratrum

345 1537 674 1624 hospitalis
723 1544 936 1606 sancte
981 1539 1178 1607 Maris
1221 1539 1742 1607 Theotonicorum
1772 1539 2253 1606 lerosolimitani
2295 1539 2476 1606 nobis
2523 1545 2618 1607 est
2664 1540 2875 1606 oblata
2921 1539 3195 1626 querela,

346 1646 532 1732 quod,
555 1646 703 1713 licet
727 1647 902 1714 vobis
934 1668 1044 1734 per
1074 1647 1319 1715 litteras
1346 1653 1596 1713 nostras
1628 1645 1981 1713 dederimus
2012 1647 2079 1713 in
2112 1647 2423 1714 mandatis
2438 1645 2475 1732 ¹,
2508 1652 2577 1713 ut
2598 1649 2907 1714 subiectos
2931 1653 3194 1731 vestroe,

343 1774 424 1820 ne
469 1753 549 1821 ab
594 1754 832 1820 eisdem
877 1755 1178 1837 magistro
1226 1761 1290 1821 et
1332 1754 1632 1820 fratribus
1665 1753 1762 1820 vel
1808 1774 2025 1820 eorum
2070 1754 2427 1821 homiuibus
2457 1754 2534 1820 de
2565 1754 2957 1838 victualibus,
3006 1755 3195 1820 vesti-

343 1861 595 1945 mentis,
645 1861 984 1946 pecudibus
1030 1882 1140 1928 seu
1187 1861 1264 1928 de
1311 1861 1452 1928 aliis
1496 1860 1681 1928 rebus
1729 1861 2065 1928 eorundem
2112 1861 2380 1928 fratrum
2412 1861 2625 1928 usibus
2656 1861 2973 1948 deputatis
3004 1861 3196 1948 peda-

343 1967 542 2052 gium,
589 1967 972 2054 passagium,
1021 1969 1382 2052 caucagium
1419 1987 1531 2034 seu
1559 1966 1916 2033 theloneum
1950 1972 2059 2034 aut
2088 1967 2278 2034 aliam
2310 1967 2652 2053 quamlibet
2681 1967 3191 2036 consuetudinem

343 2074 596 2158 exigere
640 2075 738 2142 vel
786 2081 1156 2161 extorquere
1209 2081 1604 2162 presumant,
1651 2095 1763 2160 per
1809 2075 2479 2141 excommunicacionis
2537 2075 2603 2140 in
2658 2095 2959 2161 personas
3016 2080 3079 2142 et
3123 2075 3193 2141 in

343 2188 546 2248 terras
605 2201 818 2248 eorum
875 2183 1194 2250 interdicti
1250 2182 1626 2267 sententias,
1687 2181 1742 2248 si
1785 2201 2039 2249 necesse
2082 2181 2303 2266 fuerit,
2358 2180 2778 2269 compellatis3
2825 2203 2936 2250 vos
2979 2188 3193 2250 tamen

341 2307 472 2354 non
513 2288 716 2354 solum
760 2289 828 2356 id
872 2289 1116 2358 efficere
1161 2288 1499 2374 negligitis,
1547 2308 1764 2357 verum
1809 2289 2031 2372 eciam,
2082 2288 2245 2372 quod
2290 2292 2387 2355 est
2429 2289 2704 2374 graviuS,
2760 2289 2909 2356 licet
2951 2290 3069 2356 hoc
3113 2289 3193 2356 de

341 2395 513 2462 facili
558 2395 810 2463 credere
853 2417 980 2464 non
1024 2417 1388 2484 possumuS,
1437 2397 1514 2464 ab
1561 2385 1651 2462 eis
1697 2395 2005 2482 premissa
2049 2415 2163 2482 pro
2209 2395 2529 2464 voluntate
2574 2403 2785 2463 vestra
2827 2396 3035 2463 facitis
3082 2416 3190 2462 ex-

340 2505 640 2588 torqueri.
711 2502 868 2570 Cum
916 2511 1125 2572 autem
1171 2505 1297 2591 ipsi
1341 2503 1680 2589 apostolice
1724 2504 2131 2587 benignitatis
2176 2503 2479 2570 auxilium
2526 2523 2716 2590 super
2749 2504 2867 2570 hoc
2897 2503 3191 2570 duxerint

340 2609 660 2677 humiliter
715 2610 1210 2698 implorandum,
1269 2610 1742 2679 universitatem
1799 2617 2074 2677 vestram
2130 2631 2420 2694 rogamus
2471 2615 2533 2676 et
2585 2610 2907 2677 hortamur
2952 2615 3189 2677 attente

339 2737 455 2806 per
511 2716 857 2804 apostolica
900 2718 1076 2785 vobis
1138 2718 1376 2804 scripta
1420 2717 1818 2805 precipiendo
1863 2719 2267 2802 mandanteS,
2328 2723 2633 2803 quatenus
2677 2717 2939 2803 provide
2985 2722 3186 2783 atten-

341 2824 580 2909 dentes,
629 2825 792 2910 quod
837 2824 1026 2891 iidem
1073 2826 1372 2910 magister
1405 2829 1468 2892 et
1497 2825 1722 2891 fratres
1750 2845 1867 2910 pro
1897 2845 2009 2892 sue
2039 2823 2361 2909 religionis
2390 2825 2634 2890 meritis
2664 2824 2853 2891 nullis
2883 2825 3187 2892 molestiis

339 2931 536 3016 affici,
595 2932 702 2998 sed
760 2933 882 3018 piis
927 2931 1156 2999 debent
1198 2927 1513 2999 beneficiis
1561 2931 1907 3016 confoveri,
1967 2953 2005 2998 a
2048 2931 2349 3019 predictis
2395 2931 2821 3000 exactionibus
2869 2937 2933 2999 et
2977 2937 3185 2999 extor-

339 3039 617 3106 sionibus
651 3039 900 3124 penitus
946 3038 1262 3106 desistatis
1310 3043 1373 3104 et
1417 3037 1629 3104 taliter
1673 3037 1843 3123 ipsos
1886 3039 2067 3104 iuxta
2109 3038 2459 3105 litterarum
2507 3044 2863 3106 nostrarum
2902 3044 3183 3106 tenorem

339 3166 528 3232 super
571 3145 692 3212 hiis
731 3145 1074 3212 defendatis
1107 3145 1185 3213 ab
1216 3145 1378 3228 aliis,
1425 3144 1591 3229 quod
1621 3145 1844 3211 exinde
1876 3145 2043 3231 apud
2075 3166 2187 3212 nos
2219 3146 2474 3232 possitis
2506 3146 2727 3212 merito
2758 3147 3181 3212 commendari

336 3272 454 3320 nec
519 3271 706 3337 super
773 3253 889 3319 hoc
957 3252 1141 3320 dictis
1205 3251 1504 3319 fratribus
1569 3257 1859 3338 oporteat
1921 3251 2103 3318 aliter
2167 3251 2502 3338 provideri.
2604 3251 2839 3320 Datum
2895 3253 3183 3338 Anagnis

338 3381 381 3425 x
425 3358 726 3426 kalendas
771 3359 1118 3426 decembris
1162 3357 1560 3446 pontificatus
1605 3358 1806 3424 nostri
1852 3365 2094 3444 quarte.

548 3481 670 3534 Sine
695 3482 838 3533 dato:
874 3483 941 3544 11,
964 3481 1122 3534 120v.
1160 3499 1210 3532 n.
1229 3481 1298 3532 82
1311 3501 1345 3536 a
1353 3501 1370 3543 3
1406 3482 1470 3533 A.
1486 3481 1556 3533 20
1579 3499 1628 3533 n.
1647 3481 1746 3533 102
1769 3481 1947 3534 Latine
1972 3490 2024 3533 et
2048 3480 2345 3534 Germanice
2368 3497 2477 3532 cum
2501 3490 2646 3533 nota:
2682 3482 2742 3532 In
2768 3481 3094 3534 confluentia.
3118 3511 3179 3521 -

339 3571 462 3622 Cum
497 3570 638 3622 dato:
685 3570 776 3632 IV,
800 3570 903 3622 215
939 3588 988 3622 n.
1013 3571 1075 3622 15
1113 3580 1166 3622 et
1199 3570 1250 3620 in
1287 3569 1659 3622 confirmatione
1693 3569 1897 3622 Martini
1922 3569 1968 3619 V
2006 3569 2070 3621 de
2112 3569 2247 3620 1418
2280 3569 2471 3622 ianuar.
2498 3569 2530 3619 2
2541 3589 2558 3631 3
2592 3570 2701 3622 Ioh.
2725 3569 2809 3622 39.
2862 3570 2993 3622 Edd.
3026 3571 3179 3623 Caor·

336 3660 474 3712 sinus
512 3659 566 3712 G.
592 3661 644 3724 5,
680 3669 733 3712 et
767 3658 962 3711 Senner
997 3658 1081 3710 fol.
1106 3659 1166 3710 E.
1194 3657 1228 3710 6
1264 3675 1375 3710 eum
1411 3659 1684 3725 depravato
1718 3658 1860 3710 initio
1897 3657 2045 3720 Quod
2080 3675 2171 3725 pro
2198 3665 2357 3724 parte.
2506 3658 2550 3710 1.
2588 3659 2651 3710 ef.
2683 3655 2816 3710 1257
2852 3661 2971 3712 maii
2992 3659 3063 3710 29
3086 3669 3180 3711 etc.

335 3748 617 3816 Religiosos
651 3749 801 3800 viros.

340 3917 514 3988 595.
554 3920 732 3986 1258
774 3919 988 3984 novbr.
1029 3919 1118 3984 22
1173 3921 1519 4004 Anagniae.
1603 3917 1967 3984 Alexander
2013 3917 2121 3983 IV
2170 3919 2448 3983 concedit
2504 3920 2718 3983 ordini
2776 3917 3175 4000 Theutonico,

554 4040 625 4093 ut
651 4049 792 4092 cum
819 4027 1090 4093 simonia
1116 4027 1375 4092 irretitis
1387 4025 1710 4109 fratribus
1742 4029 1872 4091 eius
1893 4025 2252 4111 presbyteri
2260 4024 2507 4109 frat-ree
2528 4028 2775 4110 possint
2794 4027 3173 4112 dispensare.

555 4159 916 4227 Alexander
961 4159 1289 4243 episcopus
1336 4177 1551 4224 servus
1597 4176 1918 4224 servorum
1966 4157 2069 4224 dei
2120 4155 2362 4222 dilectis
2408 4154 2555 4222 filiis
2598 4157 2900 4240 magistro
2946 4162 3011 4224 et
3052 4158 3180 4224 fra-

333 4263 534 4332 tribus
579 4271 694 4331 etc.
964 4264 1062 4332 Ex
1121 4270 1302 4350 parte
1345 4269 1555 4331 vestra
1607 4264 1729 4330 fuit
1781 4264 1962 4330 nobis
2008 4264 2326 4330 humiliter
2370 4263 2821 4350 supplicatum,
2880 4268 2981 4347 ut,
3036 4283 3178 4330 cum

336 4371 528 4457 aliqui
585 4391 660 4438 ex
709 4371 884 4438 vobis
939 4372 1005 4437 in
1048 4372 1243 4436 vestri
1300 4370 1534 4436 ordinis
1589 4371 1906 4455 ingressu,
1964 4371 2246 4438 nonnulli
2289 4391 2437 4438 vero
2492 4372 2559 4437 in
2614 4371 2969 4458 receptione
3026 4370 3179 4437 alio-

331 4497 470 4544 rum
521 4479 599 4544 ad
654 4479 864 4565 ipsum
907 4478 1286 4544 incurrerint
1327 4477 1549 4544 vitium
1596 4477 1880 4562 simonie,
1928 4478 2245 4545 vobiscum
2302 4497 2491 4565 super
2534 4477 2655 4545 hoc
2694 4479 2967 4562 rigorem
3019 4482 3180 4544 tem-

332 4586 608 4672 perando
653 4584 900 4652 concilii
944 4584 1430 4651 misericorditer
1477 4603 1660 4670 agere
1705 4603 2085 4652 curaremus.
2176 4584 2305 4652 Nos
2348 4585 2542 4668 igitur
2586 4585 2933 4652 devotionis
2971 4590 3179 4651 vestre

333 4693 620 4780 precibus
675 4692 956 4759 inclinati
1012 4691 1398 4778 presentium
1455 4691 1630 4758 vobis
1687 4692 2059 4758 auctoritate
2118 4692 2511 4758 concedimus
2524 4741 2543 4775 ,
2600 4697 2674 4758 ut
2714 4692 2941 4757 fratres
2984 4689 3179 4757 vestri

330 4799 690 4886 presbiteri,
759 4801 868 4885 qui
933 4804 1080 4866 sunt
1134 4798 1379 4885 providi
1451 4804 1515 4866 et
1581 4797 1864 4882 discreti,
1933 4817 2076 4865 cum
2142 4797 2299 4880 illis,
2369 4799 2593 4884 quibus
2652 4799 2731 4864 ad
2792 4798 2909 4864 hoc
2958 4797 3177 4863 lauda-

334 4906 472 4974 bilis
549 4904 1036 4974 conversationis
1112 4912 1174 4972 et
1248 4905 1376 4972 vite
1449 4905 1676 4974 merita
1745 4905 2036 4972 noverint
2110 4903 2473 4990 suffragari,
2548 4911 2681 4972 tam
2755 4925 2946 4992 super
3020 4905 3179 4970 irre-

331 5013 694 5099 gularitate,
763 5013 821 5080 si
887 5032 1074 5098 quam
1141 5011 1368 5080 exinde
1432 5011 1892 5098 contraxerint,
1960 5012 2310 5099 penitentia
2383 5013 2472 5082 eis
2530 5012 2831 5100 imposita
2894 5009 3176 5095 salutari,

2689 5127 2759 5182 26
