3892 5609
1137 356 1371 423 munna
1413 337 1698 408 emon.
1769 354 2101 405 snm.
2172 348 2439 425 omns
3127 344 3223 417 37

354 515 572 583 habita
616 522 683 584 et
724 516 1016 585 habenda
1061 516 1156 585 illi
1202 517 1454 606 pignori
1484 517 1804 603 obligavit.
1875 516 2126 584 Testes:
2176 516 2465 583 dominus
2497 515 2813 585 Galterius
2842 516 3229 586 Acconensiu

357 623 721 711 episcopus,
781 630 845 691 et
885 624 1085 692 frater
1129 624 1439 693 Lodoicus
1487 622 1558 693 et'
1591 618 1790 711 Ald0,
1846 624 2108 693 ecclesie
2152 630 2367 692 sancte
2412 625 2613 693 crucis
2661 625 2739 692 de
2782 625 2995 693 Accon
3043 644 3231 692 cano-

355 732 556 817 nicus,
607 736 670 799 et
709 731 976 799 Obertus
1007 733 1224 817 Aur-ie,
1275 739 1339 800 et
1381 732 1720 800 Nicholaus
1754 732 2033 820 Spinola.
2105 734 2338 799 Actum
2368 732 2583 800 Accon
2627 734 2698 798 in
2741 732 2982 819 palatio
3025 734 3229 819 ipsius

355 838 596 905 domini
630 824 986 926 patriarche
1019 860 1184 906 anno
1216 840 1566 909 nativitatis
1597 840 1912 908 dominice
1956 848 2048 907 m·
2077 848 2169 908 cc·
2196 842 2289 907 xi·
2318 840 2661 909 indictione
2690 836 2841 905 xii·²
2873 841 2975 908 die
3010 842 3233 927 quinta

355 944 602 1014 decima
632 948 918 1015 excuntis
947 943 1284 1014 februarii⁸
1329 952 1476 1035 post
1504 969 1821 1036 vesperas.
1890 948 2121 1015 Postea
2149 968 2299 1015 vero
2331 949 2573 1016 scilicet
2602 948 2703 1015 die
2731 950 3035 1015 vicesima
3065 949 3231 1016 eius-

356 1054 498 1121 dem
545 1056 782 1123 mensis
820 1053 1081 1121 Iacobus
1128 1055 1205 1121 de
1235 1055 1481 1122 Marino
1529 1062 1592 1123 et
1619 1055 2012 1123 Lanfrancus
2060 1056 2140 1123 de
2168 1056 2333 1123 Mari
2374 1060 2527 1122 tunc
2574 1034 2859 1123 consules
2889 1056 3229 1123 Ianuenses

354 1162 424 1229 in
471 1160 660 1251 Syria
713 1164 782 1229 in
836 1164 1166 1250 presencia
1213 1161 1534 1230 Guillelmi
1591 1164 1668 1230 de
1721 1163 1916 1248 Nigro
1973 1169 2039 1231 et
2092 1163 2347 1248 Ingonis
2395 1163 2653 1250 Spinole
2709 1168 2775 1230 et
2828 1162 3093 1230 Corradi
3152 1162 3231 1231 de

353 1254 538 1337 Mari'
563 1269 820 1337 testium
868 1271 948 1336 ad
992 1271 1114 1338 hoc
1156 1276 1521 1337 vocatorum
1573 1273 1926 1358 predictam
1972 1271 2371 1339 concordiam
2419 1271 2930 1358 approbaverunt
2974 1277 3039 1340 et
3082 1292 3230 1339 con-

351 1375 767 1443 firmaverunt
811 1381 875 1444 et
907 1380 1281 1446 auctoritate
1311 1399 1425 1445 sua
1455 1379 2034 1447 corroboraverunt.
2107 1378 2466 1466 Stephanus
2498 1380 2575 1447 de
2598 1378 2917 1464 Valencia‚
2964 1380 3231 1447 Ianuen-

355 1483 446 1549 sis
485 1485 770 1551 notarius
815 1485 884 1551 in
932 1484 1137 1573 Syria,
1182 1491 1438 1571 rogatus
1485 1488 1758 1574 scripsit.

568 1625 611 1685 1,
636 1625 767 1677 27v.
801 1644 854 1677 n.
879 1626 964 1679 59.
1023 1628 1236 1680 Indictio
1261 1646 1322 1679 xv
1347 1629 1400 1680 in
1425 1646 1609 1680 annum
1638 1628 1774 1681 1212
1800 1626 2099 1695 quadraret3
2136 1627 2209 1679 ita
2244 1634 2301 1678 ut
2334 1627 2417 1679 hie
2452 1626 2603 1679 liceat
2639 1634 2861 1679 statuere
2891 1636 3233 1694 computatum

357 1732 542 1765 annum
596 1716 910 1781 „secundum
955 1734 1146 1769 morem
1201 1718 1570 1785 patriarchatus
1617 1716 2112 1778 Hierosolimitani“,
2170 1718 2445 1769 secundum
2502 1734 2651 1783 quem
2700 1716 2923 1785 diploma
2966 1735 3049 1785 ap.
3084 1717 3233 1769 Pauli

353 1803 396 1865 1,
426 1802 528 1855 192
565 1804 755 1856 editum
791 1814 871 1857 est
907 1824 1038 1859 anno
1069 1805 1206 1858 1270
1241 1806 1345 1859 ind.
1370 1808 1452 1858 xiv
1485 1806 1653 1859 martii
1680 1807 1762 1868 11,
1801 1804 2075 1857 secundm
2111 1822 2309 1858 cursum
2333 1806 2590 1868 Pisanum,
2628 1821 2760 1857 anno
2796 1822 2957 1872 usqne
2994 1804 3062 1857 ad
3094 1822 3229 1857 mar-

355 1894 414 1944 tii
437 1893 505 1944 25
544 1894 724 1947 eodem
760 1904 912 1962 atque
947 1895 1112 1957 solito,
1154 1895 1306 1947 1271.
1456 1896 1501 1947 1.
1539 1896 1783 1961 cfisupra
1807 1912 1857 1946 n.
1877 1895 1951 1947 24
1978 1895 2115 1947 1189
2138 1898 2413 1963 septembr.
2556 1896 2605 1946 2.
2642 1894 2687 1945 Β
2710 1912 2803 1961 pro
2828 1902 2915 1946 κγ’
2938 1904 2995 1947 ut
3018 1894 3231 1947 videtur.

357 1981 407 2033 3.
443 1982 652 2035 febrarii
685 1983 746 2036 Β.

360 2303 486 2375 46.
533 2308 711 2375 1212
739 2308 956 2395 aprili.
1015 2308 1168 2388 Len,
1203 2306 1547 2373 Ammiae
1573 2330 1688 2373 rea·
1717 2308 1794 2373 de
1819 2328 2044 2393 qenere
2075 2308 2501 2395 Rupinorum,
2550 2309 2747 2373 donat
2772 2307 2992 2371 domui
3017 2306 3235 2393 hospi·

536 2416 682 2481 talis
721 2414 1244 2481 Theutonicorum
1275 2416 1596 2481 castellum
1628 2416 1978 2495 Amudain,
2026 2416 2269 2481 casalia
2303 2414 2557 2503 Sespin,
2592 2416 2998 2500 Baquequia,
3047 2412 3233 2479 Gum-

537 2522 799 2608 be'tlzfor,
848 2522 1068 2609 Ayun„
1119 2524 1460 2589 libertatem
1506 2524 1752 2588 emendi
1793 2535 1852 2587 et
1891 2524 2204 2589 vendendi
2232 2546 2362 2611 pro
2410 2524 2632 2589 domus
2676 2524 3050 2605 necessitate.

580 2663 653 2731 In
681 2664 937 2732 nomine
964 2666 1168 2751 patris
1199 2670 1265 2731 et
1291 2663 1408 2731 filii
1438 2671 1504 2731 et
1531 2664 1793 2751 spiritus
1825 2664 2047 2730 sancti.
2093 2664 2321 2732 Amen.
2385 2662 2563 2731 Sicut
2594 2663 2941 2751 apostolica
2967 2668 3237 2730 testatur

359 2773 729 2839 auctoritas:
787 2770 946 2855 „Qui
990 2790 1180 2857 parce
1223 2773 1514 2855 seminat,
1561 2790 1749 2859 parce
1793 2776 1859 2838 et
1901 2777 2117 2855 metet,
2164 2776 2228 2837 et
2271 2772 2380 2857 qui
2426 2772 2699 2838 seminat
2740 2772 2807 2836 in
2852 2770 3236 2837 benedictio-

355 2880 564 2963 nibus,
612 2879 688 2947 de
732 2878 1271 2946 benedictionibus
1316 2884 1380 2945 et
1423 2884 1618 2945 metet
1645 2880 1860 2945 'vitam
1905 2876 2231 2945 eternam“
2252 2875 2302 2961 ²3
2358 2879 2622 2965 proinde
2668 2899 2783 2963 ego
2827 2877 2979 2961 Leo,
3024 2878 3129 2945 dei
3172 2881 3237 2944 et

356 2986 625 3053 Romani
677 2986 932 3074 imperii
988 2986 1202 3070 gracia
1254 3006 1370 3052 rex
1413 2986 1747 3070 Armenie‚
1803 2984 1973 3052 filius
2022 2985 2327 3074 Stephani
2386 2986 2463 3053 de
2504 2986 2752 3073 potenti
2796 2990 2862 3052 et
2902 2984 3251 3070 magnifico·

357 3114 586 3179 genere
616 3093 1028 3181 Rupinorum,
1073 3098 1296 3160 notum
1340 3094 1500 3160 facio
1533 3094 1824 3160 omnibus
1856 3094 2216 3162 hominibus
2246 3093 2645 3182 presentibus
2678 3098 2743 3161 et
2768 3093 3022 3177 futuriS,
3068 3094 3237 3178 quod

357 3202 438 3269 de
481 3201 664 3269 bonis
708 3202 866 3269 mihi
911 3202 1180 3289 desuper
1225 3202 1538 3268 concessis
1585 3207 1648 3268 et
1691 3201 1938 3267 collatis
1980 3222 2099 3289 pro
2147 3222 2361 3270 amore
2406 3202 2508 3269 dei
2554 3206 2618 3268 et
2660 3201 2915 3288 imperii
2947 3199 3235 3284 Romani,

358 3311 475 3378 sub
521 3310 698 3377 cuius
755 3310 1086 3397 potestatis
1132 3290 1346 3394 gracia
1388 3329 1504 3375 rex
1547 3329 1690 3376 sum
1735 3310 2114 3376 constitutus
2128 3359 2148 3393 ,
2208 3314 2279 3379 et
2327 3330 2443 3397 pro
2490 3308 2694 3375 salute
2739 3308 2947 3375 anime
2989 3328 3129 3375 mee
3174 3314 3238 3375 et

356 3418 830 3506 progenitorum
877 3436 1160 3483 meorum
1193 3418 1474 3484 omnium
1506 3416 1969 3483 venerabilibus
2001 3421 2066 3483 et
2091 3416 2405 3502 religiosis
2435 3416 2737 3483 fratribus
2769 3421 2983 3482 sancte
3014 3415 3235 3483 domus

356 3526 688 3613 hospitalis
734 3524 1218 3591 Teutonicorum
1264 3524 1466 3591 vicem
1512 3523 1999 3590 Machabeorum
2049 3544 2194 3612 pro..
2214 3525 2575 3607 defensione
2621 3524 2843 3590 domus
2889 3522 3084 3590 Israel
3128 3544 3236 3608 ge-

357 3632 661 3715 rentibus,
707 3631 785 3699 de
832 3652 1096 3718 quorum
1144 3652 1282 3697 sum
1329 3631 1846 3698 confraternitate
1891 3637 1957 3698 et
1984 3632 2053 3698 in
2085 3648 2345 3717 quorum
2386 3630 2703 3699 beneficiis
2736 3650 2809 3697 ac
2838 3632 3232 3699 oracionibus

355 3740 674 3827 particeps
720 3736 881 3806 effici
927 3739 1133 3825 cupio,
1181 3744 1369 3823 atque
1413 3738 1716 3805 bonorum
1763 3740 2133 3807 meritorum
2181 3760 2435 3807 suorum
2481 3738 2805 3822 exigencia
2850 3730 2931 3804 ad
2975 3744 3234 3825 captan-

358 3847 502 3914 dam
562 3846 814 3914 illorum
871 3846 1181 3913 sinceram
1235 3845 1632 3913 dilectionem
1679 3851 1742 3913 et
1784 3852 2072 3914 mutuam
2116 3847 2612 3915 benivolenciam
2658 3846 2856 3929 regali
2903 3866 2982 3913 ex
3026 3847 3233 3911 muni-

357 3954 616 4023 ficencia
662 3974 802 4022 mea
847 3953 1017 4022 claro
1061 3953 1268 4038 corde,
1316 3953 1478 4019 bono
1525 3958 1590 4020 et
1634 3975 1792 4041 puro
1841 3956 2051 4023 animo
2096 3954 2260 4022 dono
2308 3959 2373 4021 et
2416 3953 2686 4021 concedo
2736 3953 2959 4020 amodo
2989 3954 3057 4019 in
3086 3974 3232 4040 per-

357 4069 620 4151 petuum
677 4062 1034 4149 peroptima
1089 4066 1154 4128 et
1209 4060 1601 4148 amplissima
1656 4062 1957 4129 casalium
2014 4069 2078 4131 et
2130 4068 2442 4129 terrarum
2499 4062 2877 4146 tenimenta,
2936 4080 3009 4128 eo
3066 4060 3231 4148 quod

359 4171 632 4237 arbitror
674 4176 806 4235 tam
853 4169 1201 4256 preclaram
1252 4168 1657 4235 elemosinam
1703 4170 1861 4236 inibi
1907 4170 2065 4236 bene
2095 4170 2231 4237 fore
2262 4169 2662 4251 collocatam3
2706 4156 3004 4256 inprimis
3033 4169 3232 4236 famo-

357 4298 498 4345 sum
555 4275 880 4345 castellum
925 4276 1248 4343 Amudain
1299 4276 1556 4342 nomine
1615 4280 1678 4341 et
1723 4276 1928 4343 casale
1972 4277 2237 4344 inferius
2282 4278 2405 4345 sibi
2452 4272 2793 4344 adherens²
2836 4278 3230 4344 nominatum

356 4406 500 4453 cum
545 4384 950 4473 pertinenciis
997 4387 1062 4450 et
1106 4377 1517 4450 divisionibus
1561 4383 1766 4470 ipsius
1813 4384 2079 4469 signatis
2114 4386 2181 4453 in
2213 4386 2379 4453 hunc
2408 4384 2698 4451 modum:
2746 4406 2785 4451 a
2812 4370 2995 4471 parte
3026 4384 3232 4452 Simo-

355 4493 607 4579 naglam
656 4490 861 4560 tendit
901 4512 1100 4577 usque
1147 4492 1226 4558 ad
1272 4492 1600 4578 antiquum
1647 4491 2080 4579 adaquarium,
2127 4494 2234 4560 ubi
2265 4493 2387 4560 due
2434 4498 2583 4559 sunt
2612 4492 2865 4559 arbores
2911 4491 3133 4559 salices
3170 4497 3234 4558 et

355 4601 544 4668 modo
589 4600 793 4666 factus
842 4604 940 4665 est
980 4596 1211 4683 laccus,
1259 4600 1484 4667 dehinc
1527 4620 1726 4685 usque
1770 4605 2045 4666 rostrum
2093 4601 2171 4668 de
2214 4601 2407 4667 rocha
2449 4600 2657 4667 media
2698 4600 2869 4665 iusta
2894 4602 3230 4685 gastinam‚

358 4730 478 4795 que
523 4713 621 4775 est
664 4708 742 4774 de
787 4706 1105 4773 territorio
1135 4706 1370 4794 Adidy,
1420 4728 1458 4773 a
1503 4708 1752 4792 gastina
1795 4706 1906 4774 illa
1954 4708 2241 4794 superius
2289 4708 2649 4775 ascenditur
2678 4726 2877 4792 usque
2909 4707 2988 4772 ad
3018 4706 3229 4789 Quini,

359 4816 525 4903 quod
581 4816 811 4882 dicitur
867 4813 1127 4881 Latine:
1197 4814 1367 4881 Meta
1423 4815 1501 4882 de
1560 4814 1951 4882 Gammassa.
2043 4815 2195 4882 Alia
2248 4816 2473 4882 divisio
2526 4816 2697 4881 inter
2740 4812 3115 4879 Gammassa
3169 4819 3268 4881 et'

356 4923 695 5011 Amudayn
753 4922 958 4990 tendit
1015 4923 1095 4989 ad
1140 4944 1389 5011 cavam,
1447 4925 1558 4992 ubi
1617 4928 1715 4989 est
1771 4923 1959 4990 arbor
2004 4922 2173 4989 dicta
2230 4923 2483 4990 chaisne
2542 4922 2801 5008 spinosa
2854 4926 2918 4987 et
2972 4920 3233 4988 abbacia

359 5030 584 5099 Chalot
629 5037 694 5098 et
729 5050 920 5115 agger
951 5031 1134 5097 vinee
1164 5030 1242 5098 de
1273 5030 1575 5117 Mechale‚
1623 5036 1686 5097 et
1731 5030 2093 5098 extenditur
2121 5035 2292 5097 meta
2333 5049 2533 5115 usque
2563 5029 2752 5095 viam.
2790 5022 2962 5095 'Alia
3004 5029 3231 5096 divisio
