3892 5609
1377 276 1764 325 varLsGu
1809 277 2200 349 caussatur
2374 242 2400 253 ’
3060 265 3207 336 307

351 432 590 509 dicitas
644 426 989 521 amputare.
1058 433 1514 501 Detestandum
1574 436 1881 521 siquidem
1934 436 2178 502 facinus
2237 439 2303 501 et
2352 428 2695 525 plu‘rimum
2752 432 3212 501 abhorrendum

346 560 476 627 per
531 540 810 609 diversas
862 540 1084 608 mundi
1127 548 1340 628 partes
1387 540 1740 629 accepimus
1785 542 2113 630 pullulare,
2161 541 2327 628 quod
2372 540 2623 626 quidam
2672 540 2943 609 avaricie
2998 562 3211 609 amore

349 647 558 715 cecati
621 648 840 734 pocius
903 668 1088 732 quam
1147 648 1302 731 zelo,
1339 649 1663 734 religionis
1723 650 1967 717 accensi
2020 650 2232 733 nigras
2292 668 2504 716 cruces
2517 699 2536 733 ,
2607 669 2761 734 quas
2816 649 3043 715 fratres
3100 649 3212 715 ho-

351 753 607 840 spitalis
654 760 868 825 sancte
911 753 1109 823 Marie
1155 756 1677 824 Theotonicorum
1721 756 2202 825 Ierosolimitani
2247 757 2568 839 deferunt,
2617 756 2733 823 sibi
2780 756 3103 842 imponere
3150 762 3214 823 et

353 881 465 927 eas
521 866 778 949 portare
830 862 1088 931 minime
1144 868 1470 949 verentur,
1526 871 1600 932 ut
1653 865 1746 931 sic
1801 865 2049 951 possint
2104 864 2219 931 sub
2276 863 2390 929 tali
2434 862 2785 930 velamento
2842 862 3211 929 elemosinas

355 969 744 1055 pauperibus
801 970 1132 1057 deputatas
1188 970 1479 1055 colligere
1537 976 1602 1039 et
1657 972 1778 1039 sibi
1837 971 2187 1039 animarum
2242 971 2583 1057 perniciem
2645 989 2962 1053 generare.
3042 969 3207 1049 Quo-

352 1076 528 1142 circa
568 1077 963 1145 universitati
1011 1073 1245 1145 vestre¹
1295 1099 1406 1164 per
1451 1079 1796 1165 apostolica
1839 1079 2078 1164 scripta
2120 1078 2512 1161 mandamus,
2560 1082 2865 1162 quatenus
2912 1097 3039 1161 eoS,
3100 1078 3209 1163 qui

353 1202 610 1251 crucem
654 1185 900 1268 nigram
943 1184 1320 1273 portandam
1369 1190 1695 1253 assumunt
1737 1190 1848 1253 aut
1891 1186 2135 1270 signum
2151 1235 2171 1269 ,
2218 1186 2381 1271 quod
2427 1186 2735 1251 dictorum
2780 1185 3045 1251 fratrum
3092 1184 3205 1250 ho-

351 1290 560 1358 mines
590 1290 878 1359 deferunt
905 1297 970 1358 et
997 1291 1210 1376 oblati,
1235 1312 1380 1359 cum
1408 1312 1535 1359 non
1566 1293 1695 1360 sint
1714 1294 1791 1360 de
1819 1293 2209 1380 professione
2240 1312 2313 1358 ac
2331 1291 2588 1376 collegio
2613 1292 2895 1377 ipsorum
2919 1291 3207 1375 fratrum,

353 1398 530 1463 omni
573 1417 715 1466 cum
760 1398 1149 1469 districtione
1194 1398 1567 1486 compellere
1610 1401 1934 1485 studeatis,
1992 1406 2065 1467 ut
2108 1420 2147 1467 a
2189 1403 2368 1466 tanta
2410 1398 2687 1465 stulticia
2732 1404 2797 1464 et
2839 1418 3051 1465 errore
3104 1398 3211 1464 de-

351 1505 588 1573 sistant
631 1510 694 1573 et
737 1525 984 1573 crucem
1031 1511 1141 1572 aut
1184 1506 1420 1573 dictum
1461 1507 1707 1591 signum
1747 1508 1922 1575 nulla
1959 1506 2212 1573 racione
2248 1506 2511 1573 ulterius
2551 1506 2792 1573 deferre
2822 1510 3207 1592 presumant.

355 1610 428 1679 Si
473 1613 613 1697 quis
655 1634 804 1679 vero
851 1632 890 1679 a
931 1612 1107 1681 vobis
1152 1616 1565 1681 commonitus
1635 1634 1674 1681 a
1717 1635 1833 1681 sua
1883 1614 2157 1681 noluerit
2198 1614 2553 1681 temeritate
2610 1632 2886 1696 cessare,
2941 1614 3010 1689 in
3068 1633 3212 1679 eum

353 1720 774 1788 ecclesiastice
820 1720 1378 1788 animadversionis
1423 1720 1702 1807 gladium
1749 1721 2121 1788 auctoritate
2148 1726 2384 1804 nostra,
2416 1721 2587 1786 omni
2634 1719 2956 1787 occasione
3002 1725 3066 1787 et
3100 1740 3209 1807 ap-

349 1826 694 1913 pellatione
736 1828 1143 1915 postpositis,
1191 1830 1480 1896 exeratis.
1564 1829 1801 1896 Datum
1831 1826 2129 1896 Laterani
2170 1828 2263 1894 xii
2307 1827 2433 1893 kal.
2465 1827 2767 1893 februarii
2810 1826 3211 1914 pontificatus

349 1935 556 2001 nostri
603 1953 766 2002 anno
814 1935 1050 2020 quinto.

565 2074 686 2127 Sine
721 2074 865 2128 dato:
903 2074 970 2137 Π,
995 2075 1065 2127 96
1076 2093 1122 2127 v.
1159 2094 1210 2127 ιι.
1235 2076 1330 2137 23;
1369 2076 1432 2131 A.
1459 2074 1528 2127 20
1562 2094 1612 2128 ιι.
1638 2076 1706 2127 23
1743 2077 1922 2127 Latine
1959 2084 2011 2127 et
2035 2074 2332 2127 Germanice
2368 2092 2480 2125 cum
2502 2082 2622 2125 nota
2644 2075 2697 2125 in
2720 2074 3087 2141 Mergentheim
3113 2082 3208 2126 etc.

350 2162 418 2216 D.
438 2163 523 2215 22.
547 2194 608 2202 —
649 2164 772 2217 Cum
796 2165 938 2217 dato:
975 2165 1212 2216 Laterani
1233 2165 1303 2215 xii
1325 2165 1427 2216 kal.
1446 2164 1573 2216 febr.
1598 2182 1650 2231 p.
1669 2182 1718 2217 n.
1739 2184 1784 2215 a.
1804 2164 1853 2219 5.
1903 2166 1946 2227 1,
1971 2165 2066 2226 663
2103 2164 2193 2226 IV,
2215 2161 2314 2215 187
2351 2181 2401 2215 n.
2423 2162 2514 2225 173
2550 2164 2613 2215 R.
2634 2163 2702 2215 68
2724 2164 2856 2215 inter
2878 2163 3206 2230 Mer-geuthe·-

351 2253 546 2303 mensia
578 2271 628 2303 n.
653 2252 736 2304 12.
790 2252 876 2304 Or.
913 2269 1026 2304 cum
1059 2254 1198 2305 bulla
1232 2254 1283 2304 in
1319 2252 1416 2304 filis
1453 2252 1655 2305 sericeis
1691 2254 2029 2320 appendente,
2065 2253 2199 2318 quod
2233 2253 2486 2318 quondam
2520 2252 2889 2319 Mergenthemi
2922 2248 3034 2314 fuit,
3078 2269 3211 2305 nunc

351 2340 686 2393 vindobonae
718 2340 772 2391 in
808 2341 1006 2393 archivo
1043 2342 1205 2393 ordini
1240 2342 1534 2393 Theutonici
1571 2351 1868 2393 asservatur.
1899 2372 1961 2380 —-
2002 2342 2123 2393 Cum
2148 2341 2291 2393 dato:
2328 2342 2565 2393 Laterani
2598 2341 2667 2392 xii
2689 2340 2791 2393 kal.
2817 2340 2942 2392 febr.
2970 2358 3019 2407 p.
3038 2358 3089 2392 n.
3109 2360 3155 2393 a.
3175 2341 3209 2393 6

353 2428 497 2495 (ιιιιιιι
531 2446 670 2481 error
704 2429 786 2492 sit,
823 2430 1040 2481 dubitari
1075 2430 1262 2497 potest)
1299 2430 1459 2481 edidit
1492 2430 1718 2482 Duellius
1754 2431 1806 2482 iu
1843 2431 2125 2499 appendice
2162 2430 2194 2483 7
2230 2448 2280 2482 n.
2305 2431 2356 2482 5.
2537 2430 2585 2481 1.
2619 2430 2761 2481 vobis
2797 2430 2861 2482 A.
2887 2430 2973 2481 20.

360 2676 534 2749 343.
574 2680 746 2746 1221
776 2684 1064 2747 ianuarii
1090 2682 1174 2748 21
1208 2681 1531 2748 Laterani.
1600 2650 1926 2747 Honorius
1958 2681 2084 2748 III
2099 2684 2323 2767 repetit
2361 2704 2424 2746 n.
2450 2682 2587 2747 307
2618 2683 2695 2746 de
2725 2680 2900 2748 1220
2944 2683 3073 2747 dec.
3099 2682 3206 2748 16.

573 2821 888 2889 Honorius
934 2826 1052 2889 etc.
1119 2821 1414 2891 Pervenit
1459 2823 1538 2891 ad
1594 2843 1710 2890 nos
1757 2827 1874 2891 etc.
1956 2823 2195 2891 Datum
2237 2822 2536 2889 Laterani
2578 2822 2671 2889 xii
2724 2822 2850 2889 kal.
2908 2822 3209 2889 februarii

349 2926 754 3015 pontificatus
795 2929 998 2999 nostri
1041 2949 1207 2996 anno
1250 2952 1310 2997 v.
1341 2947 1345 2952 ·
1718 2937 1722 2941 '

3078 3056 3101 3097 N

357 3132 532 3203 344.
573 3134 746 3202 1221
779 3137 1066 3201 ianuarii
1091 3136 1180 3202 25
1207 3134 1528 3202 Laterani.
1591 3134 1916 3201 Honorius
1949 3133 2074 3200 III
2105 3136 2331 3222 repetit
2355 3157 2420 3199 n.
2452 3134 2583 3200 341
2632 3135 2710 3201 de
2738 3134 2906 3199 1221
2939 3136 3069 3199 ian.
3097 3134 3204 3199 20.

573 3275 887 3343 Honorius
931 3281 1046 3343 ete.
1126 3274 1269 3341 Non
1313 3276 1450 3343 sine
1503 3276 1683 3359 gravi
1737 3280 1852 3343 etc.
1945 3252 2181 3342 Datum
2234 3273 2535 3341 Laterani
2577 3274 2689 3341 viii
2732 3274 2859 3341 kal.
2904 3275 3209 3343 februarii

321 3380 750 3471 vpontificatus
791 3384 990 3451 nostri
1031 3402 1195 3450 anno
1225 3404 1284 3450 v.
1863 3404 1870 3409 ·
2696 3402 2703 3409 ·

561 3524 657 3577 Ed.
683 3542 764 3591 ap.
787 3522 1041 3575 Duellium
1074 3522 1142 3587 11,
1166 3523 1203 3574 4
1237 3540 1287 3576 n.
1312 3524 1363 3576 3.
1417 3522 1610 3575 Forsan
1645 3510 1814 3574 errore
1849 3522 1934 3574 viii
1969 3540 2061 3591 pro
2096 3522 2182 3575 xiii
2217 3521 2451 3589 positum.

319 3774 530 3889 x345.
569 3820 742 3887 1221
772 3820 1102 3905 februarii
1125 3820 1173 3885 4
1215 3817 1540 3885 Laterani.
1611 3818 1934 3884 Honorius
1968 3817 2090 3884 III
2122 3831 2287 3884 vetat
2328 3818 2407 3883 ab
2450 3818 2671 3883 ordine
2708 3816 2769 3883 T
2763 3817 3085 3883 heutonis-o
3118 3818 3209 3882 ad

568 3929 941 3993 munitiones
985 3928 1312 4013 eriqendas
1353 3929 1708 3991 vicesimum
1752 3928 2122 4012 extorquem'.

570 4068 884 4135 Honorius
943 4068 1270 4155 episcopus
1328 4087 1546 4133 servus
1593 4086 1914 4133 servorum
1967 4066 2068 4133 dei
2123 4064 2582 4141 venerabilibus
2636 4064 2937 4131 fratribus
2998 4063 3203 4130 archi-

249 4214 256 4221 ·
353 4176 660 4263 episcopis
706 4180 770 4243 et
814 4174 1124 4261 episcopis
1171 4179 1234 4241 et
1277 4173 1520 4241 dilectis
1567 4172 1712 4239 filiis
1757 4161 2121 4257 abbatibus,
2180 4172 2514 4259 prioribus,
2562 4171 3047 4256 archidiaconis,
3097 4171 3203 4238 de-

353 4282 524 4350 canis
572 4287 636 4349 et
679 4282 818 4349 aliis
865 4281 1267 4348 ecclesiarum
1313 4280 1595 4368 prelatiS,
1643 4280 1723 4345 ad
1771 4301 1926 4365 quos
1971 4280 2182 4347 littere
2224 4280 2353 4371 iste⁴
2376 4278 2798 4366 pervenerint,
2845 4278 3109 4344 salutem
3144 4284 3209 4344 et

353 4388 760 4475 apostolicam
790 4388 1305 4456 benedictionem.
1353 4452 1362 4457 ,
1445 4386 1601 4455 Cum
1639 4386 1806 4453 bona
1834 4386 2133 4454 fratribus
2165 4386 2494 4473 hospitalis
2525 4393 2739 4452 sancte
2768 4384 2969 4452 Maris
3001 4384 3206 4452 Theu-

351 4496 698 4565 tonicorum
753 4494 1234 4563 lerosolimitani
1289 4494 1567 4562 fidelium
1622 4495 1953 4562 devotione
2008 4492 2236 4561 collata
2280 4493 2629 4560 defensioni
2672 4498 2839 4559 terre
2885 4490 3205 4559 orientalis

354 4609 415 4670 et
454 4624 804 4691 pauperum
833 4603 1178 4689 receptioni
1210 4623 1284 4669 ac
1313 4602 1752 4671 sustentationi
1781 4600 2132 4687 proficiant,
2178 4602 2507 4687 providere
2540 4597 2840 4685 quantum
2872 4617 3207 4685 possumus

351 4730 462 4777 nos
508 4715 790 4797 oportet,
844 4730 924 4776 ne
979 4709 1058 4776 ab
1119 4709 1259 4775 aliis
1316 4711 1524 4777 minus
1580 4708 1953 4777 necessariis
2008 4708 2481 4794 presumptione
2537 4707 2748 4792 aliqua
2804 4710 3203 4791 usurpentur.

353 4816 643 4885 Pervenit
698 4820 904 4883 autem
963 4816 1042 4882 ad
1097 4836 1242 4901 nos,
1303 4818 1468 4904 quod
1527 4817 1780 4902 quidam
1842 4815 1919 4882 ab
1979 4816 2069 4881 eis
2116 4821 2179 4881 et
2236 4814 2593 4881 hominibus
2648 4833 2865 4879 eorum
2914 4812 2993 4881 ad
3039 4812 3207 4878 clau-

355 4924 584 4993 dendas
629 4923 810 4991 villas
858 4931 1044 5012 atque
1089 4923 1345 4991 castella
1375 4929 1438 4992 et
1467 4924 1794 5008 erigendas
1845 4922 2221 4989 munitiones
2264 4920 2623 4988 vicesimam
2666 4928 3037 5005 extorquere
3064 4938 3208 5005 pre—

1162 5041 1164 5044 .
2390 5030 2397 5044 .
2662 5036 2733 5089 20
2745 5034 2782 5071 a
