3892 5609
731 337 883 410 468
1697 349 2122 400 Pom-mmm!
2165 349 2608 398 nonnosum

735 507 776 576 7
791 508 826 577 1
841 507 909 578 6.
951 508 1125 577 1435
1169 511 1337 576 iunii
1373 508 1480 576 20.
1561 509 1944 578 Basileensis
2002 512 2277 598 synodus
2328 511 2609 578 concedit
2648 509 2865 576 ordini
2912 505 3291 575 Theutonico
3302 555 3327 588 ,
3390 519 3467 573 ut
3510 506 3603 571 ad

947 617 1443 703 comprobandas
1487 639 1710 684 causas
1753 641 1901 684 suas
1947 619 2223 705 leqitima
2268 629 2647 685 transsumta
2676 617 3211 704 autom-aphorism
3238 616 3603 702 producas

950 726 1103 789 eatis
1149 727 1231 790 sit
1272 727 1420 811 ipsi.

953 863 1365 932 Sacrosancta
1407 885 1547 950 gen.
1583 867 1856 953 synodus
1901 865 2300 933 Basilienssis
2346 866 2412 931 in
2460 863 2689 950 spiritu
2732 868 2949 931 sancto
2984 863 3295 948 legittime
3324 881 3601 946 cougre—

727 977 896 1056 gata,
920 971 1337 1039 universalem
1370 973 1690 1040 ecclesiam
1723 979 2185 1060 representans,
2214 969 2675 1040 venerabilibus
2700 969 3073 1054 Revsliensk
3103 969 3599 1037 Pomezaniensi

727 1083 791 1144 et
821 1077 1198 1146 Warmiensi
1245 1079 1556 1166 episcopis
1600 1080 1870 1147 salutem
1917 1087 1982 1148 et
2026 1078 2474 1167 omnipotentis
2505 1077 2605 1145 dei
2636 1077 3150 1146 benedictionem.
3332 1077 3446 1144 Ad
3476 1077 3601 1143 hoc

727 1184 988 1268 singulis
1057 1186 1383 1273 potissime
1453 1185 1885 1254 ecclesiasticis
1952 1188 2238 1274 personis
2295 1222 2377 1232 -
2439 1184 2925 1272 quibuscunque.
3028 1184 3265 1252 Datum
3336 1183 3597 1250 Basilee

727 1292 818 1358 xii
863 1292 988 1359 kal.
1021 1292 1158 1358 iulii
1206 1313 1367 1360 anno
1415 1313 1454 1359 a
1497 1293 1828 1361 nativitate
1871 1294 2109 1362 domini
2154 1303 2654 1361 m⁰cccc⁰xxx·v·.

938 1432 1195 1498 originale
1242 1450 1353 1484 cum
1401 1433 1538 1485 bulla
1585 1435 1635 1484 in
1683 1435 1883 1486 archivo
1918 1435 2303 1520 Regimontsno.
2372 1433 2521 1485 Cuius
2567 1432 2815 1500 privilegii
2854 1431 3160 1499 exemplaria
3194 1431 3597 1483 asservabantur

725 1521 976 1588 quondam
1012 1521 1162 1572 etiam
1197 1522 1248 1573 in
1285 1522 1519 1584 Livonia,
1557 1540 1654 1588 qua
1655 1523 1779 1574 mvis
1814 1523 1977 1574 minus
2013 1531 2244 1575 accurate
2280 1523 2494 1574 citentur
2528 1522 2625 1574 tria
2661 1521 2890 1573 diversae
2924 1520 3290 1586 inscriptionis,
3330 1525 3467 1586 qua‘e
3502 1537 3589 1570 se-

725 1619 968 1676 quuntur,
1021 1611 1154 1662 1435
1189 1610 1313 1662 iunii
1347 1609 1417 1660 20
1450 1609 1681 1662 Basilese
1719 1611 1802 1678 (N
1803 1611 2041 1678 apiersky
2078 1611 2235 1662 Iudex
2275 1609 2443 1678 1376)
2479 1610 2784 1664 Basileensis
2820 1609 3042 1675 synodus
3076 1608 3437 1660 Revaliennem
3471 1609 3587 1674 epi-

725 1714 930 1765 scopum
973 1699 1118 1750 iussit
1163 1699 1328 1750 omnia
1371 1699 1560 1750 ordinis
1603 1699 1867 1767 privilegis
1911 1709 2275 1762 transsumer03
2322 1699 2605 1766 designatio
2644 1699 2957 1752 Mitoviensis
3000 1697 3189 1748 archivi
3232 1715 3319 1764 ap.
3344 1697 3587 1749 &hirs-en

724 1803 775 1853 p.
801 1787 901 1838 140
935 1803 984 1838 u.
1003 1786 1137 1848 402;
1185 1787 1364 1838 eodem
1409 1787 1494 1838 die
1537 1789 1716 1840 eadem
1761 1789 2003 1852 eundem,
2048 1789 2516 1852 Pomenniensem,
2552 1787 2917 1841 Wsrmiensem
2962 1785 3125 1853 (male
3158 1785 3501 1838 Pomeraniae
3532 1796 3587 1836 et

723 1874 1162 1942 wormatiensem)
1200 1875 1462 1942 episcopos
1497 1876 1664 1928 facere
1699 1877 1842 1928 iussit
1853 1897 1868 1939 ;
1905 1877 1938 1928 1.
1966 1895 2009 1929 c.
2045 1879 2167 1942 403,
2204 1878 2382 1930 eodem
2418 1877 2499 1929 die
2522 1877 2873 1928 Revaliensem
2908 1883 2962 1926 et
2986 1874 3434 1926 Pomesaniensem
3472 1875 3581 1941 epi-

723 1979 902 2029 scopos
937 1963 970 2014 l.
991 1981 1033 2016 c.
1058 1963 1181 2015 404.
1198 1993 1257 2002 —
1297 1965 1342 2014 E
1377 1973 1678 2016 transsumto
1705 1967 1936 2032 Caeparis
1962 1967 2368 2018 Pomezsniensis
2404 1965 2627 2033 episcopi
2662 1965 2711 2016 d.
2739 1965 2789 2016 d.
2830 1963 2965 2016 1452
3001 1965 3052 2015 in
3090 1972 3255 2015 castro
3278 1963 3585 2029 Besenburg

723 2053 1070 2118 praesentibus
1106 2051 1358 2114 Ludovico
1395 2053 1460 2104 de
1496 2053 1855 2105 Erlichhsusen
1897 2055 2135 2122 magistro
2174 2053 2401 2121 generali
2434 2063 2487 2106 et
2520 2053 2755 2106 Udslrico
2792 2053 2857 2104 de
2890 2051 3181 2105 Ysenhofeu
3218 2069 3405 2118 magno
3442 2069 3580 2103 ccm-

721 2140 1014 2193 mendstore
1047 2150 1290 2192 memorat
1323 2141 1551 2194 Duellius
1586 2143 1653 2204 11,
1683 2143 1743 2194 ll
1782 2141 1836 2194 in
1871 2151 2009 2195 nota.
2062 2143 2304 2196 Prseflxit
2338 2144 2469 2195 enim
2504 2141 2590 2194 ille
2626 2141 2889 2209 episcopus
2923 2141 3055 2194 hanc
3089 2158 3233 2193 suam
3268 2141 3580 2192 commissio-

721 2244 838 2280 nem
883 2229 1110 2281 omnibus
1155 2230 1206 2281 in
1253 2232 1446 2297 synodo
1483 2231 1816 2299 producendis
1851 2231 2003 2284 etiam
2039 2242 2219 2299 postea
2251 2231 2399 2284 factis
2432 2231 2773 2293 transsumtis,
2818 2239 2877 2282 ut
2908 2230 3007 2282 hoc
3040 2240 3155 2282 utar
3188 2227 3359 2282 bullae
3390 2229 3585 2282 Fmti

721 2317 998 2384 proximum
1035 2319 1100 2388 de
1133 2317 1510 2372 confirmatione
1544 2329 1710 2372 terrae
1748 2319 2025 2374 Culmensis
2064 2320 2201 2373 1234
2236 2338 2353 2388 aug.
2378 2321 2429 2384 3,
2466 2321 2517 2373 d.
2542 2321 2593 2372 d.
2628 2321 2915 2388 Risenburg
2954 2318 3020 2372 18
3044 2319 3218 2372 novbr.
3249 2319 3402 2372 1448.

732 2538 773 2607 7
787 2539 822 2608 1
838 2539 905 2608 7.
949 2543 1143 2610 1435.
1216 2544 1513 2631 Synodus
1558 2545 1941 2611 Basileensis
1998 2547 2285 2613 hortatur
2328 2557 2725 2631 occupatores
2782 2557 2841 2612 et
2890 2543 3195 2630 quoslibet
3230 2544 3583 2639 *demam

945 2651 1248 2717 bonorum
1294 2654 1534 2717 ordinis
1588 2650 1971 2718 Theutonici.

937 2788 1129 2841 Gitsmr
1170 2789 1222 2842 in
1260 2790 1606 2858 designatione
1641 2791 1828 2842 archivi
1861 2791 2175 2844 Mitoviensis
2215 2789 2345 2843 1621
2385 2789 2634 2844 Holmiam
2668 2789 2823 2842 delati
2858 2807 2939 2856 sp.
2964 2789 3200 2842 Schirrcn
3244 2788 3347 2840 140
3378 2805 3432 2840 n.
3453 2785 3577 2839 4⁰6.

734 3025 907 3100 718.
947 3031 1120 3098 1431
1171 3031 1344 3118 febr.
1385 3031 1470 3100 18
1525 3033 1765 3100 Romae
1813 3035 1992 3121 apud
2051 3054 2099 3099 s.
2145 3033 2421 3099 Petrum.
2512 3033 2835 3120 Euqenius
2882 3031 2929 3098 I
2932 3031 2991 3098 V
3036 3032 3252 3098 ordini
3308 3029 3573 3096 Thente-

945 3141 1089 3204 nico
1143 3140 1418 3206 Martini
1461 3139 1524 3206 V
1571 3143 2023 3208 constitutionis
2088 3165 2151 3204 n.
2195 3139 2329 3207 715
2386 3141 2463 3206 de
2512 3141 2690 3208 1429
2744 3141 2961 3206 novbr.
3004 3139 3048 3205 6
3115 3151 3571 3204 conservatores

948 3249 1281 3313 constituit.

948 3386 1269 3471 Eugenius
1315 3387 1644 3474 episcopus
1691 3407 1908 3456 servus
1954 3407 2277 3456 servorum
2322 3388 2424 3457 dei
2470 3387 2809 3456 venerabili
2852 3387 3035 3456 fratri
3078 3386 3377 3474 episcopo
3414 3383 3571 3452 Leo-

727 3493 930 3560 diensi
977 3500 1040 3561 et
1085 3493 1328 3561 dilectis
1371 3494 1516 3562 filiis
1563 3493 2003 3581 Herbipolensi
2050 3514 2124 3562 ac
2166 3496 2367 3562 sancti
2410 3496 2671 3583 spiritus
2716 3494 3259 3578 Heidelbergensis
3288 3492 3573 3562 worma-

727 3601 956 3668 ciensis
1013 3601 1350 3668 diocesium
1411 3601 1810 3670 ecclesiarum
1868 3602 2121 3670 decanis
2176 3603 2441 3671 salutem
2496 3608 2563 3670 et
2606 3601 3027 3690 apostolicam
3058 3601 3571 3668 benedictionem.

950 3708 1204 3775 Dudum
1249 3707 1448 3776 felicis
1493 3709 1951 3777 recordacionis
1980 3709 2239 3778 Martini
2282 3729 2447 3798 pape
2475 3709 2532 3778 V
2576 3708 3032 3799 predecessoris
3074 3708 3275 3776 nostri
3320 3725 3574 3776 emana-

727 3820 878 3883 runt
919 3815 1129 3883 littere
1175 3815 1409 3882 tenoris
1455 3815 1921 3902 subsequentis:

953 3921 1304 4007 „Martinus
1359 3929 1474 3991 etc.
1653 3923 1922 3992 Paterno
1978 3922 2501 3992 consideracionis
2546 3927 2664 3991 etc.
2714 3923 2931 4010 (supra
2972 3942 3035 3990 u.
3068 3921 3245 4004 715).
3335 3920 3569 3988 Datum

725 4027 924 4096 Rome
985 4050 1184 4117 prope
1250 4035 1499 4097 sanctos
1555 4029 1872 4117 apostolos
1927 4031 2038 4098 viii
2092 4030 2233 4098 idus
2288 4028 2645 4098 novembris
2701 4027 3099 4118 pontificatus
3154 4029 3357 4097 nostri
3408 4047 3570 4096 suno

729 4135 1157 4205 duodecimo“.

951 4243 1288 4331 Cupientes
1331 4242 1556 4327 igitur,
1609 4250 1680 4310 ut
1721 4245 2027 4332 premisse
2068 4243 2281 4312 littere
2322 4241 2825 4328 irrefragibiliter
2868 4242 3297 4326 observentur,
3342 4241 3571 4310 discre-

729 4351 894 4418 cioni
941 4355 1146 4418 vestre
1191 4371 1304 4438 per
1349 4351 1692 4438 apostolica
1735 4351 1972 4438 scripta
2017 4349 2408 4436 mandamuS,
2454 4351 2762 4437 quatenus
2808 4369 2918 4416 vos
2962 4349 3062 4417 vel
3104 4348 3229 4416 duo
3274 4354 3387 4416 aut
3412 4369 3569 4415 unus

728 4463 1005 4525 vestrum
1051 4478 1166 4544 per
1202 4478 1312 4525 vos
1343 4458 1442 4525 vel
1486 4458 1678 4526 alium
1725 4479 1836 4526 seu
1881 4458 2039 4526 alios
2082 4457 2325 4525 litteras
2371 4457 2831 4544 predecessoris
2874 4456 3231 4524 huiusmodi
3260 4476 3335 4524 sc
3362 4457 3571 4523 omnis

729 4570 796 4634 et
838 4563 1087 4648 singula
1130 4565 1196 4630 in
1242 4564 1332 4634 eis
1377 4571 1687 4649 contente,
1733 4567 1842 4635 ubi
1891 4571 1958 4632 et
2000 4565 2247 4652 quando
2294 4565 2590 4652 expedire
2635 4564 2917 4632 videritis
2963 4564 3337 4650 quociensve
3380 4583 3570 4650 super

729 4672 848 4740 hoc
903 4693 1016 4760 pro
1075 4677 1256 4759 parte
1311 4672 1595 4757 magistri
1651 4680 1714 4741 et
1767 4673 2035 4740 fratrum
2091 4673 2511 4760 predictorum
2568 4672 2857 4758 requisiti
2909 4671 3157 4738 fueritis
3204 4673 3569 4739 auctoritate

729 4787 948 4848 nostra
992 4779 1423 4866 sollempniter
1466 4779 1856 4866 publicantes
1905 4779 2214 4864 dictisque
2258 4780 2560 4865 mag-istro
2594 4785 2657 4846 et
2684 4778 2985 4846 fratribus
3015 4798 3205 4866 super
3230 4778 3353 4845 hiis
3384 4797 3571 4865 opor-

727 4891 879 4954 tune
923 4887 1302 4955 defensionis
1348 4887 1582 4953 auxilio
1624 4887 1922 4954 solercius
1956 4888 2317 4955 assistentes
2347 4907 2473 4954 non
2504 4886 2885 4974 permittatis
2918 4907 2957 4953 a
2986 4904 3321 4972 quoquam,
3364 4885 3572 4953 cuius-

729 5011 996 5080 cumque
1052 4995 1248 5062 eciam
1305 4994 1678 5081 episcopalis
1733 4995 2087 5080 dignitatis,
2144 4999 2377 5080 status,
2434 4993 2665 5079 gradus
2680 5043 2703 5080 ‚
2758 4993 2994 5061 ordinis
3047 4991 3147 5061 vel
3190 4993 3571 5061 condicionis
