3892 5609
1319 341 1730 444 pervicac-12³⁰
1753 395 2139 444 Gnnnnama
3004 386 3155 456 405

303 545 632 643 proferunt
671 559 1068 639 memoratas,
1116 560 1180 621 et
1211 555 1302 621 sic
1331 554 1814 642 apostolicorum
1847 556 2317 643 privilegiorum
2348 577 2474 622 non
2506 557 2634 622 vim
2667 561 2730 622 et
2758 561 3157 642 potestatem,

303 663 416 730 sed
471 661 606 728 sola
663 661 854 730 verba
910 666 1262 746 servanteS,
1317 662 1556 728 ordinis
1611 662 1764 729 dicti
1815 663 2043 731 fratres
2102 664 2557 750 quodammodo
2616 664 3161 730 excommunicant

304 775 368 837 et
411 789 550 836 cum
601 769 690 835 eis
737 767 892 834 alios
937 769 1395 836 communicare
1442 790 1566 836 non
1597 770 1830 854 sinunt,
1877 791 1957 838 ex
1988 792 2109 857 quo
2141 771 2299 838 illud
2344 771 2552 838 evenit
2579 771 3041 853 inconveniens,
3090 775 3161 836 ut

308 877 432 964 ipsi
463 876 690 942 fratres
725 881 1027 961 quantum
1062 877 1142 942 ad
1171 877 1290 944 hoc
1318 869 1670 944 iudicentur
1701 877 1930 945 iudicio
1964 878 2316 961 Iudeorum‚
2349 884 2412 944 et
2442 879 2548 963 qui
2581 879 2669 944 eis
2702 878 3166 944 communicant

303 987 371 1052 in
417 983 740 1070 predictis,
787 983 1086 1050 maiorem
1137 984 1844 1052 excommunicationem
1887 985 2235 1068 incurrant,
2280 1005 2469 1070 quam
2517 986 2704 1052 etiam
2736 985 3162 1050 excommuni-

305 1090 460 1158 catis
507 1089 1023 1156 communicando
1067 1091 1317 1158 fuerant
1359 1090 1691 1158 incursuri.
1761 1090 2061 1160 Nolentes
2106 1093 2299 1177 igitur
2344 1093 2459 1160 hec
2497 1091 2733 1159 crebris
2776 1091 2857 1156 ad
2886 1110 3001 1156 nos
3034 1090 3161 1157 cla·

305 1196 584 1264 moribus
642 1197 770 1262 iam
827 1196 1072 1283 perlata
1127 1197 1390 1264 ulterius
1447 1198 1562 1266 sub
1621 1199 2121 1266 dissimulatione
2177 1201 2447 1266 transire
2494 1200 2671 1267 vobis
2730 1197 3040 1264 universis
3100 1203 3163 1264 et

309 1302 572 1388 singulis
632 1324 745 1390 per
800 1304 1146 1390 apostolica
1203 1307 1440 1393 scripta
1492 1306 1897 1391 mandamus,
1956 1307 2248 1394 quatinus
2296 1307 2653 1374 huiusmodi
2698 1305 3042 1372 sententias
3092 1305 3160 1370 in

309 1411 592 1477 fraudem
639 1410 1112 1497 privilegiorum
1159 1433 1412 1479 snorum
1459 1413 1537 1480 de
1581 1418 1787 1481 cetero
1828 1435 1956 1480 non
1984 1413 2223 1497 feratis,
2271 1415 2439 1499 quia,
2486 1415 2541 1480 si
2572 1434 2761 1500 super
2788 1413 2907 1478 hoc
2936 1412 3018 1478 ad
3047 1433 3161 1478 nos

310 1513 542 1585 denuo¹
588 1515 824 1584 clamor
871 1519 1240 1603 ascenderit,
1286 1540 1412 1586 non
1443 1522 1788 1607 poterimus
1819 1522 2295 1590 conniventibus
2332 1520 2525 1588 oculis
2557 1519 2963 1607 pertransire,
3012 1520 3163 1602 quin

307 1625 802 1713 promulgatores
831 1625 1050 1692 talium
1084 1628 1532 1694 sententiarum
1567 1630 1902 1696 severitate
1933 1629 2143 1695 debita
2172 1629 2567 1712 castigemus.
2616 1625 2849 1694 Datum
2875 1627 3163 1711 Anagnie

307 1734 417 1800 viii
463 1731 766 1800 kalendas
810 1733 1032 1798 marcii
1077 1733 1475 1820 pontificatus
1519 1737 1720 1802 nostri
1767 1756 1931 1803 anno
1980 1736 2217 1824 quinto.

516 1873 637 1926 Sine
673 1873 816 1925 dato:
852 1873 919 1936 11,
951 1872 1045 1925 121
1059 1891 1106 1926 v.
1141 1891 1192 1926 ιι.
1212 1874 1298 1926 86.
1326 1905 1387 1914 -
1429 1875 1550 1927 Cum
1587 1876 1731 1929 dato:
1768 1893 1830 1927 ex
1854 1876 2085 1944 originali
2110 1875 2297 1929 bullato
2324 1877 2377 1928 in
2402 1877 2602 1929 archivo
2624 1875 2993 1944 Regimontano
3015 1891 3159 1926 men-

308 1963 429 2015 dose
464 1963 546 2016 ed.
581 1963 634 2014 in
669 1961 796 2014 Livl.
821 1962 884 2014 U.
908 1961 968 2014 Β.
993 1963 1034 2026 1,
1059 1962 1166 2015 429
1201 1983 1250 2016 ιι.
1275 1963 1395 2017 339.
1604 1965 1649 2017 1.
1685 1965 1735 2017 d.
1760 1981 1806 2016 a.
1831 1981 1881 2017 n.
1907 1965 1974 2018 Π.
1996 1956 2005 1966 '

313 2239 488 2310 604.
531 2241 708 2308 1259
734 2241 908 2325 febr.
941 2242 1032 2308 22
1075 2243 1386 2330 Anaqnie.
1457 2243 1819 2310 Alexander·
1863 2244 1909 2308 I
1914 2243 1976 2308 V
2008 2256 2175 2310 vetat
2218 2245 2501 2308 ordinem
2538 2239 2985 2308 Theutonicum
3026 2263 3159 2306 mo-

531 2349 749 2414 lestari
789 2350 864 2415 ob
911 2351 1147 2416 damna
1190 2375 1231 2416 a
1275 2351 1676 2416 servientibm
1719 2351 1932 2431 illata,
1983 2351 2058 2416 ob
2108 2373 2269 2437 quae
2310 2375 2352 2416 α
2379 2349 2705 2435 fratribus
2752 2349 2974 2414 abiecti
3016 2351 3158 2413 sint.

529 2490 890 2558 Alexander
944 2492 1275 2579 episcopus
1322 2512 1538 2559 servus
1586 2511 1908 2558 servorum
1958 2492 2059 2558 dei
2104 2490 2566 2559 venerabilibus
2612 2489 2911 2556 fratribus
2960 2489 3161 2555 archi-

308 2599 619 2685 episcopis
666 2603 730 2664 et
774 2599 1084 2687 episcopis
1116 2605 1178 2666 et
1209 2599 1452 2666 dilectis
1481 2598 1626 2666 filiis
1657 2605 1774 2666 etc.
1811 2598 2077 2666 salutem
2109 2604 2173 2665 et
2204 2596 2609 2685 apostolicam
2642 2597 3158 2664 benedictionem.

395 2704 725 2783 Querelam
770 2695 1139 2773 dilectorum
1184 2705 1454 2772 filiorum
1504 2757 1519 2771 .
1541 2757 1555 2772 .
1607 2707 1894 2790 magistri
1941 2712 2004 2773 et
2048 2706 2314 2773 fratrum
2360 2703 2688 2791 hospitalis
2720 2709 2935 2770 sancte
2965 2702 3161 2770 Marie

307 2811 830 2878 Theutonicorum
887 2811 1368 2880 lerosolimitani
1428 2815 1776 2899 recepimus
1836 2815 2253 2881 continentem
2272 2863 2290 2896 ‚
2360 2811 2554 2896 quod,
2612 2831 2753 2877 cum
2811 2807 3162 2894 contingat²

305 2918 620 2986 interdum
667 2921 1008 2986 servientes
1053 2915 1368 3006 ipsorum'
1413 2919 1625 3006 laycos
1673 2919 1985 3007 aliquibus
2031 2915 2340 3006 dampna³
2385 2919 2616 2985 inferre
2661 2919 2817 3004 ipsis
2861 2918 3161 2985 fratribus

305 3026 672 3094 inconsultis
710 3047 781 3093 ac
809 3028 933 3113 ipsi
962 3032 1220 3114 propter
1249 3026 1366 3092 hoc
1397 3027 1649 3093 eosdem
1681 3026 1955 3094 abiciant
1984 3029 2347 3110 servienteS‚
2397 3023 2615 3093 offensi
2658 3031 2868 3092 tamen
2899 3025 3160 3092 nichilo-

306 3134 514 3200 minus
561 3135 950 3201 occasionem
991 3133 1280 3201 frivolam
1327 3133 1755 3202 mendicantes
1803 3154 1906 3200 eos
1956 3135 2070 3202 sub
2116 3134 2227 3201 tali
2272 3137 2564 3221 pretextu
2594 3137 2813 3199 contra
2841 3132 3154 3199 iusticiam

307 3246 654 3326 aggravant
708 3246 772 3308 et
829 3240 1183 3308 molestant.
1267 3239 1423 3306 Cum
1479 3241 1674 3324 igitur
1729 3241 1959 3308 fratres
2012 3242 2137 3328 ipsi
2192 3262 2231 3308 a
2274 3239 2453 3306 nobis
2500 3244 2565 3306 et
2608 3240 3153 3326 predecessoribus

305 3349 538 3414 nostris
584 3347 957 3436 specialibus
1004 3347 1350 3436 privilegiis
1396 3349 1523 3413 sint
1567 3343 1818 3415 donati⁴
1863 3367 1936 3415 ac
1979 3349 2260 3435 ipsorum
2303 3347 2655 3414 molestiam
2687 3367 2814 3413 non
2843 3347 3155 3433 possimus

306 3476 522 3540 gerere
575 3476 700 3522 non
759 3455 1088 3523 molestam
1099 3452 1142 3539 ⁸,
1203 3451 1600 3522 discretioni⁶
1644 3462 1851 3523 vestre
1895 3476 2011 3542 per
2056 3454 2401 3542 apostolica
2444 3455 2681 3542 scripta
2723 3451 3155 3541 precipiendo⁷

308 3563 678 3629 mandamus
691 3558 734 3646 ⁸,
781 3570 1118 3650 quatenus,
1166 3564 1222 3629 si
1259 3563 1366 3648 qui
1410 3563 1861 3649 premissorum
1907 3563 2231 3632 occasione
2276 3562 2611 3630 molestare
2654 3563 3156 3649 presumpserint

305 3670 534 3736 fratres
575 3671 768 3757 ipsos,
803 3689 909 3736 eos
921 3663 964 3752 ⁹,
1005 3674 1077 3735 ut
1117 3669 1196 3736 ab
1236 3670 1520 3756 ipsorum
1561 3691 1752 3758 super
1763 3667 1803 3700 ²⁰
1845 3666 2021 3737 hiis¹⁰
2066 3670 2499 3737 molestatione
2541 3669 2821 3736 indebita
2862 3671 3152 3754 conquie-

307 3771 560 3861 scant¹⁰,
609 3776 948 3842 monitione
988 3777 1296 3862 premissa
1345 3797 1458 3864 per
1501 3798 1829 3844 censuram
1873 3776 2377 3860 ecclesiasticam,
2420 3778 2583 3842 sicut
2621 3777 2856 3841 iustum
2898 3772 3151 3860 fuerit¹¹,

309 3883 728 3972 appellatione
757 3883 1108 3970 postposita
1137 3885 1565 3970 compescatis.
1630 3884 1866 3952 Datum
1890 3885 2178 3968 Anagnis
2210 3885 2320 3950 viii
2348 3883 2473 3948 kal.
2508 3883 2725 3949 marcii
2756 3881 3153 3969 pontificatus

308 3991 510 4060 nostri
556 4011 716 4058 anno
765 3991 1001 4076 quinto.

517 4133 638 4185 Sine
687 4132 830 4184 dato:
875 4131 952 4193 11,
991 4129 1090 4182 119
1126 4148 1178 4184 ιι.
1203 4130 1288 4186 ’18.
1326 4161 1388 4170 -
1439 4133 1564 4184 Cum
1599 4133 1742 4186 dato:
1789 4135 1854 4186 A.
1877 4131 1942 4184 16
1978 4135 2117 4199 p.45
2160 4130 2412 4198 „Bamli“.
2699 4129 2745 4182 1.
2790 4128 3054 4194 contigerit
3088 4129 3153 4180 11.

309 4225 358 4276 2.
396 4240 566 4276 eorum
588 4221 654 4273 11.
794 4221 846 4273 3.
881 4220 914 4271 i.
936 4238 981 4272 a.
1008 4219 1056 4271 d.
1075 4219 1141 4272 Π.
1282 4221 1333 4273 4.
1371 4219 1532 4273 dotati
1553 4222 1618 4274 11.
1760 4223 1810 4274 5.
1845 4222 1880 4273 i.
1905 4239 1955 4272 ιι.
1980 4221 2225 4287 possimus
2250 4237 2300 4287 g.
2318 4219 2596 4272 molestiam
2617 4221 2682 4271 A.
2706 4218 2770 4270 16
2804 4236 3065 4285 possumus
3090 4217 3155 4270 ΙΙ.

309 4311 358 4364 6.
393 4309 704 4363 universitati
737 4309 802 4361 A.
828 4307 908 4360 16.
1049 4307 1100 4362 7.
1137 4307 1282 4360 deest
1303 4309 1369 4361 11.
1513 4309 1564 4361 8.
1597 4310 1894 4362 mandantes
1917 4309 1984 4361 11.
2126 4309 2175 4360 9.
2210 4310 2563 4375 premissorum
2599 4309 2757 4360 dictos
2790 4307 2971 4358 fratres
3008 4323 3153 4357 occa-

308 4401 450 4454 sione
483 4399 766 4452 huiusmodi
798 4399 1065 4452 molestare
1099 4405 1410 4466 presumunt,
1446 4415 1534 4450 eos
1572 4399 1636 4450 A.
1655 4399 1738 4450 16.
1953 4398 2034 4450 10.
2071 4397 2217 4450 deest
2250 4397 2318 4449 11.
2531 4398 2613 4449 11.
2646 4397 2797 4449 fixerit
2831 4395 3155 4463 compellatis.

307 4491 495 4542 Datum
531 4497 629 4542 etc.
663 4489 731 4542 11.

312 4695 488 4766 605.
529 4697 706 4764 1259
749 4697 976 4783 aprilis
1005 4696 1094 4763 24
1123 4696 1476 4780 Anaqniae.
1534 4692 1897 4759 Alexander
1931 4691 2039 4758 IV
2056 4695 2279 4779 repetit
2305 4716 2369 4756 n.
2394 4691 2532 4758 579
2562 4693 2639 4757 de
2667 4691 2843 4759 1258
2870 4694 3028 4756 maii
3050 4693 3151 4757 18.

530 4836 888 4936 Alexander
932 4841 1048 4904 etc.
1273 4835 1374 4902 Ex
1417 4840 1600 4921 parte
1643 4839 1854 4902 vestra
1899 4839 2015 4900 etc.
2092 4833 2327 4901 Datum
2371 4831 2658 4916 Anagnis
2704 4832 2813 4898 viii
2858 4829 3156 4898 kalendas

309 4945 460 5012 maii
507 4939 904 5032 pontificatus
947 4945 1148 5010 nostri
1195 4963 1358 5011 anno
1403 4943 1640 5029 quinto.
