3892 5609
700 289 735 358 1
748 287 845 360 28
1478 297 1709 346 'rnnm
1753 295 2038 346 saxon.
2106 294 2440 344 masma.
2509 295 2775 344 cronos

902 472 1033 524 Item
1068 472 1133 524 «10
1168 488 1225 522 ec
1259 471 1419 524 unciis
1454 471 1506 522 in
1542 471 1845 524 Brundusio.
1917 455 2078 523 Item
2121 475 2292 543 papa
2333 452 2650 522 Honorius
2697 454 2872 521 dedit
2915 452 3128 520 domui
3173 453 3254 520 ad
3300 453 3558 539 peticio-

690 583 835 631 nem
882 563 1285 648 imperatoris
1322 581 1575 628 omnem
1617 559 1998 646 libertatem,
2047 582 2236 648 quam
2281 561 2516 628 habent
2544 561 2890 648 Templarii
2921 567 2986 627 et
3014 559 3450 647 Hospitalarii,
3498 567 3562 626 et

691 672 1035 757 imperator
1080 668 1192 735 dat
1233 668 1415 736 nobis
1462 687 1533 735 cc
1574 668 1793 735 uncias
1840 669 1980 736 auri
2024 689 2140 755 pro
2185 666 2505 736 mantellis
2548 667 2883 755 privilegio
2927 667 3350 754 imperatoris.

3165 771 3360 858 [1221
3397 771 3558 858 dec]

904 880 1001 955 De¹
1018 896 1355 949 usufruetibus
1368 895 1413 931 ¹²
1448 897 1771 949 ecclesiarum
1818 913 1911 965 per
1959 915 2160 949 annum.
2223 880 2384 948 Item
2427 881 2776 967 imperator
2818 879 3176 947 FrideriGUS
3233 879 3562 946 Confirmat

693 989 908 1056 domui
955 988 1185 1072 omnia,
1232 1006 1355 1073 que
1386 987 1695 1053 dederunt
1735 987 1917 1054 nobis
1965 993 2391 1056 antecessores
2439 988 2556 1072 sui,
2605 992 2670 1055 et
2699 987 2812 1054 dat
2843 987 3025 1055 nobis
3071 1007 3322 1055 omnem
3367 987 3562 1054 ecole-

694 1092 852 1164 siam
899 1098 1263 1161 vaccantem
1304 1095 1375 1160 in
1422 1093 1701 1160 dominio
1746 1115 1857 1161 suo
1916 1116 2031 1183 per
2078 1115 2314 1162 annum
2356 1094 2718 1180 recipiendo
2773 1095 2862 1161 ibi
2915 1115 3132 1162 omnes
3178 1095 3562 1178 usufructuS,

694 1223 811 1270 nec
854 1202 1037 1269 nobis
1082 1201 1526 1288 preiudicetur‚
1574 1201 1631 1268 si
1672 1191 1842 1269 infra
1886 1222 2121 1270 annum
2165 1202 2446 1288 prelatus
2491 1202 2559 1267 in
2605 1204 2695 1268 eis
2739 1202 2933 1268 fuerit
2975 1202 3372 1268 constitutus.

3094 1305 3299 1391 [1223
3343 1305 3560 1391 mart]

908 1425 1129 1484 Donaflio
1164 1428 1435 1480 naufranci
1470 1428 1521 1480 in
1557 1428 1859 1483 Brundusio.
1926 1414 2086 1482 Item
2130 1414 2524 1482 Lanfrancus
2566 1413 2733 1481 filius
2766 1411 3018 1479 Milonis
3066 1413 3144 1480 de
3169 1413 3455 1497 Bogossa
3495 1415 3566 1479 in

697 1521 1055 1588 Brundusio
1103 1519 1278 1587 dedit
1320 1517 1502 1585 nobis
1533 1539 1726 1586 unum
1758 1541 2048 1588 mansum
2097 1527 2162 1589 et
2189 1521 2346 1588 duas
2379 1520 2618 1604 domos,
2663 1539 2786 1606 que
2830 1525 2979 1586 sunt
3021 1520 3089 1586 in
3133 1521 3273 1606 ipso
3321 1539 3564 1604 manso,

700 1635 765 1696 et
792 1629 1063 1712 vineam,
1110 1646 1233 1712 que
1260 1621 1523 1693 'vocatur
1552 1626 1863 1694 clansoris.
1893 1627 2094 1695 dulcis
2139 1634 2204 1696 et
2237 1633 2334 1694 est
2377 1649 2576 1716 prope
2607 1633 2894 1694 sanctum
2919 1625 3344 1694 Laurencium
3390 1629 3568 1692 iuxta

698 1741 935 1804 terram
993 1733 1235 1801 domini
1287 1733 1635 1800 Iohannelli
1693 1732 1772 1801 de
1815 1733 2062 1802 Verona
2078 1785 2099 1821 ‚
2168 1741 2232 1802 et
2285 1755 2477 1801 unam
2535 1733 2722 1800 aliam
2785 1733 3071 1818 domum,
3139 1753 3261 1819 que
3319 1738 3420 1800 est
3487 1733 3568 1798 ad

697 1846 955 1929 portum
997 1839 1356 1907 Brundusii.
3145 1837 3346 1923 [1218
3393 1837 3566 1924 aug]

912 1964 993 2015 De
1034 1962 1270 2015 libertate
1316 1971 1369 2014 et
1403 1961 1449 2013 οι
1484 1962 1643 2014 unciis
1694 1962 1803 2014 auri
1849 1963 1901 2014 in
1938 1961 2238 2016 Brunduio.
2320 1947 2477 2015 Item
2533 1948 2878 2034 imperator
2921 1945 3280 2014 Fridericus
3337 1947 3572 2032 accipit

697 2055 928 2122 fratres
974 2059 1038 2121 et
1080 2053 1427 2120 confratres
1475 2071 1551 2119 ac
1593 2051 1936 2119 servientes
1984 2058 2050 2120 et
2093 2053 2260 2121 bona
2305 2055 2528 2121 domus
2572 2059 2703 2121 tam
2748 2054 3078 2139 presencia
3121 2071 3310 2138 quam
3355 2052 3570 2120 futura

698 2162 767 2228 in
812 2160 1200 2247 protectione
1246 2180 1362 2227 sua
1408 2163 1471 2226 et
1516 2157 1844 2226 confirmat
1890 2161 2104 2225 omnia
2144 2161 2480 2247 privilegia
2523 2180 2641 2227 sua
2690 2165 2753 2227 et
2797 2165 3266 2226 antecessorum
3309 2179 3570 2225 suorum

702 2273 766 2336 et
809 2266 1111 2335 beneficia
1154 2267 1495 2334 eorundem
1538 2271 1602 2333 et
1648 2266 1759 2332 dat
1800 2266 2016 2333 domui
2060 2266 2141 2334 cl·
2171 2268 2389 2334 uncias
2437 2269 2573 2334 auri
2631 2273 2698 2334 et
2740 2265 3166 2333 omnimodam
3209 2265 3572 2333 libertatem

701 2380 835 2441 tam
878 2374 947 2452 in
992 2373 1154 2441 mari
1200 2393 1391 2459 quam
1434 2373 1501 2438 in
1546 2377 1719 2439 terra
1766 2373 1836 2438 in
1882 2377 2015 2439 toto
2062 2372 2338 2440 dominio
2385 2395 2531 2458 suo,
2587 2371 2995 2441 confirmante
3039 2373 3159 2439 hoc
3201 2391 3402 2440 uxore
3455 2393 3572 2440 sua

704 2479 1084 2548 constancia
1128 2485 1193 2548 et
1234 2479 1362 2546 filio
1409 2498 1626 2546 eorum
1670 2499 1819 2564 rege
1862 2478 2158 2565 Henrico‚
2205 2481 2370 2548 sicut
2411 2483 2478 2548 in
2523 2479 2855 2567 privilegio
2897 2479 3147 2566 plenius
3191 2479 3569 2546 continetur.

3167 2585 3365 2671 [1221
3407 2586 3568 2673 apr.]

920 2709 1240 2762 confirm-tio
1264 2708 1487 2761 nivonis.
1553 2691 1713 2759 Item
1756 2692 2101 2779 imperator
2129 2693 2489 2762 Fridericus
2521 2692 2850 2762 confirmat
2870 2693 3234 2779 VQolquino)
3267 2695 3573 2778 magistro

706 2800 929 2867 domus
972 2799 1206 2866 milicie
1236 2795 1471 2866 Christi
1518 2803 1581 2866 et
1622 2799 1923 2866 fratribus
1963 2800 2094 2867 suis
2139 2820 2356 2868 omnes
2404 2801 2832 2887 possessiones
2879 2805 2942 2867 et
2982 2801 3128 2867 iura
3169 2802 3238 2866 in
3283 2802 3574 2888 pastibus

704 2905 967 2975 Livonie
1011 2907 1177 2974 iuste
1218 2905 1613 2992 possidentes
1622 2901 1665 2935 ²⁸
1705 2907 1909 2974 autin
1938 2908 2221 2976 futurum
2253 2909 2418 2975 iusto
2451 2907 2634 2974 titulo
2677 2911 2979 2994 poterunt
3024 2907 3289 2994 adipisci
3336 2913 3402 2975 et
3445 2928 3576 2974 me-

705 3013 951 3098 tallum,
998 3013 1165 3099 quod
1208 3033 1399 3100 super
1442 3017 1679 3080 terram
1725 3012 1827 3080 vel
1871 3013 1988 3081 sub
2034 3019 2206 3082 terra
2248 3018 2548 3101 poterunt
2589 3014 2892 3081 invenire.
3108 3010 3308 3097 [1226
3353 3013 3572 3100 maio]

924 3173 971 3224 1.
1008 3181 1143 3223 terra
1165 3169 1227 3222 Β.
1350 3170 1401 3222 2.
1436 3169 1737 3223 ΗιοοῚιοω
1770 3171 1823 3222 in
1858 3173 2104 3238 margine.
2230 3171 2280 3224 3.
2319 3181 2494 3224 anteat
2517 3171 2686 3223 'filiam
2708 3171 2769 3223 Β.
2896 3171 2978 3222 3‘.
3014 3181 3152 3224 recto
3178 3171 3238 3223 B.
3373 3173 3428 3224 4.
3465 3191 3576 3226 cor·

706 3269 915 3322 rectum,
951 3269 1129 3312 antea:
1162 3259 1246 3310 vii.
1388 3259 1440 3311 5.
1476 3267 1651 3310 antea:
1688 3275 1841 3310 unam
1864 3260 2064 3312 vineam
2083 3259 2146 3312 Β.
2289 3259 2339 3312 6.
2375 3261 2428 3312 in
2455 3260 2682 3326 margine
2703 3259 2748 3311 B
2783 3260 3014 3326 praecisa
3037 3269 3254 3311 caetera.
3401 3261 3453 3312 7.
3491 3280 3578 3314 so-

708 3347 812 3400 ceri
844 3347 905 3400 B.
1048 3347 1099 3400 8.
1136 3347 1196 3400 Β.
1338 3347 1390 3399 9.
1427 3347 1657 3400 dominus
1692 3345 1944 3399 Iohannes
1980 3347 2042 3399 B.
2199 3348 2280 3400 10.
2317 3349 2518 3402 Abhinc
2553 3348 2760 3402 dimidia
2795 3347 3026 3400 columna
3060 3356 3223 3400 vacat.
3371 3349 3458 3402 11.
3493 3368 3578 3402 ro—

708 3434 836 3504 gafit
866 3436 928 3488 Β.
1113 3435 1194 3488 12.
1231 3435 1615 3489 mfi-ufi-uctibus
1650 3434 1711 3486 B.
1894 3435 1977 3488 13.
2013 3435 2074 3487 Β.
