3892 5609
644 256 686 327 2
699 256 797 327 94
1621 264 2049 335 roi-truncum
2093 262 2540 317 noumontm

645 426 820 497 325.
861 428 1036 497 1221
1069 430 1358 493 ίαηααήί
1385 425 1492 493 17.
1563 425 1890 493 Honom‘us
1915 424 2042 491 III
2076 428 2357 493 concedit
2390 429 2606 493 ordini
2642 426 3043 509 Τᾶεμεοηίοο,
3092 440 3164 495 ut
3206 430 3361 493 iura
3408 450 3555 492 aaa

855 536 1151 621 fratrum
1195 536 1543 600 testimonio
1581 534 1865 620 probare
1909 546 1968 598 et
2012 537 2178 599 tuem’
2214 537 2435 621 possit.

863 676 1180 742 Honorius
1239 675 1572 762 episcopus
1631 694 1848 740 servus
1912 694 2236 741 servorum
2299 674 2403 742 dei
2458 673 2707 742 dilectis
2762 672 2912 741 filiis
2968 724 2985 741 .
3018 724 3035 741 .
3094 675 3409 759 magistro
3478 678 3553 742 et

640 782 942 853 fratribus
987 782 1320 868 hospitalis
1365 788 1580 849 sancte
1609 781 1810 848 Marie
1840 780 2368 848 Theotonicorum
2414 782 2897 849 Ierosolimitani
2942 782 3214 849 salutem
3262 788 3330 849 et
3372 802 3549 868 apo-

643 891 931 957 stolicam
977 890 1496 957 benedictionem.
1668 887 1977 967 Quociens
2026 888 2379 975 postulatur
2412 910 2451 956 a
2477 890 2681 973 nobis,
2730 890 2895 975 quod
2924 890 3159 957 rationi
3192 892 3553 957 conveniat

643 1003 706 1063 et
751 997 1048 1063 canonice
1093 1002 1393 1063 consonet
1437 997 1778 1080 sanctioni,
1835 996 2193 1083 petencium
2241 996 2572 1064 desideriis
2616 997 2863 1063 facilem
2912 996 3214 1063 debemus
3260 997 3549 1084 prebere

642 1122 1048 1188 consensum,
1117 1123 1198 1169 ne
1255 1103 1320 1169 in
1383 1122 1454 1169 eo
1509 1102 1797 1170 difficiles
1854 1102 2214 1188 videamur,
2276 1104 2445 1189 quod
2496 1104 2789 1171 convenit
2842 1102 3131 1170 celeriter
3186 1104 3541 1187 indulgeri.

641 1212 1002 1298 Eapropter
1046 1210 1272 1277 vestris
1317 1210 1846 1295 postulationibus
1892 1209 2201 1295 inclinati,
2248 1215 2319 1277 ut
2366 1212 2507 1277 iura
2537 1216 2747 1278 vestra
2775 1211 3137 1277 testimonio
3168 1216 3540 1277 vestrorum

643 1310 911 1385 fr‘atrum
957 1317 1228 1409 probare
1274 1320 1339 1383 et
1381 1317 1545 1383 tueri
1591 1318 1870 1403 possitis,
1916 1315 2183 1383 liberam
2228 1316 2404 1384 vobis
2450 1318 2850 1385 concedimus
2895 1317 3281 1385 facultatem.
3352 1316 3541 1383 Nulli

645 1445 794 1509 ergo
841 1424 1096 1490 omnin-o
1143 1422 1472 1489 hominum
1512 1423 1703 1490 liceat
1747 1424 1910 1489 hanc
1955 1424 2253 1511 paginam
2298 1430 2515 1491 nostre
2560 1424 2981 1491 concessionis
3024 1425 3375 1508 infringere
3428 1424 3541 1491 vel

646 1532 704 1599 ei
751 1552 908 1597 ausu
953 1529 1288 1596 temerario
1335 1532 1664 1597 contraire.
1738 1530 1807 1597 Si
1852 1531 1992 1615 quis
2054 1537 2265 1598 autem
2310 1530 2429 1598 hoc
2474 1536 2857 1618 attemptare
2898 1532 3384 1618 presumpserit,
3424 1531 3539 1597 in-

645 1638 1075 1722 dignationem
1122 1637 1570 1724 omnipotentis
1616 1636 1717 1703 dei
1762 1642 1826 1703 et
1869 1635 2197 1704 beatorum
2237 1637 2412 1705 Petri
2458 1643 2521 1704 et
2562 1636 2745 1704 Pauli
2800 1638 3228 1725 apostolorum
3274 1638 3411 1703 eius
3458 1658 3533 1703 se

647 1746 895 1812 noverit
961 1745 1380 1811 incursurum.
1490 1744 1727 1811 Datum
1782 1741 2082 1839 Laterani
2138 1745 2248 1811 xvi
2304 1745 2432 1811 kal.
2491 1746 2793 1813 februarii
2849 1744 3253 1832 pontificatus
3320 1744 3531 1811 nostri

649 1872 811 1920 anno
859 1852 1097 1939 quinto.

777 1992 783 1997 ·
859 1976 980 2027 Sine
1019 1974 1166 2025 dato:
1203 1972 1246 2035 1,
1283 1970 1443 2034 67v.;
1491 1970 1556 2035 11,
1599 1970 1759 2023 110v.
1794 1990 1845 2023 n.
1871 1972 1969 2033 663
2018 1973 2081 2024 A.
2108 1971 2178 2023 20
2212 1991 2263 2025 ιι.
2288 1972 2360 2024 64
2396 1973 2577 2025 Latine
2614 1981 2667 2025 et
2704 1972 3031 2036 Germanice3
3076 1973 3141 2025 D.
3166 1972 3255 2025 66.
3295 2004 3359 2013 ——
3402 1973 3528 2025 Cim

647 2063 790 2115 dato:
828 2063 1068 2115 Laterani
1104 2063 1186 2113 xvi
1220 2061 1322 2112 kal.
1360 2062 1487 2112 febr.
1524 2079 1576 2128 p.
1601 2078 1651 2113 ιι.
1678 2079 1724 2112 a.
1750 2060 1799 2112 5.
1859 2059 2119 2127 originale
2156 2061 2207 2112 in
2244 2062 2446 2114 archivo
2480 2062 2879 2129 Regimontan03
2914 2062 2979 2113 R.
3004 2062 3073 2113 67
3108 2063 3241 2113 inter
3276 2062 3525 2129 Μερο-

645 2152 824 2203 nensia
857 2168 908 2203 n.
940 2152 1020 2203 10.
1078 2150 1138 2201 In
1175 2150 1376 2201 archivo
1413 2149 1786 2215 Regimontano
1824 2149 1910 2215 (cf.
1933 2148 2227 2217 Napiersky
2260 2150 2303 2213 1,
2332 2150 2369 2200 4
2402 2168 2453 2203 n.
2483 2151 2570 2217 13)
2606 2159 2966 2203 transsnmtum
3002 2151 3051 2204 d.
3078 2152 3129 2203 d.
3152 2152 3358 2202 Accone
3387 2150 3527 2205 1277

645 2249 742 2293 oct.
767 2241 832 2292 19
868 2257 961 2307 per
985 2240 1330 2291 Bonacursum
1356 2238 1635 2304 Tyr-ensem
1670 2237 2121 2304 archiepiscopum,
2158 2238 2543 2290 Ierosolimitani
2577 2238 2944 2306 patriarchatus
2980 2248 3033 2289 et
3060 2239 3371 2291 Aeeonensis
3408 2240 3523 2306 epi·

645 2336 882 2395 scopatus
907 2327 1160 2391 vicarium,
1211 2327 1351 2379 cuius
1389 2326 1537 2378 adest
1571 2324 1806 2393 sigillum,
1855 2335 1908 2377 et
1931 2324 2248 2389 Gailardum,
2284 2326 2776 2379 Bethlehemitanum
2810 2328 3120 2395 episcopum,
3163 2327 3393 2380 Iohanne
3416 2329 3523 2379 Ao-

646 2416 852 2468 conensi
887 2416 1065 2467 elerico
1080 2453 1096 2478 ‚
1143 2414 1338 2468 notario
1373 2415 1630 2476 Romano,
1675 2415 2023 2467 subscribente
2061 2414 2357 2466 confectum.
2414 2414 2564 2467 Cuius
2598 2417 2891 2467 transsumti
2924 2417 3275 2485 apographum
3309 2434 3339 2467 e
3374 2418 3525 2469 domo

647 2504 928 2571 Ellingensi
964 2505 1017 2555 in
1052 2503 1116 2555 R.
1142 2503 1212 2555 40
1247 2522 1298 2555 n.
1323 2504 1409 2554 24.
1462 2502 1694 2555 Alterum
1729 2503 2021 2553 transsumti
2057 2502 2302 2569 originale
2339 2510 2419 2554 ost
2451 2503 2503 2553 in
2542 2503 2743 2590 archivo
2779 2504 2969 2557 ordinis
3004 2504 3301 2557 Theutonici
3324 2506 3521 2557 Vindo-

647 2594 875 2655 bonensi,
913 2592 1051 2644 unde
1086 2592 1245 2643 edidit
1279 2592 1490 2643 Hennes
1526 2592 1568 2654 1,
1606 2590 1711 2642 226
1745 2608 1796 2643 ιι.
1822 2590 1944 2643 259.

655 2946 830 3019 326.
875 2950 1044 3016 1221
1078 2950 1369 3014 ianuarii
1387 2948 1476 3015 18
1504 2947 1828 3014 Laterani.
1889 2948 2217 3015 Honorius
2243 2947 2368 3014 III
2388 2950 2667 3015 concedit
2689 2948 3017 3035 fratribus
3048 2934 3296 3018 ordinis
3316 2950 3523 3019 Theu-

871 3058 1086 3137 tonici,
1133 3069 1204 3121 ut
1244 3057 1317 3121 ob
1351 3078 1631 3121 eoecessus
1661 3060 1732 3121 in
1776 3058 1950 3142 ipsos
1994 3056 2093 3121 vel
2134 3057 2296 3121 alios
2340 3056 2665 3143 reliyiosos
2712 3070 2823 3123 aut
2866 3056 3121 3124 clericos
3166 3063 3521 3125 commissos

875 3166 1060 3229 etiam
1117 3175 1260 3228 ante
1319 3176 1672 3249 susceptum
1715 3163 1998 3228 habitum
2042 3187 2085 3228 a
2128 3164 2477 3229 diocesianis
2524 3167 2836 3251 episcopis
2882 3164 3339 3231 absolutionem
3377 3169 3519 3232 adi-

867 3272 1037 3357 pisci
1071 3272 1340 3356 possint.

869 3410 1187 3477 Honorius
1234 3411 1567 3497 episcopus
1624 3430 1842 3477 servus
1901 3429 2229 3476 servorum
2286 3409 2389 3477 dei
2443 3409 2687 3477 dilectis
2742 3410 2889 3479 filiis
2934 3414 3241 3497 magistro
3288 3418 3354 3481 et
3396 3414 3521 3481 fra·

649 3517 851 3585 tribus
906 3516 1240 3604 hospitalis
1299 3523 1515 3585 sancte
1567 3516 1770 3585 Maris
1813 3517 2339 3585 Theotonicorum
2385 3516 2869 3585 Ierosolimitani
2924 3518 3193 3585 salutem
3250 3525 3318 3587 et
3371 3540 3517 3607 apo·

651 3626 938 3692 stolicam
970 3624 1488 3692 benedictionem.
1653 3624 1772 3707 Ea,
1820 3645 1940 3709 que
1973 3644 2089 3710 pro
2122 3624 2483 3691 defensione
2512 3626 2785 3691 nominis
2817 3625 3147 3693 christiani
3178 3628 3519 3711 sustinetis,

649 3730 1044 3816 discrimina,
1100 3751 1215 3798 nos
1271 3731 1606 3815 inducunt,
1664 3736 1738 3797 ut
1781 3752 1892 3797 vos
1938 3736 2005 3798 et
2048 3731 2331 3799 ordinem
2374 3740 2657 3799 vestrum
2700 3731 2917 3801 favore
2962 3734 3257 3800 continuo
3308 3754 3520 3821 prose-

652 3844 912 3925 quentes
971 3838 1168 3923 quieti
1213 3844 1420 3905 vestre
1464 3838 1840 3925 propensius
1884 3838 2287 3905 intendamus
2334 3843 2399 3904 et
2441 3837 2804 3905 studeamus
2849 3840 3027 3907 vobis
3084 3841 3335 3909 auferre
3390 3861 3521 3907 ma-

649 3948 877 4015 teriam
923 3946 1308 4029 gravaminis
1357 3950 1420 4011 et
1463 3945 1718 4012 laboris.
1789 3944 1955 4011 Hinc
1984 3951 2099 4030 est,
2148 3945 2316 4030 quod
2344 3945 2522 4012 vobis
2568 3946 2943 4013 auctoritate
2987 3948 3382 4033 presencium
3427 3948 3521 4015 in-

649 4052 1000 4136 dulgemus,
1049 4058 1138 4137 ut,
1185 4053 1243 4117 si
1289 4052 1397 4137 qui
1443 4072 1478 4119 e
1521 4051 1824 4119 fratribus
1870 4053 2099 4119 vestris
2142 4050 2241 4117 in¹
2288 4072 2356 4119 se
2399 4052 2671 4121 invicem
2716 4053 2849 4119 sive
2891 4053 2961 4119 in
3000 4054 3158 4121 alios
3196 4056 3521 4139 religiosos

565 4226 573 4234 ,
651 4158 964 4243 quoslibet
1023 4180 1134 4226 seu
1179 4159 1380 4226 eciam
1424 4160 1492 4226 in
1536 4157 1796 4226 clericos
1843 4159 2157 4226 seculares
2210 4178 2435 4225 manus
2480 4160 2814 4227 iniecerint
2854 4160 3184 4244 violentas,
3228 4182 3347 4249 per
3391 4162 3521 4229 dio-

651 4284 910 4333 cesanos
977 4266 1304 4351 episcopos
1363 4265 1774 4333 absolutionis
1836 4265 2207 4334 beneficium
2270 4271 2717 4350 assequantur,
2788 4264 3084 4335 eciamsi²
3140 4288 3357 4334 eorum
3411 4268 3520 4335 ali-

649 4372 780 4458 qui,
829 4372 1196 4458 prinsquam
1241 4371 1523 4439 habitum
1558 4378 1836 4439 vestrum
1867 4375 2281 4461 susciperent,
2327 4372 2455 4438 tale
2486 4372 2725 4458 aliquid
2768 4374 3237 4458 commiserunt,
3266 4382 3523 4461 propter

650 4474 817 4564 quod
848 4479 986 4564 ipso
1021 4484 1165 4544 actu
1198 4480 1861 4547 excommunicationis
1893 4481 2283 4547 sentenciam
2312 4480 2748 4564 incurrissent,
2794 4482 2920 4547 nisi
2949 4500 3241 4547 excessus
3272 4476 3520 4547 eorum⁸

651 4590 819 4653 esset
875 4584 1148 4651 difficilis
1209 4591 1273 4651 et
1329 4587 1636 4669 enormis,
1693 4591 1914 4672 utpote
1968 4587 2022 4652 si
2070 4592 2237 4653 esset
2278 4587 2359 4653 ad
2404 4586 2866 4655 mutilationem
2914 4586 3181 4653 membri
3226 4586 3327 4653 vel
3380 4608 3521 4653 san·

649 4692 858 4777 guinis
906 4691 1272 4759 effusionem
1329 4712 1694 4780 processum
1751 4698 1864 4759 aut
1905 4692 2182 4758 violenta
2238 4712 2463 4759 manus
2518 4694 2588 4759 in
2634 4694 3000 4782 episcopum
3042 4690 3180 4761 vel‘
3219 4694 3289 4760 in
3336 4694 3520 4761 abba-

649 4804 778 4866 tem
837 4800 1098 4882 iniecta‚
1157 4819 1300 4867 cum
1343 4818 1650 4866 ‚excessus
1703 4799 1862 4865 tales
1910 4805 1976 4865 et
2032 4799 2270 4865 similes
2318 4800 2455 4866 sine
2499 4800 2795 4866 scandalo
2840 4806 3157 4887 nequeant
3208 4801 3517 4887 preteriri.

649 4906 824 4973 Nulli
880 4927 1027 4990 ergo
1084 4908 1338 4973 omnino
1397 4906 1720 4974 hominum
1774 4906 1964 4973 liceat
2020 4906 2182 4973 hanc
2227 4907 2525 4993 paginam
2572 4912 2787 4975 nostre
2837 4908 3259 4975 concessionis
3302 4908 3521 4974 infrin-
