3892 5609
1315 322 1704 372 Pnrvmncu
1750 322 2138 373 curramus
3002 308 3045 381 2
3058 310 3097 380 7
3110 309 3151 380 7

293 486 674 554 omnimodis
723 484 1176 569 interdicimus,
1221 504 1301 551 ne
1345 484 1477 551 ulla
1521 484 1943 553 ecclesiastica
1988 482 2363 551 secularisve
2391 502 2665 570 persona
2695 503 2735 548 a
2766 483 3063 567 magistro
3096 488 3161 549 et

289 593 598 661 fratribus
645 593 924 659 eiusdem
973 592 1193 662 domus
1225 592 1476 675 exigere
1507 592 1736 659 audeat
1769 590 2124 676 fidelitates,
2170 591 2470 673 hominia,
2518 590 2873 656 iuramenta
2919 611 3031 657 seu
3060 610 3159 657 se-

293 701 596 768 curitates
639 692 950 785 reliquas,
996 719 1118 783 que
1164 720 1201 763 a
1245 698 1630 767 secularibus
1685 700 2181 785 frequentantur.
2246 697 2575 765 Fratribus
2634 717 2878 783 quoque
2932 698 3159 763 vestris

291 813 444 895 post
497 808 726 875 factam
783 809 851 873 in
909 807 1094 873 domo
1149 811 1362 872 vestra
1409 782 1872 892 'professionem
1929 812 1993 873 et
2044 806 2329 872 habitum
2384 804 2704 889 religionis
2766 810 3159 890 assumptum

293 914 652 982 revertendi
699 915 780 980 ad
837 914 1112 981 seculum
1162 933 1409 979 omnem
1467 914 1900 980 interdicimus
1956 911 2317 979 facultatem
2374 932 2491 978 nec
2548 911 2735 977 alicui
2788 931 3004 977 eorum
3061 910 3159 977 fas

295 1022 382 1088 sit
428 1027 574 1107 post
614 1022 847 1087 factam
892 1020 1346 1107 professionem
1394 1025 1458 1085 et
1502 1019 1696 1087 semel
1739 1024 2129 1107 assumptam
2176 1038 2423 1085 crucem
2453 1018 2735 1085 habitum
2776 1026 2983 1085 vestre
3013 1037 3162 1104 pro-

293 1130 588 1195 fessionis
649 1127 896 1195 abicere
939 1126 1042 1193 vel
1101 1128 1181 1194 ad
1226 1128 1418 1194 alium
1462 1128 1665 1193 locum
1713 1127 1973 1193 maioris
2030 1126 2163 1192 sive
2216 1126 2481 1192 minoris
2534 1126 2857 1210 religionis
2903 1124 3161 1191 obtentu

293 1238 516 1303 invitis
563 1237 696 1304 sive
739 1234 1110 1301 inconsultis
1153 1234 1454 1301 fratribus
1501 1240 1609 1301 aut
1654 1254 1728 1301 eo
1773 1235 1882 1321 qui
1927 1234 2229 1319 magister
2272 1234 2555 1301 extiterit
2608 1234 2912 1318 migrare3
2972 1231 3161 1300 nulli·

295 1364 424 1430 que
477 1343 895 1411 ecclesiastice
949 1342 1292 1409 secularive
1349 1362 1616 1428 persone
1669 1342 1846 1428 ipsos
1899 1342 2217 1427 suscipere
2274 1339 2464 1407 liceat
2518 1340 2618 1408 vel
2672 1345 2909 1407 tenere.
2996 1338 3162 1407 Sane

293 1450 587 1518 laborum
631 1456 1005 1535 vestrorum,
1054 1470 1210 1535 quos
1243 1449 1516 1536 propriis
1550 1450 1840 1517 manibus
1887 1453 1997 1515 aut
2040 1447 2394 1534 sumptibus
2436 1446 2665 1531 colitis,
2710 1446 2789 1515 de
2820 1447 3163 1534 possessio-

293 1556 486 1625 nibus
531 1557 762 1625 habitis
809 1562 954 1625 ante
997 1556 1330 1625 concilium
1377 1556 1696 1641 generale,
1757 1576 1869 1625 seu
1912 1556 1995 1623 de
2031 1562 2385 1623 vestrorum
2418 1555 2785 1623 animalium
2814 1556 3163 1621 nutrimen·-

295 1666 386 1731 tis
429 1664 641 1731 nullus
687 1686 727 1732 a
770 1663 948 1731 vobis
993 1664 1268 1731 decimas
1313 1664 1566 1748 exigere
1596 1664 1696 1731 vel
1743 1672 2115 1749 extorquere
2160 1668 2503 1751 presumat.
2570 1662 2677 1729 Ad
2719 1663 2835 1729 hec
2865 1661 3162 1747 decimas,

297 1792 461 1858 quas
506 1772 766 1839 consilio
813 1778 877 1839 et
922 1792 1182 1839 assensu
1227 1772 1664 1857 episcoporum
1711 1770 1788 1839 de
1833 1792 2027 1838 manu
2068 1770 2439 1839 clericorum
2470 1770 2572 1837 vel
2599 1770 2901 1837 laicorum
2934 1769 3165 1837 habere

293 1880 613 1967 poteritis,
660 1900 894 1964 quasve
939 1878 1471 1947 consentientibus
1518 1878 1826 1965 episcopis
1872 1884 1938 1946 et
1982 1898 2197 1946 eorum
2243 1878 2489 1945 clericis
2535 1879 2895 1964 acquiretis,
2951 1882 3165 1945 aueto-

294 1988 494 2053 ritate
549 1987 725 2054 vobis
796 1986 1140 2073 apostolica
1205 1984 1668 2053 confirmamus.
1759 1986 1846 2053 Ut
1899 1988 2123 2053 autem'
2164 1986 2343 2053 vobis
2401 1985 2480 2052 ad
2538 2005 2755 2053 curam
2812 1985 3163 2051 animarum

295 2099 656 2161 vestrarum
713 2098 778 2161 et
831 2093 1052 2161 salutis
1107 2093 1564 2181 plenitudinem
1621 2092 1784 2159 nihil
1843 2094 2009 2161 desit
2062 2097 2251 2179 atque
2294 2098 2689 2161 sacramenta
2741 2092 3167 2159 ecclesiastica

299 2207 370 2269 et
413 2200 629 2268 divina
671 2200 880 2269 officia
920 2206 1130 2267 vestro
1187 2220 1366 2269 sacro
1411 2200 1673 2284 collegio
1717 2201 2109 2268 commodius
2152 2200 2405 2268 valeant
2458 2200 2771 2291 exhiberi,
2828 2200 3165 2285 sancimus,

296 2314 376 2377 ut
416 2309 606 2377 liceat
661 2310 838 2377 vobis
895 2309 1189 2376 honestos
1245 2309 1502 2376 clericos
1561 2313 1624 2377 et
1677 2308 2033 2376 sacerdotes
2092 2308 2435 2376 secundum
2491 2309 2679 2376 deum
2737 2312 3037 2394 quantum
3086 2307 3167 2376 ad

297 2420 580 2484 vestram
623 2416 954 2484 scientiam
999 2416 1320 2484 ordinatos
1363 2415 1798 2501 undecumque
1829 2415 1912 2483 ad
1940 2435 2051 2483 vos
2082 2417 2405 2484 venientes
2450 2416 2769 2503 suscipere
2814 2421 2877 2483 et
2921 2420 3055 2481 tam
3099 2414 3168 2481 in

299 2524 647 2613 principali
692 2525 876 2590 domo
923 2529 1134 2591 vestra
1178 2544 1362 2610 quam
1411 2523 1602 2590 etiam
1659 2523 1726 2589 in
1783 2522 2151 2591 obedientiis
2208 2528 2272 2591 et
2324 2522 2479 2591 locis
2534 2523 2803 2589 subditis
2847 2522 3168 2589 vobiscum

300 2632 559 2715 habere,
607 2631 966 2716 dummodo,
1013 2632 1070 2698 si
1115 2652 1150 2699 e
1187 2632 1400 2699 -vicino
1447 2631 1593 2715 sint,
1642 2650 1748 2697 eos
1795 2650 1834 2697 a
1877 2632 2151 2718 propriis
2198 2631 2509 2718 episcopis
2556 2631 2887 2717 expetatis,
2943 2629 3168 2697 iidem-

301 2760 429 2826 que
486 2739 644 2805 nulli
702 2738 810 2805 alii
867 2739 1242 2826 professioni
1288 2738 1388 2805 vel
1443 2737 1648 2804 ordini
1703 2737 1961 2805 obnoxii
2004 2744 2355 2806 teneantur.
2431 2736 2665 2817 Quodsi
2723 2738 3002 2824 episcopi
3062 2757 3168 2804 eos

299 2846 484 2914 vobis
529 2846 868 2913 concedere
912 2846 1074 2913 forte
1118 2846 1451 2929 noluerint,
1497 2845 1904 2913 nihilominus
1950 2850 2163 2913 tamen
2204 2846 2455 2913 eosdem
2501 2845 2885 2931 suscipiendi
2929 2844 3030 2912 vel
3068 2864 3171 2911 re-

299 2953 551 3021 tinendi
605 2953 980 3019 auctoritate
1024 2960 1238 3021 sancte
1281 2954 1562 3020 Romane
1607 2953 1867 3021 ecclesie
1910 2952 2232 3020 licentiam
2276 2953 2581 3020 habeatis.
2654 2951 2725 3019 Si
2770 2972 2917 3019 vero
2974 2952 3171 3038 aliqui

301 3062 529 3128 horum
579 3067 723 3147 post
765 3060 998 3127 factam
1043 3060 1495 3147 professionem
1549 3060 1906 3129 turbatores
1950 3068 2158 3128 vestre
2214 3061 2539 3145 religionis
2592 3063 2702 3126 aut
2758 3060 2983 3126 domus
3034 3061 3170 3127 fue-

299 3169 437 3235 rint
479 3168 766 3234 fortassis
810 3168 1070 3253 inventi,
1117 3167 1306 3235 liceat
1335 3167 1512 3235 vobis
1558 3188 1662 3235 eos
1709 3188 1848 3235 cum
1896 3168 2133 3236 saniori
2161 3173 2343 3255 parte
2372 3167 2633 3254 capituli
2662 3188 2953 3233 amovere
2982 3166 3169 3254 ipsis·

304 3297 429 3361 que
474 3273 840 3341 transeundi
887 3275 970 3341 ad
1013 3274 1206 3343 alium
1237 3275 1541 3359 ordinem,
1587 3275 1694 3342 ubi
1725 3276 2068 3342 secundum
2100 3276 2285 3343 deum
2324 3276 2537 3343 vivere
2579 3273 2777 3343 velint
2806 3281 2870 3342 et
2896 3274 3167 3360 valeant,

302 3384 460 3451 dare
487 3383 829 3467 licentiam,
876 3387 940 3450 et
981 3382 1118 3449 loco
1162 3384 1446 3469 ipsorum
1493 3382 1648 3449 alios
1693 3384 1951 3449 idoneos
1996 3404 2351 3468 surrogare,
2398 3384 2507 3469 qui
2551 3383 2743 3449 etiam
2788 3384 2973 3449 unius
3018 3380 3169 3449 anni

303 3491 516 3577 spatio
561 3490 628 3557 in
655 3495 870 3557 vestra
897 3490 1194 3557 societate
1239 3489 1602 3577 probentur,
1649 3510 1845 3576 eoque
1887 3496 2145 3578 peracto
2157 3488 2201 3576 ²,
2248 3491 2306 3557 si
2335 3509 2548 3557 eorum
2598 3490 2919 3573 exegerint
2960 3510 3169 3557 mores

304 3604 374 3665 et
415 3597 604 3665 utiles
647 3598 882 3663 fuerint
924 3598 1006 3665 ad
1052 3597 1374 3663 servitium
1425 3596 1645 3663 domus
1675 3603 1884 3665 vestre
1915 3599 2177 3681 inventi,
2224 3603 2374 3664 tunc
2422 3596 2673 3664 demum
2715 3598 3168 3683 professionem

301 3705 545 3772 faciant
587 3704 960 3789 regularem,
1007 3705 1446 3791 promittentes
1493 3724 1560 3771 se
1603 3704 1979 3789 regulariter
2021 3706 2235 3772 vivere
2278 3724 2353 3771 ac
2395 3704 2698 3789 magistro
2735 3706 2993 3792 proprio
3022 3704 3171 3772 obe-

303 3812 476 3898 dire,
533 3812 626 3879 ita
668 3819 881 3879 tamen
928 3811 1094 3896 quod
1149 3811 1416 3879 eundem
1475 3812 1795 3879 vobiscum
1839 3812 2075 3881 victum
2133 3811 2409 3879 habeant
2461 3818 2527 3879 et
2582 3813 2882 3879 vestitum
2924 3830 3169 3879 necnon

301 3920 716 4001 lectisternia,
762 3920 882 3987 hoc
926 3924 1188 4005 excepto
1237 3918 1400 4003 quod
1447 3918 1660 3987 clausa
1705 3920 2083 3987 vestimenta
2125 3918 2485 4006 portabunt.
2557 3919 2683 3987 Sed
2736 3940 2855 3987 nec
2897 3919 3052 4005 ipsis
3090 3918 3169 3985 li-

301 4031 449 4095 ceat
493 4026 570 4093 de
615 4026 888 4113 capitulo
936 4026 1037 4093 vel
1081 4046 1232 4092 cura
1284 4026 1504 4092 domus
1550 4031 1758 4093 vestre
1802 4046 1870 4093 se
1913 4032 2151 4093 temere
2196 4026 2638 4112 intromittere,
2684 4027 2811 4094 nisi
2864 4031 3168 4111 quantum

299 4135 500 4201 fuerit
544 4134 634 4199 eis
681 4154 720 4199 a
763 4134 938 4199 vobis
983 4134 1352 4199 iniunctum.
1423 4130 1720 4200 Preterea
1764 4133 1921 4201 nulli
1965 4154 2232 4221 persone
2278 4139 2459 4211 extra
2502 4140 2779 4202 vestrum
2824 4132 3169 4219 capitulum

301 4243 440 4309 sint
483 4241 767 4324 subiecti,
811 4240 1072 4326 tibique,
1119 4240 1344 4308 dilecte
1371 4241 1441 4307 iu
1472 4241 1724 4307 domino
1753 4240 1843 4307 fili
1874 4240 2197 4325 magister,
2244 4242 2495 4325 tuisque
2538 4240 2999 4308 successoribus
3030 4246 3170 4307 tan-

304 4368 497 4435 quam
559 4349 858 4432 magistro
928 4367 1002 4414 ac
1059 4348 1306 4435 prelato
1361 4368 1472 4415 suo
1541 4348 1826 4415 deferant
1878 4348 2221 4416 secundum
2288 4350 2483 4415 vestri
2550 4348 2787 4415 ordinis
2856 4349 3166 4414 instituta.

301 4456 822 4524 Consecrationes
869 4474 1016 4523 vero
1063 4455 1359 4523 altarium
1403 4476 1515 4521 seu
1561 4455 1984 4541 basilicarum,
2033 4456 2457 4523 ordinationes
2503 4456 2889 4540 clericorum,
2937 4454 3045 4541 qui
3091 4455 3171 4522 ad

299 4584 517 4631 sacros
563 4564 814 4631 ordines
857 4564 1093 4630 fuerint
1137 4563 1568 4651 promovendi,
1617 4569 1679 4630 et
1723 4570 1933 4630 cetera
1978 4564 2399 4631 ecclesiastica
2444 4572 2837 4631 sacramenta
2881 4584 2919 4629 a
2964 4562 3171 4630 dioce-
3232 4609 3237 4619 ·

299 4672 480 4739 sanis
524 4672 880 4759 suscipietis
926 4672 1258 4757 episcopis,
1303 4670 1612 4755 siquidem
1645 4671 1934 4739 catholici
1968 4672 2205 4739 fuerint
2249 4676 2315 4738 et
2358 4671 2628 4755 gratiam
2672 4658 2859 4757 atque
2890 4690 3169 4737 commu-

298 4780 558 4847 nionem
605 4779 770 4845 sedis
815 4776 1156 4865 apostolice
1199 4777 1532 4846 habuerint
1575 4785 1640 4846 et
1683 4798 1760 4845 ea
1803 4780 2001 4864 gratis
2042 4786 2105 4845 et
2148 4778 2381 4864 absque
2413 4779 2723 4864 pravitate
2753 4778 2965 4863 aliqua
2995 4779 3171 4845 vobis

299 4887 622 4954 voluerint
679 4887 1005 4968 exhibere3
1063 4886 1368 4971 alioquin¹
1395 4885 1586 4953 liceat
1641 4886 1816 4954 vobis
1875 4886 2251 4954 catholicum
2307 4906 2761 4971 quemcumque
2822 4884 3171 4953 malueritis

301 4994 483 5062 adire
529 4994 897 5079 antistitem,
954 4993 1063 5078 qui
1115 4998 1336 5061 nostra
1376 4993 1572 5063 fultus
1625 4994 1999 5061 auctoritate
2058 4993 2222 5080 quod
2278 4994 2635 5081 postulatur
2688 4993 3031 5081 impendat.
3102 4992 3173 5061 Si
