3892 5609
1117 344 1348 393 TERRA
1393 344 1675 395 smera.
1745 346 2080 395 Annum.
2152 348 2417 397 errans
3108 338 3203 411 73

331 504 758 572 bisanciorum
803 523 918 589 per
949 523 1183 571 annum
1227 508 1538 572 cessatum
1585 506 1797 591 fuerit,
1843 513 2183 593 postquam
2227 510 2518 594 requisiti
2562 510 2797 577 fuerint
2826 532 2865 577 a
2893 510 3074 577 nobis
3104 510 3209 578 vel

335 610 800 679 successoribus
844 611 1078 677 nostris
1121 612 1222 678 vel
1268 612 1542 699 capitulo
1589 614 1736 680 sede
1766 620 2085 700 vaccante,
2133 636 2249 681 nos
2295 615 2395 682 vel
2441 636 2828 684 successores
2874 618 3077 684 nostri
3107 616 3208 683 vel

333 717 682 807 capitulum
727 718 874 783 sede
905 723 1202 785 vaccante
1249 720 1385 786 sine
1417 720 1907 787 contradictione
1955 722 2169 807 aliqua
2210 743 2337 789 non
2383 723 2671 790 obstante
2717 724 3047 811 privilegio
3093 724 3208 789 ali-

335 848 460 913 quo
507 826 608 891 vel
653 831 976 891 contractu
1022 826 1282 912 propria
1328 828 1701 894 auctoritate
1747 828 1882 894 sine
1926 828 2163 895 lesione
2218 830 2375 896 iuris
2422 830 2679 897 alterius
2725 851 2868 897 cum
2914 832 3205 898 omnibus

331 931 704 1015 hedificatis‚
753 933 1080 999 seminatis
1127 939 1190 998 et
1233 933 1535 1019 plantatis
1580 934 1861 1000 iardinos
1909 936 2303 1021 supradictos
2347 936 2715 1003 habebimus
2760 943 2825 1004 et
2868 939 2949 1004 ad
2999 940 3097 1005 ius
3143 944 3207 1005 et

337 1040 418 1106 ad
461 1040 915 1127 proprietatem
945 1039 1204 1106 ecclesie
1233 1040 1616 1107 Acconensis
1649 1042 1784 1107 sine
1816 1040 2187 1108 difficultate
2232 1043 2510 1129 qualibet
2552 1050 2942 1111 revertentur
2970 1046 3207 1112 iardini

335 1147 628 1233 superius
672 1148 1000 1213 nominati.
1071 1146 1200 1211 Nos
1245 1168 1394 1213 vero
1440 1152 1729 1214 tenemur
1771 1147 2073 1214 fratribus
2107 1148 2285 1215 dicte
2330 1150 2551 1216 domus
2598 1149 2943 1219 deffensare
2988 1157 3053 1218 et
3095 1172 3205 1236 ga-

335 1259 586 1320 rentare
631 1254 972 1321 seeundum
1021 1253 1536 1321 consuetudinem
1574 1255 1846 1321 civitatis
1877 1255 2263 1323 Acconeusis
2307 1257 2588 1323 iar-diuos
2634 1259 2922 1343 superius
2968 1278 3206 1326 memo-

333 1367 528 1445 ratos,
561 1361 712 1427 dicti
745 1366 954 1426 autem
983 1360 1210 1426 fratres
1241 1365 1534 1427 tenentur
1566 1380 1904 1448 procurare
1937 1368 2000 1428 et
2028 1363 2254 1448 facere,
2292 1364 2457 1448 quod
2486 1364 2791 1459 magister
2820 1365 3064 1450 domus,
3098 1367 3207 1450 qui

335 1468 562 1534 absens
595 1471 733 1533 erat
762 1472 1046 1551 tempore
1077 1472 1453 1551 contractus,
1501 1468 1622 1533 hiis
1659 1468 1949 1534 omnibus
1996 1489 2180 1534 suum
2226 1470 2513 1556 prebebit
2560 1490 2884 1537 assensum
2932 1476 2995 1537 et
3038 1473 3207 1557 quod

332 1576 502 1641 inter
531 1594 646 1640 nos
679 1594 756 1639 ex
787 1593 916 1638 una
959 1578 1138 1660 parte
1187 1577 1250 1639 et
1291 1574 1550 1640 fratrem
1585 1573 1904 1640 Lutolfum
1939 1580 2003 1641 et
2032 1582 2405 1643 conventum
2442 1576 2593 1643 dicti
2626 1577 2958 1665 hospitalis
2995 1584 3203 1669 actum

336 1688 464 1763 est,
511 1685 722 1747 ratum
767 1679 1022 1745 habebit
1069 1686 1132 1746 et
1174 1679 1448 1745 firmum.
1525 1680 1593 1746 Si
1640 1701 1786 1747 vero
1835 1683 2157 1767 predictus
2202 1684 2505 1767 magister
2550 1704 2729 1750 suum
2776 1685 3050 1751 noluerit
3096 1686 3206 1752 ad-

333 1788 550 1859 hibere
582 1788 678 1854 vel
727 1790 1049 1873 presentes
1094 1787 1340 1853 litteras
1371 1807 1483 1853 suo
1515 1786 1721 1871 sigillo
1753 1790 2019 1872 munire,
2068 1788 2221 1856 dicti
2266 1790 2497 1857 iardiui
2544 1791 2625 1857 ad
2668 1792 2768 1857 ius
2812 1796 2879 1858 et
2920 1793 3207 1879 proprie-

333 1900 534 1961 tatem
563 1895 948 1960 Acconensis
994 1894 1254 1960 ecclesie
1297 1894 1494 1961 libere
1538 1898 1956 1979 revertentur,
2004 1896 2167 1963 sicut
2211 1898 2501 1983 superius
2534 1917 2904 1984 expressum
2936 1904 3050 1964 est.
3120 1898 3208 1967 Ut

337 2007 550 2067 autem
593 2020 854 2087 presens
896 2000 1300 2086 privilegium
1343 2006 1550 2066 ratum
1583 2006 1650 2066 et
1677 2001 2119 2067 inconcussum
2152 2003 2220 2067 iu
2251 2008 2623 2090 perpetuum
2658 2010 3045 2090 permaneat,
3094 2024 3205 2092 ap-

333 2109 648 2195 positione
692 2107 885 2190 sigilli
927 2107 1132 2173 nostri
1183 2106 1462 2194 plumbei
1519 2112 1584 2174 et
1641 2108 1834 2192 sigilli
1890 2109 2151 2194 capituli
2207 2128 2449 2176 necnon
2494 2116 2559 2177 et
2602 2113 3045 2177 canonicorum
3090 2132 3205 2178 no-

335 2221 613 2283 strorum
659 2219 725 2281 et
767 2215 1037 2280 aliorum
1081 2215 1338 2281 testium
1387 2214 1849 2301 subscriptione
1877 2216 2140 2283 fecimus
2171 2217 2475 2283 roborari.
2547 2217 2796 2284 Testes:
2840 2217 3203 2301 Nicholaus‚

336 2322 684 2405 dechanus;
745 2320 1058 2405 GalteruS,
1107 2322 1655 2404 archidiachonus3
1715 2321 2076 2405 Gaufridus‚
2124 2329 2371 2407 cantor3
2430 2330 2496 2390 et
2534 2324 2844 2391 Iohannes
2887 2324 3203 2409 Yspanus,

338 2430 676 2497 canonicus
714 2428 1132 2511 Acconensis;
1185 2429 1376 2495 iudex
1423 2427 1764 2496 Sanctorus
1811 2434 1874 2495 et
1915 2430 2219 2513 magister
2261 2430 2547 2499 Matheus
2593 2432 2893 2518 phisicus.
2969 2433 3203 2499 Actum

335 2536 554 2604 Accon
599 2557 761 2603 anno
809 2536 1046 2602 domini
1093 2544 1182 2601 m⁰
1213 2545 1308 2601 cc⁰
1337 2535 1430 2600 11⁰
1459 2536 1531 2601 ii⁰
1575 2535 1780 2621 pridie
1825 2535 1954 2601 kal.
1990 2535 2161 2603 maii.

549 2676 591 2739 1,
627 2677 753 2729 sav.
790 2692 841 2729 n.
867 2675 952 2727 77.
1129 2675 1175 2727 l.
1212 2676 1462 2727 bisancios
1499 2676 1622 2728 καί-ἶ.
1653 2675 1714 2727 Β.

340 2926 462 2996 92.
515 2928 692 2994 1242
750 2951 896 3014 any.
930 2928 1018 2993 18
1073 2928 1252 3013 apud
1292 2926 1529 2991 Accon.
1616 2924 1922 2994 Gir-aldus
1970 2928 2247 3014 Maqnus
2292 2928 2684 2993 tilmannus
2741 2930 2937 2995 donat
2992 2930 3212 2994 domui

515 3035 848 3121 hospitalis
905 3058 956 3099 s.
1000 3036 1255 3100 Mariae
1308 3034 1834 3099 Theutonicorum
1889 3035 2050 3099 duas
2108 3036 2324 3100 domos
2382 3032 2659 3101 Accone¹
2718 3039 2789 3101 in
2856 3058 3021 3122 ruqa
3074 3036 3206 3101 cal-

515 3146 864 3209 dariorum.

557 3283 632 3349 In
683 3283 936 3349 nomine
981 3282 1219 3347 domini
1277 3302 1480 3347 amen.
1561 3280 1720 3347 Cum
1777 3281 2020 3367 optima
2073 3300 2373 3348 mensura
2426 3282 2511 3349 sit
2562 3302 2775 3348 rerum
2833 3283 3209 3349 donatarum

337 3390 599 3459 ecclesie
642 3378 1058 3472 immensitas,
1103 3390 1246 3455 ideo
1292 3408 1406 3471 ego
1454 3386 1762 3455 Geraldus
1805 3387 2197 3454 Alemaunus
2244 3388 2425 3455 miles
2470 3390 2677 3457 dictus
2721 3388 3009 3474 Magnus,
3061 3411 3207 3477 pro-
3287 3462 3295 3471 ¹

337 3500 640 3586 speritate
686 3497 965 3584 corporis
1013 3496 1290 3580 gaudens
1337 3502 1400 3561 et
1443 3495 1732 3579 sanitate,
1786 3495 2021 3560 intuitu
2066 3495 2387 3579 religionis
2436 3501 2500 3562 et
2542 3495 2691 3562 fidei
2735 3502 2800 3563 et
2842 3516 2959 3582 pro
3004 3497 3208 3564 salute
3322 3564 3330 3579 ,

337 3607 545 3673 anime
591 3626 730 3671 mee
777 3610 840 3671 et
883 3608 1216 3690 parentum
1248 3622 1531 3669 meorum
1563 3603 1724 3668 dono
1762 3607 1826 3668 et
1855 3602 2125 3669 concedo
2157 3602 2369 3668 domui
2399 3603 2731 3689 hospitalis
2763 3609 2979 3670 sancte
3008 3603 3208 3670 Mario

337 3712 870 3778 Theutonicorum
925 3716 988 3777 et
1041 3709 1502 3776 venerabilibus
1558 3708 1858 3775 fratribus
1927 3709 2209 3775 eiusdem
2264 3709 2486 3775 domus
2543 3710 2700 3775 duas
2756 3710 2975 3776 domos
3033 3730 3208 3777 meas

337 3820 725 3902 coniunctas,
773 3838 894 3901 que
925 3822 1074 3882 sunt
1103 3816 1270 3902 apud
1300 3815 1696 3881 Monmusart
1738 3817 1806 3881 in
1841 3836 2019 3899 ruga,
2068 3836 2188 3900 que
2222 3816 2451 3882 dicitur
2497 3814 3006 3899 culdei-ariorum,
3056 3837 3207 3902 qua-

335 3946 480 3991 rnm
527 3925 604 3991 ab
650 3945 773 3990 uno
819 3923 1016 3989 latere
1063 3928 1160 3989 est
1205 3922 1427 3988 domus
1472 3923 1644 3988 curie
1688 3922 1941 4006 regalis,
1982 3922 2070 3988 ab
2116 3922 2240 3989 alio
2283 3921 2481 3989 latere
2526 3928 2623 3989 est
2666 3923 2889 3989 domus
2921 3922 3207 4007 Hugonis

338 4033 416 4099 de
461 4031 854 4114 calderaria,
902 4035 966 4097 et
1011 4031 1090 4096 ab
1134 4030 1400 4095 introitu
1443 4030 1726 4116 ipsarum
1773 4030 2103 4095 domorum
2149 4034 2248 4096 est
2287 4028 2503 4115 platea
2543 4030 2724 4097 iuxta
2766 4030 3073 4097 fossatum
3120 4030 3208 4096 ci-

336 4139 572 4204 vitatis,
648 4138 806 4203 Item
865 4137 1026 4202 dono
1083 4142 1147 4202 et
1203 4136 1472 4202 concedo
1531 4135 1776 4222 prefate
1835 4136 2048 4201 domui
2106 4140 2170 4201 et
2221 4136 2525 4201 fratribus
2578 4137 2957 4222 supradictis
3002 4143 3207 4203 totum

335 4266 545 4311 meum
593 4244 953 4310 harnesium
999 4242 1273 4309 militare
1319 4248 1450 4309 tam
1497 4244 1561 4308 in
1609 4242 1984 4327 equitaturis
2032 4247 2097 4307 et
2136 4244 2328 4308 armis
2362 4262 2549 4327 quam
2594 4243 2765 4310 robis
2813 4249 2878 4310 et
2923 4244 3063 4310 aliis
3108 4265 3207 4311 re-

335 4353 485 4433 bus3
535 4356 618 4433 et,
665 4352 720 4416 si
767 4371 891 4435 qua
934 4350 1100 4415 bona
1143 4349 1341 4415 habeo
1373 4350 1471 4415 vel
1517 4351 1584 4415 in
1615 4351 1747 4416 vita
1792 4370 1935 4416 mea
1978 4370 2081 4415 me
2127 4350 2363 4415 hahere
2390 4348 2819 4436 contingerit²,
2866 4358 2940 4418 ut
2982 4352 3238 4417 amodo·

335 4460 594 4525 inantea
625 4458 755 4524 sint
793 4458 862 4523 in
893 4457 1278 4543 proprietate
1323 4463 1386 4522 et
1415 4457 1692 4523 dominio
1725 4456 1890 4523 dicte
1921 4458 2146 4524 domus
2194 4462 2258 4522 et
2293 4457 2584 4542 fratrum,
2631 4463 2949 4525 reservato
2994 4463 3206 4523 tamen

335 4565 514 4648 mihi,
562 4563 759 4631 donec
803 4566 1042 4647 vixerO,
1088 4564 1416 4629 usufructu
1461 4564 1746 4651 ipsarum
1792 4586 2025 4630 rerum.
2102 4562 2257 4629 Post
2298 4570 2567 4631 mortem
2613 4585 2762 4631 vero
2806 4584 3011 4631 meam
3058 4584 3208 4630 usu-

334 4667 614 4739 fructus²
658 4674 940 4757 ipsorum
974 4670 1280 4736 bonorum
1311 4671 1527 4737 redeat
1573 4673 1654 4737 ad
1696 4672 2147 4758 proprietatem
2196 4677 2260 4737 et
2295 4672 2643 4739 dominium
2678 4672 2843 4738 dicte
2877 4672 3097 4738 domus
3144 4675 3210 4737 et

335 4779 626 4845 fratrum.
697 4778 828 4864 lpsi
858 4797 1006 4845 vero
1049 4778 1279 4845 fratres
1323 4779 1392 4845 in
1421 4798 1562 4845 meo
1593 4779 1770 4846 obitu
1799 4800 1902 4845 me
1931 4779 2295 4845 tractabunt
2320 4780 2497 4846 velut
2538 4798 2735 4844 unum
2780 4798 2861 4845 ex
2904 4777 3207 4845 fratribus

335 4886 404 4952 in
436 4886 719 4971 exequiis
752 4890 816 4951 et
843 4885 1186 4971 sepultura.
1257 4885 1344 4951 Ut
1389 4890 1599 4951 autem
1643 4886 1759 4951 hec
1804 4905 1946 4951 mea
1990 4887 2276 4973 predicta
2316 4886 2569 4952 donatio
2612 4883 2799 4951 firma
2838 4890 3210 4971 permaneat

341 4997 405 5059 et
447 4994 852 5076 inconcussa,
909 4992 992 5059 ad
1048 4992 1294 5079 prefate
1339 4992 1560 5058 domus
1607 4992 1912 5060 maiorem
1958 4993 2266 5060 cautelam
2322 4998 2387 5060 et
2428 4997 2797 5081 perpetuam
2843 4990 3208 5061 firmitatem
