3892 5609
1344 339 1734 389 mensem
1777 322 2170 389 ammai
3030 328 3177 401 349

326 494 509 565 443.
551 498 730 565 1228
753 499 1085 583 februarii
1109 500 1153 566 3
1198 500 1525 568 Laterani.
1599 498 1940 589 Gregorius
1973 501 2082 567 IX
2122 503 2341 587 repetit
2382 499 2665 567 Honor-ii
2692 498 2815 563 III
2848 523 2909 563 n.
2936 499 3071 565 307
3096 502 3183 565 ‘de

550 605 727 673 1220
771 608 901 672 dec.
933 608 1039 673 16.

550 736 890 822 Gregorius
947 744 1062 806 etc.
1287 739 1585 807 Pervenit
1629 741 1708 807 ad
1753 761 1868 808 nos
1915 746 2032 808 etc.
2114 740 2347 807 Datum
2394 738 2693 806 Laterani
2736 740 2807 807 iii
2850 760 3049 805 nonas
3090 740 3183 806 fe-

325 845 568 912 bruarii
609 847 1010 932 pontificatus
1055 846 1256 914 nostri
1303 867 1467 914 anno
1512 850 1738 936 primo.

543 987 666 1038 Cum
703 986 847 1039 dato:
895 988 986 1050 IV,
1017 986 1173 1039 192'v.
1211 1006 1260 1039 n.
1287 987 1348 1050 2,
1394 988 1481 1040 ubi
1528 989 1679 1040 etiam
1723 988 1932 1055 legitur:
1988 988 2100 1039 Hoc
2147 986 2459 1054 privilegium
2503 987 2717 1038 habetur
2762 986 2812 1037 in
2848 986 3182 1052 Mergetheim

323 1076 380 1126 in
424 1075 589 1127 rotulo
632 1075 850 1143 desuper
884 1076 1127 1129 confecto.
1191 1077 1450 1142 originale
1497 1078 1748 1143 quondam
1781 1076 2253 1142 Mergenthemense
2302 1092 2413 1127 cum
2446 1074 2585 1127 bulla
2626 1076 2677 1126 in
2713 1074 2811 1127 filis
2846 1075 3047 1126 sericeis
3084 1093 3180 1141 ap-

325 1180 488 1230 pensa
533 1164 584 1215 in
629 1164 830 1219 archivo
875 1165 1063 1218 ordinis
1109 1166 1405 1219 'l'heutonici
1440 1166 1836 1218 vindobonensi.
1897 1164 2007 1217 1011.
2041 1166 2128 1217 33.
2185 1164 2317 1217 Edd.
2352 1164 2617 1217 Caorsinus
2660 1163 2746 1217 fol.
2784 1164 2839 1217 C.
2864 1164 2898 1214 2
2909 1184 2925 1226 ς
2986 1163 3182 1215 Senner

324 1252 414 1305 fol.
439 1253 500 1305 Ε.
523 1253 616 1305 zv.

325 1457 507 1528 444.
531 1406 724 1528 '1228
748 1462 1079 1546 februarii
1105 1464 1148 1529 4
1197 1462 1516 1529 Laterani.
1584 1459 1925 1549 &eya-ius
1950 1460 2058 1527 IX
2080 1463 2305 1547 repetit
2331 1484 2395 1525 n.
2420 1462 2555 1527 422
2582 1462 2659 1525 de
2688 1460 2867 1529 1227
2894 1460 3045 1527 iulii
3067 1460 3178 1527 21.

306 1688 314 1695 ἢ
547 1600 887 1685 Gregorius
933 1608 1049 1669 etc.
1277 1602 1345 1669 Si
1392 1574 1723 1691 diligenter
1767 1609 1882 1671 etc.
1954 1602 2187 1670 Datum
2218 1599 2517 1669 Laterani
2559 1601 2608 1668 ii
2650 1620 2848 1669 nonas
2878 1602 3181 1671 februarii

321 1707 730 1795 pontificatus
773 1710 974 1799 nostri
1019 1730 1180 1776 anno
1226 1712 1452 1797 primo.

322 1947 505 2018 445.
547 1950 722 2055 1228
746 1950 1078 2036 februarii
1104 1953 1146 2017 5
1189 1952 1513 2017 Laterani.
1579 1948 1920 2037 Greqorius
1950 1950 2057 2016 IX
2082 1954 2304 2037 repetit
2330 1974 2393 2016 η.
2418 1950 2552 2016 420
2582 1952 2658 2015 de
2687 1951 2865 2016 1227
2893 1950 3041 2016 iulii
3067 1952 3175 2017 14.

546 2089 884 2176 Gregorius
942 2098 1056 2160 etc.
1283 2093 1425 2160 Non
1482 2093 1716 2179 absque
1771 2097 1888 2161 etc.
1979 2092 2213 2159 Datum
2268 2090 2568 2159 Laterani
2622 2111 2819 2157 nonas
2875 2091 3178 2159 februarii
3250 2094 3258 2103 ‘

319 2197 724 2287 pontificatus
767 2200 969 2267 nostri
1014 2220 1176 2270 anno
1223 2200 1449 2286 primo.

324 2420 504 2491 446.
546 2423 723 2489 1228
747 2425 1080 2509 februarii
1117 2425 1162 2491 6
1205 2425 1514 2491 Laterani
1555 2422 1681 2508 (ef.
1713 2422 1886 2513 1231
1934 2424 2156 2488 martii
2190 2420 2344 2504 29).
2426 2420 2767 2508 Greyom'us
2810 2421 2917 2488 IX
2957 2426 3179 2509 repetit

543 2530 826 2599 Honoris·
849 2532 975 2598 ΙΙΙ
1007 2556 1070 2596 n.
1103 2531 1239 2597 338
1283 2534 1359 2597 de
1402 2532 1574 2598 1221
1623 2532 1911 2596 ianuarii
1934 2529 2043 2595 20.

547 2670 884 2757 Gregorius
930 2677 1046 2738 etc.
1270 2672 1501 2739 Dilecti
1545 2671 1660 2737 filii
1707 2708 1790 2717 —-
1836 2670 2219 2737 fraternitati
2263 2674 2468 2736 vestre
2514 2669 2593 2735 ad
2624 2647 2949 2757 exemplar
2976 2671 3176 2738 felicis

323 2778 780 2846 recordacionis
832 2778 1099 2845 Honorii
1150 2798 1316 2865 pape
1372 2779 1828 2866 predecessoris
1882 2778 2085 2844 nostri
2142 2797 2256 2864 per
2312 2774 2675 2863 apostolica
2701 2813 2784 2823 -
2833 2778 3173 2846 dimittant.

321 2884 560 2953 Datum
607 2885 908 2953 Laterani
951 2886 1064 2952 viii
1107 2886 1251 2953 idus
1293 2885 1594 2953 februarii
1637 2884 2037 2972 pontificatus
2082 2884 2283 2950 nostri
2328 2904 2491 2951 anno
2535 2884 2760 2972 primo.

501 2995 654 3079 ³Sine
701 3028 846 3079 dato:
898 3026 1120 3093 „Iuncis“
1161 3028 1224 3078 A.
1250 3027 1314 3078 16
1349 3044 1400 3093 p.
1423 3027 1549 3089 100,
1594 3026 1682 3078 ubi
1717 3027 1873 3077 verba
1910 3026 2007 3091 „ad
2054 3024 2309 3091 exemplar
2343 3024 2379 3077 f.
2418 3044 2457 3077 r.
2490 3026 2701 3078 Honorii
2736 3044 2786 3093 p.
2817 3026 2959 3091 pred.
2982 3026 3171 3077 nostri“

323 3116 522 3167 omissa.
549 3146 612 3154 —
641 3116 932 3167 Cum-dato:
970 3116 1207 3167 Laterani
1232 3116 1266 3165 8
1290 3115 1358 3167 id.
1383 3116 1509 3166 febr.
1534 3133 1585 3182 p.
1604 3133 1654 3167 n.
1675 3134 1721 3167 a.
1746 3118 1792 3166 1.
1837 3116 1928 3176 IV,
1958 3114 2058 3165 193
2071 3132 2116 3166 v.
2151 3132 2202 3165 n.
2222 3114 2271 3165 4.
2327 3114 2413 3165 Or.
2440 3116 2691 3181 quondam
2714 3114 3175 3166 Vetere-Iuncense

321 3220 434 3255 cum
469 3204 607 3256 bulla
650 3204 701 3254 in
747 3203 844 3256 filis
887 3205 1048 3256 rubris
1093 3212 1147 3256 et
1179 3204 1329 3257 luteis
1365 3222 1592 3271 appensa
1625 3204 1678 3256 in
1715 3203 1914 3255 archivo
1952 3203 2139 3255 ordinis
2174 3203 2471 3255 'theutonici
2503 3204 2895 3256 Vindobonensi.
2955 3202 3063 3255 1012.
3086 3204 3175 3255 33.

321 3292 454 3345 Edd.
483 3294 748 3345 anrsinus
782 3292 868 3345 fol.
889 3294 941 3344 Ο.
969 3294 1088 3355 2v.;
1125 3294 1321 3345 Senner
1354 3292 1441 3345 fol.
1465 3294 1524 3346 E.
1543 3294 1594 3345 3.
1625 3324 1684 3331 —
1716 3294 1838 3343 Cum
1863 3292 2006 3343 dato:
2044 3292 2280 3343 Laterani
2302 3292 2338 3342 4
2361 3292 2463 3345 kal.
2488 3293 2659 3359 aprilis
2684 3311 2735 3360 p.
2754 3312 2803 3345 n.
2824 3312 2870 3343 a.
2890 3294 2940 3345 5.
2988 3293 3051 3343 R.
3077 3292 3175 3343 129

322 3389 378 3433 et
410 3381 474 3433 A.
506 3381 571 3432 16
605 3398 658 3449 p.
683 3380 751 3433 67
788 3382 1050 3447 utrobique
1085 3382 1216 3433 inter
1251 3382 1662 3448 Marburgensia;
1699 3382 1778 3433 cui
1819 3381 1884 3433 de
1920 3383 2073 3433 verbo
2109 3381 2175 3433 ad
2210 3382 2417 3433 verbum
2456 3382 2747 3445 concinens,
2784 3382 2877 3434 sed
2912 3382 3020 3433 sine
3056 3382 3175 3433 dato

322 3478 378 3521 et
409 3478 646 3536 tanquam
682 3470 915 3538 Gregorii
939 3470 1060 3523 Vm
1095 3472 1275 3523 citatur
1308 3471 1372 3523 R.
1403 3471 1518 3523 153.

323 3700 502 3771 447.
546 3702 721 3770 1230
763 3704 914 3769 iulii
939 3704 1026 3771 10
1071 3704 1393 3771 Laterani.
1468 3680 1810 3813 GrepomIae
1842 3703 1951 3770 IX
1991 3707 2213 3791 repetit
2254 3728 2317 3769 n.
2350 3704 2487 3771 418
2529 3706 2606 3769 de
2632 3704 2813 3771 1227
2856 3706 3005 3770 iulii
3034 3706 3097 3772 3.

544 3842 882 3929 Gregorius
927 3849 1043 3912 etc.
1268 3845 1423 3913 Cum
1471 3846 1682 3913 dilecti
1729 3851 1844 3913 etc.
1914 3844 2153 3913 Datum
2181 3844 2481 3913 Laterani
2518 3846 2583 3911 vi
2621 3845 2760 3912 idus
2790 3844 2928 3913 iulii
2968 3848 3175 3935 ponti·
3240 3938 3255 3947 ἣ

319 3950 542 4019 ficatus
587 3951 788 4019 nostri
835 3972 999 4019 anno
1045 3961 1287 4038 quarto.

323 4172 502 4245 448.
543 4168 721 4242 1230
764 4198 908 4261 auq.
943 4176 986 4243 6
1032 4176 1387 4263 Anaqm‘ae.
1458 4175 1801 4265 Greyom'us
1834 4176 1940 4243 IX
1980 4180 2202 4265 repetit
2242 4200 2305 4242 n.
2332 4178 2465 4244 426
2509 4180 2587 4244 de
2615 4178 2800 4245 1227
2844 4179 2993 4245 iulii
3018 4180 3125 4246 30.

317 4366 328 4377 .
423 4316 428 4321 ’
545 4314 882 4401 Gregorius
929 4322 1044 4384 etc.
1269 4316 1418 4385 Paci
1465 4324 1529 4386 et
1571 4319 1768 4405 quieti
1813 4324 1928 4387 etc.
2000 4317 2238 4385 Datum
2268 4317 2557 4403 Anagnis
2600 4319 2711 4386 viii
2750 4320 2895 4387 idus
2925 4322 3176 4406 augusti

321 4422 719 4510 pontificatus
763 4425 966 4491 nostri
1007 4445 1172 4492 anno
1219 4430 1462 4511 quarto.
2714 4449 2721 4466 ·

323 4643 502 4715 449.
541 4648 721 4716 1230
749 4650 976 4736 septbr.
997 4651 1085 4716 15
1114 4649 1469 4735 Anaqm‘ae.
1537 4646 1877 4737 Greyoriue
1902 4650 2009 4715 IX
2034 4662 2197 4716 vetat
2235 4648 2625 4737 Templarios
2657 4653 2938 4717 ordinem
2968 4651 3171 4719 Theu-

541 4758 816 4822 tonicum
860 4758 937 4822 de
979 4756 1412 4822 mantellorum
1457 4756 1741 4821 alborum
1783 4780 1904 4823 usu
1945 4758 2287 4825 molestare.

547 4886 886 4974 Gregorius
931 4889 1259 4976 episcopus
1305 4909 1524 4956 servus
1569 4909 1892 4957 servorum
1939 4888 2041 4956 dei
2084 4889 2326 4957 dilectis
2358 4889 2505 4956 filiis
2537 4938 2587 4955 ..
2620 4892 2922 4975 magistro
2954 4896 3019 4959 et
3044 4892 3172 4959 fra-

322 4994 524 5065 tribus
570 4994 794 5063 domus
835 4996 1069 5065 milicie
1115 4996 1362 5084 Templi
1406 4996 1672 5065 salutem
1717 5002 1783 5065 et
1826 4996 2236 5084 apostolicam
2280 4998 2796 5067 benedictionem.
3012 4998 3173 5068 Cum
