3892 5609
1126 296 1355 344 'ranna
1401 295 1685 346 sanem.
1755 297 2088 346 ARMENIA.
2159 297 2426 346 ornans
3111 287 3156 358 8
3169 286 3208 356 7

340 473 486 520 eum
532 453 626 520 ad·
660 455 1130 522 restitucionem
1176 456 1605 542 predictorum
1649 455 1974 522 casalium'
1991 461 2056 523 et
2082 457 2401 524 fructuum
2445 461 2886 544 perceptorum
2935 477 3013 524 ex
3057 456 3216 542 ipsis

340 559 657 628 casalibus
704 580 817 647 per
848 581 1248 646 quoscunque
1294 582 1513 646 annos,
1559 563 1853 630 videlicet
1894 563 1964 628 in
2008 563 2212 630 tribus
2257 563 2511 630 milibus
2558 563 2854 631 bisanciis
2901 582 3017 648 pro
3065 582 3218 648 quo·

338 667 497 734 libet
543 687 708 733 anno
721 715 741 751 ,
798 668 1081 753 predicto
1125 668 1309 736 fratri
1352 668 1640 736 Conrado
1699 671 2094 755 procuratori
2140 670 2452 737 dictorum
2497 670 2788 752 magistri
2841 676 2906 736 et
2947 669 3218 736 fratrum

340 774 779 860 procuratorio
811 775 1081 840 nomine
1125 795 1243 861 pro
1288 776 1401 860 eis,
1450 781 1515 842 et
1558 775 1759 842 eidem
1798 776 2016 844 domui
2063 776 2524 844 sententialiter
2569 776 3104 863 condempnamus
3149 777 3218 842 in

344 881 633 966 scriptis,
691 901 807 967 pro
854 881 1147 968 expensis
1194 887 1405 948 autem
1456 882 1641 949 factis
1697 884 1765 948 in
1820 882 1933 949 lite
1993 885 2324 952 taxacione
2381 883 2712 970 prehabita
2756 887 2822 949 et
2865 883 3218 949 iuramento

346 988 428 1054 ab
476 987 695 1054 eodem
724 986 921 1054 fratre
951 987 1239 1055 Conrado
1283 991 1549 1074 prestito
1596 989 1723 1056 iam
1756 990 1996 1056 dictum
2023 988 2325 1058 Perinum
2369 1010 2486 1076 pro
2530 990 2671 1076 ipso
2715 988 2913 1056 nobili
2959 993 3022 1054 et
3068 1009 3220 1056 eun-

346 1095 489 1162 dem
536 1093 811 1162 nobilem
868 1114 983 1180 per
1028 1095 1235 1180 ipsum
1282 1095 1818 1182 condempnamus
1863 1097 1933 1162 in
1977 1102 2230 1164 centum
2275 1097 2456 1164 libris
2500 1095 3027 1166 Proveniensibus
3076 1116 3221 1181 pre-

346 1201 517 1269 dicto
561 1201 745 1268 fratri
780 1199 1067 1268 Conrado
1113 1203 1369 1269 nomine
1414 1203 1723 1270 dictorum
1768 1203 2060 1286 magistri
2109 1209 2172 1270 et
2214 1204 2482 1271 fratrum
2529 1208 2595 1268 et
2637 1203 2762 1288 ipsi
2807 1203 3111 1285 magistro
3159 1207 3224 1269 et

346 1292 651 1374 fratribus
693 1308 1146 1394 persolvendis.
1216 1309 1447 1376 Actum
1490 1307 1689 1376 Rome
1730 1311 1801 1376 in
1846 1310 2122 1396 hospitio
2165 1316 2383 1378 nostro
2431 1308 2598 1395 apud
2647 1308 2974 1377 ecclesiam
3019 1293 3224 1376 sancti

349 1413 725 1499 Clementis,
779 1415 1181 1501 presentibus
1239 1416 1585 1484 venerabili
1639 1421 1824 1504 patre
1879 1417 2135 1484 domino
2191 1415 2486 1499 Fulgerio
2543 1417 2838 1502 episcopo
2894 1415 3220 1498 Perusin0‚

345 1520 615 1588 Alberto
643 1521 864 1588 Azarii
908 1523 1211 1590 advocato
1257 1524 1448 1607 curie,
1492 1522 1769 1591 Iohanne
1811 1521 2200 1590 Leccatorno
2246 1523 2546 1590 canonico
2590 1521 2977 1606 Placentin0‚
3023 1521 3225 1606 magi-

350 1633 481 1696 stro
529 1626 759 1695 Garsia
800 1627 1057 1715 Yspano
1113 1629 1411 1696 canonico
1467 1629 1803 1714 Herdensi,
1862 1627 2158 1718 Philippo
2220 1629 2297 1695 de
2341 1628 2585 1696 Pixano
2643 1629 2942 1696 canonico
2987 1628 3225 1716 Nymo·

348 1735 565 1818 ciensi,
610 1734 1027 1802 Raimondino
1074 1736 1299 1802 clerico
1344 1737 1624 1822 episcopi
1670 1742 1735 1804 et
1778 1735 2104 1804 Gifredino
2149 1736 2227 1803 de
2249 1735 2504 1802 Vezano
2550 1737 2798 1804 notario
2845 1740 3082 1802 nostre.
3152 1735 3227 1802 In

348 1842 527 1907 cuius
574 1842 668 1907 rei
710 1843 1142 1908 testimonium
1202 1849 1266 1909 et
1320 1843 1623 1910 memorie
1676 1841 1888 1908 future
1944 1842 2257 1909 cautelam
2307 1843 2424 1909 has
2468 1843 2687 1910 literas
2732 1843 2878 1908 inde
2926 1843 3116 1909 scribi
3164 1849 3228 1910 et

347 1945 662 2034 publicari
702 1947 965 2013 fecimus
1010 1969 1127 2035 per
1172 1949 1439 2016 eundem
1476 1948 1873 2015 Gifredinum
1917 1950 2236 2016 notarium
2283 1954 2348 2015 et
2393 1949 2586 2033 sigilli
2629 1951 2832 2016 nostri
2877 1949 3226 2016 munimine

350 2053 656 2136 roborari,
704 2073 867 2120 anno
899 2075 939 2119 a
966 2055 1300 2122 nativitate
1335 2056 1575 2122 domini
1616 2066 1709 2122 m⁰
1732 2065 1825 2121 cc‘
1856 2054 2001 2122 liiii⁰
2045 2056 2393 2122 indiccione
2423 2057 2537 2122 xii·
2583 2057 2676 2120 xi⁰
2707 2055 3010 2122 kalendas
3056 2076 3225 2121 mar-

349 2159 463 2244 cii,
521 2159 921 2246 pontificatus
965 2161 1316 2229 Innocentii
1370 2182 1535 2249 pape
1593 2163 1803 2247 quarti
1848 2182 2014 2229 anno
2059 2163 2412 2229 undecim0.
2462 2199 2544 2209 ——
2593 2162 2788 2228 Lecta
2843 2167 2908 2228 et
2963 2163 3226 2230 recitata

347 2267 471 2334 fuit
513 2268 801 2354 predicta
844 2271 1165 2335 sentencia
1206 2271 1275 2335 in
1321 2270 1573 2356 scriptis
1620 2289 1733 2355 per
1765 2269 2028 2336 eundem
2064 2269 2386 2336 dominum
2421 2270 2802 2337 cardinalem
2833 2289 3044 2336 coram
3079 2289 3225 2355 pre-

348 2373 535 2440 dictis
583 2375 847 2442 testibus
894 2381 959 2442 et
1000 2396 1103 2442 me
1154 2375 1437 2464 predicto
1484 2374 1807 2442 Gifredino
1855 2376 1933 2442 de
1965 2376 2218 2442 Vezano
2263 2377 2580 2463 imperiali
2627 2376 3000 2443 auctoritate
3044 2381 3224 2442 nota·

348 2481 465 2564 rio,
515 2482 625 2567 qui
669 2482 955 2567 predicta
998 2483 1213 2550 omnia
1257 2483 1334 2548 de
1379 2482 1677 2548 mandato
1722 2483 1924 2568 ipsius
1955 2482 2195 2550 domini
2227 2482 2566 2550 cardinalis
2611 2482 2840 2568 scripsi
2884 2487 2948 2549 et
2990 2483 3061 2549 in
3105 2503 3222 2570 pu-

349 2586 577 2654 blicam
625 2588 896 2657 formam
942 2589 1157 2673 redegi
1200 2609 1341 2656 meo
1386 2591 1565 2673 signo
1610 2595 1675 2655 et
1720 2589 1975 2655 nomine
2022 2588 2467 2656 confirmando.

564 2729 858 2780 Continetur
879 2729 931 2780 in
956 2747 1006 2780 u.
1030 2727 1157 2790 107;
1194 2747 1240 2780 v.
1267 2729 1327 2780 cl.
1347 2728 1681 2795 Meckelburg
1714 2729 1865 2795 legit:
1902 2729 2196 2781 zachai-um.
2345 2729 2391 2780 1.
2421 2737 2702 2796 protestata
2727 2729 2790 2780 A.
2807 2727 2888 2780 16.
3021 2727 3071 2780 2.
3097 2746 3220 2795 sup-

348 2816 500 2883 pleri.
632 2817 683 2868 8.
720 2817 971 2869 custodire
995 2819 1059 2870 A.
1084 2819 1165 2870 16.
1311 2819 1361 2869 4.
1398 2819 1532 2869 idem
1556 2819 1619 2870 A.
1643 2818 1723 2870 16.
1866 2821 1917 2871 5.
1956 2818 2048 2870 sed
2072 2820 2136 2868 A.
2158 2817 2240 2869 16.
2383 2817 2435 2870 6.
2472 2816 2553 2868 lex
2578 2817 2770 2868 exstitit
2803 2825 3031 2870 contenta
3053 2817 3118 2869 A.
3141 2817 3222 2868 16.

356 3082 531 3153 107.
574 3083 749 3151 1254
787 3085 962 3170 febr.
1003 3085 1093 3152 27
1137 3085 1463 3152 Laterani.
1549 3087 1952 3152 Innocentius
1989 3085 2100 3152 IV
2137 3087 2464 3169 confirmat
2523 3085 2821 3152 Ottoboni
2875 3085 3223 3150 cardinalis

572 3195 938 3257 sententiam
981 3194 1363 3276 definitivam
1407 3196 1569 3258 inter
1615 3195 1897 3259 ordinem
1942 3195 2002 3257 h..
2040 3217 2088 3257 s.
2123 3193 2218 3258 M.
2254 3191 2369 3258 Th.
2415 3205 2472 3258 et
2510 3191 2897 3258 Aimericum
2937 3193 3222 3278 Bar-lays

573 3300 651 3363 de
696 3299 1007 3364 casalibus
1052 3299 1296 3365 Arabie
1342 3313 1397 3366 et
1440 3301 1797 3365 Zachanim
1840 3302 1901 3365 d.
1936 3301 1998 3365 d.
2032 3300 2210 3366 1254
2246 3299 2425 3384 febr.
2458 3301 2542 3365 19
2596 3298 2690 3380 (n.
2717 3297 2898 3381 106).

572 3439 971 3507 Innocentius
1018 3441 1350 3528 episcopus
1396 3461 1615 3508 servus
1652 3461 1974 3508 servorum
2008 3440 2110 3506 dei
2155 3439 2404 3505 dilectis
2445 3439 2593 3506 filiis
2638 3441 2942 3524 magistro
2989 3444 3053 3506 et
3093 3440 3222 3506 fra-

350 3547 555 3614 tribus
610 3546 941 3633 hospitalis
1000 3553 1215 3614 sancte
1270 3547 1470 3614 Marie
1516 3547 2087 3614 Theuthonicorum
2134 3544 2681 3632 iherosolymitani
2735 3547 2805 3612 in
2847 3545 3064 3612 Accon
3121 3567 3222 3612 sa-

349 3654 549 3720 lutem
580 3659 643 3720 et
674 3654 1083 3740 apostolicam
1114 3654 1633 3722 benedictionem.
1701 3652 1819 3736 Ea,
1866 3673 1988 3737 que
2027 3653 2258 3720 iudicio
2290 3652 2393 3720 vel
2421 3654 2755 3720 concordia
2782 3654 3220 3736 terminantur,

350 3760 539 3827 firma
582 3760 813 3828 debent
858 3767 923 3827 et
964 3760 1212 3828 illibata
1256 3761 1626 3846 persistere,
1686 3765 1779 3844 et,
1838 3779 1918 3825 ne
1963 3760 2030 3824 in
2075 3759 2348 3827 recidive
2393 3759 2810 3826 contentionis
2855 3759 3220 3846 scrupulum

351 3867 739 3951 relabantur,
786 3867 1127 3954 apostolico
1174 3869 1467 3934 convenit
1511 3867 1787 3954 presidio
1834 3866 2230 3934 communiri.
2309 3865 2474 3932 Sane
2519 3866 2586 3932 in
2631 3886 2841 3949 causa,
2890 3886 3010 3950 que
3055 3867 3222 3933 inter

353 3994 463 4040 vos
522 3993 601 4040 ex
644 3993 775 4039 una
828 3979 1009 4060 parte
1068 3980 1133 4040 et
1186 3955 1467 4041 nobilem
1511 3975 1715 4041 virum
1759 3973 2171 4060 Aymericum
2213 3971 2478 4058 Barlays
2525 3971 2910 4039 Acconensis
2955 3972 3221 4040 diocesis

352 4099 543 4166 super
588 4079 901 4147 casalibus
942 4079 1181 4148 Arabio
1228 4087 1292 4147 et
1334 4081 1675 4148 Zachanim
1719 4080 1799 4147 ad
1846 4100 1958 4146 vos
2004 4079 2454 4166 spectantibus,
2508 4078 2733 4163 quibus
2777 4076 2946 4145 idem
2991 4078 3220 4146 nobilis

353 4207 465 4254 vos
496 4193 719 4254 contra
746 4187 1061 4254 iusticiam
1094 4187 1354 4273 spoliari
1398 4207 1745 4273 procurans
1776 4206 1852 4253 ea
1881 4185 2204 4253 detinebat
2233 4185 2302 4251 in
2331 4191 2610 4252 vestrum
2655 4185 3070 4271 preiudicium
3119 4206 3221 4254 oc-

350 4299 603 4380 cupata,
648 4299 713 4360 et
739 4293 928 4360 rebus
962 4293 1103 4360 aliis
1136 4314 1215 4359 ex
1245 4295 1446 4360 altera
1465 4293 1848 4378 vertebatur,
1895 4293 2196 4360 dilectum
2225 4290 2424 4358 filium
2455 4297 2740 4358 nostrum
2765 4291 3220 4378 O(ttobonum),

350 4402 554 4468 sancti
584 4401 855 4468 Adriani
901 4401 1235 4467 diaconum
1266 4401 1673 4484 cardinalem,
1720 4401 2007 4468 dedimus
2055 4398 2427 4482 auditorem,
2475 4398 2583 4483 qui
2625 4400 2894 4482 cognitis
2939 4399 3222 4467 eiusdem

348 4526 541 4578 cause
568 4507 814 4574 meritis
846 4512 910 4572 et
937 4507 1153 4574 relatis
1184 4506 1453 4574 fideliter
1482 4527 1697 4576 coram
1734 4507 1937 4590 nobie,
1985 4525 2058 4574 ac
2101 4506 2614 4592 procuratoribus
2646 4506 2974 4589 utriusque
3016 4505 3220 4591 partis

348 4615 751 4704 presentibus
796 4614 1033 4680 dictum
1088 4613 1363 4680 nobilem
1420 4614 1501 4681 ad
1554 4614 2028 4682 restitucionem
2075 4613 2383 4680 dictorum
2431 4612 2733 4679 casalium
2789 4618 2854 4679 et
2902 4612 3218 4678 fructuum

350 4723 579 4790 exinde
624 4726 1065 4808 perceptorum
1111 4721 1289 4787 vobis
1334 4741 1449 4808 per
1494 4719 1896 4788 diffinitivam
1940 4721 2325 4787 sentenciam
2371 4739 2446 4784 ac
2494 4740 2611 4805 pro
2657 4719 2951 4805 expensis
2995 4719 3062 4783 in
3107 4718 3220 4784 lite

346 4829 533 4900 factis
580 4828 911 4896 taxacione
956 4826 1287 4914 prehabita
1331 4833 1395 4894 et
1436 4829 1791 4895 iuramento
1837 4846 1877 4893 a
1919 4831 2327 4912 procuratore
2372 4831 2580 4894 vestro
2626 4827 2891 4911 prestito
2935 4826 3002 4892 in
3049 4831 3221 4892 certa

348 4957 599 5009 summa
643 4937 909 5021 pecunie
953 4935 1471 5022 condempnavit,
1527 4940 1718 5021 prout
1760 4935 1831 5002 in
1874 4933 2238 5036 patentibus
2280 4933 2510 5000 litteris
2555 4932 2894 5002 cardinalis
2937 4932 3220 5002 eiusdem
