3892 5609
717 332 760 405 2
775 334 812 407 1
825 335 868 407 8
1691 345 1997 395 PRUSSIA.
2066 344 2255 421 noys
2299 346 2617 397 macrus

715 508 858 572 ture
903 505 1212 592 superiori
1257 504 1611 591 depressus,
1659 505 1818 572 alius
1863 526 1906 571 a
1950 505 2223 573 sinistris
2270 506 2651 590 quadrature
2696 505 3008 594 superiori
3040 526 3079 571 a
3106 505 3348 573 dextris
3392 524 3587 590 equa-

715 611 860 679 liter
905 611 1216 694 elevatus3
1269 612 1339 677 in
1383 612 1640 681 sinistro
1688 618 1907 692 autem,
1942 612 2141 679 latere
2183 611 2391 679 forma
2432 612 2635 679 leonis
2679 612 2761 679 ad
2804 632 3057 679 cursum
3101 613 3379 679 velocem
3424 610 3585 696 figu-

715 723 858 785 rata
899 738 1042 785 cum
1101 718 1322 785 dextro
1368 720 1530 805 pede
1585 721 1886 788 anteriori
1940 719 2214 806 clipeum
2270 719 2661 806 superiorem
2719 719 3067 803 attingens,
3124 714 3269 787 edm
3324 719 3585 785 sinistro

714 845 862 891 vero
907 825 1181 911 clipeum
1224 826 1589 893 inferiorem
1635 848 1674 893 a
1725 826 2001 893 sinistris
2016 876 2037 911 ,
2093 826 2319 912 pedem
2378 830 2589 892 autem
2647 826 2941 892 dextrum
2996 826 3413 912 posteriorem
3466 824 3585 893 sub
3649 844 3664 849 ·

713 932 933 999 eodem
979 932 1210 1018 clipe0,
1269 932 1592 999 sinistrum
1638 952 1788 999 vero
1836 933 1916 998 ad
1962 931 2533 999 circumferenciam
2590 951 2737 997 cum
2788 932 2991 997 cauda
3042 932 3461 1019 protendens,
3514 932 3587 997 in

717 1038 942 1105 dextro
989 1042 1198 1106 autem
1243 1040 1440 1106 latere
1491 1039 1778 1125 leopardi
1831 1039 2036 1105 forma
2092 1059 2235 1106 cum
2290 1038 2548 1105 sinistro
2606 1038 2767 1125 pede
2827 1038 3141 1105 anteriore
3192 1040 3586 1126 superiorem

715 1145 988 1231 clipeum
1001 1195 1019 1230 ,
1079 1166 1218 1212 cum
1267 1146 1488 1212 dextro
1535 1166 1684 1213 vero
1737 1145 2033 1213 inferiore
2078 1165 2296 1212 versus
2342 1146 2635 1212 dextrum
2680 1145 3029 1229 attingens,
3085 1145 3314 1232 pedem
3370 1150 3587 1212 autem

713 1252 1041 1318 sinistrum
1087 1254 1496 1339 posteriorem
1545 1254 1660 1319 sub
1706 1253 1926 1320 eodem
1970 1252 2175 1339 clipeo
2206 1256 2271 1317 et
2314 1252 2608 1317 dextrum
2640 1250 2720 1317 ad
2756 1251 3337 1318 circumferenciam
3380 1253 3585 1318 eciam

649 1382 655 1393 ·
715 1378 858 1424 cum
917 1358 1118 1424 cauda
1173 1360 1380 1442 girata
1434 1358 1848 1445 protenden‘s3
1903 1358 1985 1425 de
2036 1379 2146 1425 ore
2201 1359 2369 1425 enim
2428 1356 2709 1452 eiusdem
2761 1357 3047 1445 leopardi
3100 1358 3329 1425 cedula
3383 1378 3589 1447 usque

715 1464 796 1531 ad
841 1466 1418 1533 circumferenciam
1464 1472 1528 1533 et
1569 1465 1832 1533 ulterius
1876 1463 2532 1532 circumferencialiter
2567 1464 2895 1548 circuiens,
2938 1465 3007 1530 in
3036 1482 3163 1549 qua
3190 1464 3309 1531 hee
3338 1464 3585 1532 littere:

721 1570 1037 1655 „sigillum
1068 1570 1375 1638 Friderici
1419 1572 1522 1639 dei
1549 1573 1764 1657 gracia
1807 1572 2186 1639 marchionis
2215 1570 2793 1653 Brandeburgensis
2822 1575 2889 1637 et
2921 1570 3287 1655 burggravii
3310 1570 3587 1639 Nurem·

714 1675 1104 1761 bergensis“,
1161 1682 1234 1743 ut
1276 1679 1627 1762 videbatur,
1675 1678 2084 1765 apparebant.
2160 1678 2235 1743 In
2280 1677 2539 1743 secundi
2582 1680 2795 1742 autem
2838 1676 3031 1761 sigilli
3074 1675 3407 1763 superficie
3450 1683 3587 1745 tres

587 1800 594 1813 ·
715 1784 905 1871 clipei
950 1785 1132 1869 quasi
1177 1784 1417 1869 equalis
1461 1783 1845 1869 latitudinis,
1902 1804 2066 1850 unus
2110 1784 2177 1850 in
2224 1784 2533 1870 superiori
2577 1788 2789 1869 parte,
2844 1784 2914 1848 in
2956 1802 3081 1868 quo
3124 1782 3331 1868 figura
3372 1784 3589 1869 aquile

717 1892 994 1959 extensis
1041 1888 1180 1974 alie,
1226 1891 1349 1957 duo
1396 1892 1512 1959 sub
1557 1911 1653 1975 eo,
1698 1912 1862 1957 unus
1907 1910 1946 1957 a
1991 1891 2251 1975 dextris,
2296 1891 2365 1956 in
2409 1909 2532 1974 quo
2576 1887 2781 1973 figura
2820 1888 3021 1956 leonis
3066 1891 3283 1975 erecti,
3336 1890 3500 1957 alius
3546 1910 3587 1958 a

715 1997 1012 2082 sinistris,
1057 1999 1123 2063 in
1157 2018 1278 2081 quo
1324 1999 1392 2064 in
1423 1998 1732 2084 superiori
1775 1998 2115 2064 medietate
2150 1997 2443 2064 similiter
2472 1995 2593 2062 due
2624 1996 3027 2081 quadrature,
3069 2016 3202 2063 una
3228 2017 3271 2063 a
3304 1996 3585 2064 dexteris

715 2105 1034 2171 modicum
1079 2104 1326 2171 elevata
1369 2108 1433 2171 et
1476 2104 1603 2171 alia
1647 2125 1688 2171 a
1729 2104 2005 2171 sinistris
2049 2105 2369 2190 depressa,
2412 2102 2479 2167 in
2523 2102 2809 2168 inferiori
2839 2122 2987 2169 vero
3031 2103 3373 2171 medietate
3416 2104 3585 2171 eius-

715 2211 860 2279 dem
905 2211 1093 2297 clipei
1139 2212 1262 2278 duo
1307 2211 1522 2294 anguli
1567 2211 1793 2295 obtusi,
1839 2231 2003 2276 unus
2050 2231 2089 2277 a
2116 2210 2357 2276 dextris
2402 2228 2561 2293 eque
2607 2208 2835 2293 angulo
2876 2210 3188 2296 superiori
3227 2230 3271 2277 a
3306 2211 3584 2279 sinistris

716 2318 923 2405 posito
953 2318 1322 2403 depressus3
1369 2316 1531 2383 alius
1562 2336 1710 2383 vero
1743 2338 1782 2383 a
1811 2316 2087 2383 sinistris
2122 2316 2439 2382 inferioris
2469 2315 2827 2383 medietatis
2858 2316 3241 2400 quadrature
3270 2318 3585 2403 superiori

718 2444 758 2491 a
811 2424 1049 2490 dextris
1105 2424 1309 2510 posite
1366 2423 1670 2510 equaliter
1727 2424 2040 2505 elevatus;
2110 2442 2149 2489 a
2204 2422 2445 2489 dextris
2508 2422 2707 2488 eciam
2764 2420 2969 2505 figura
3032 2424 3243 2507 angeli
3310 2423 3585 2510 clipeum

715 2531 1106 2617 superiorem
1153 2535 1220 2596 et
1261 2530 1378 2596 sub
1425 2551 1498 2597 eo
1543 2550 1584 2596 a
1613 2530 1852 2597 dextris
1895 2530 2257 2595 inferiorem
2290 2528 2737 2613 connectentis,
2784 2548 2823 2594 a
2855 2529 3133 2597 sinistris
3161 2536 3377 2597 autem
3406 2530 3585 2598 simi-

716 2637 864 2705 liter
907 2636 1110 2719 figura
1155 2636 1361 2719 angeli
1405 2635 1692 2723 clipeum·
1733 2636 2121 2721 superiorem
2168 2641 2234 2703 et
2277 2656 2316 2701 a
2359 2635 2633 2703 sinistris
2691 2636 3057 2703 inferiorem
3098 2636 3395 2703 similiter
3436 2656 3585 2704 con-

717 2743 1062 2825 nectentis3
1130 2742 1246 2809 hee
1297 2763 1445 2809 vero
1504 2744 1712 2809 littere
1781 2742 2417 2809 circumferenciales:
2490 2742 2555 2809 S.
2607 2742 2903 2809 Iohannis
2964 2743 3024 2809 d.
3076 2763 3139 2827 g.
3200 2743 3585 2811 marchionis

714 2850 1340 2933 Brandenburgensis
1370 2850 1730 2933 burggravii
1751 2836 2335 2933 Nurembergensis,
2365 2854 2438 2915 ut
2456 2848 2806 2932 videbatur,
2838 2849 3261 2937 apparebant3
3300 2852 3371 2917 in
3400 2852 3583 2919 tercii

719 2977 866 3025 vero
913 2956 1104 3039 sigilli
1148 2954 1476 3042 superficie
1521 2960 1836 3022 structura
1879 2956 2205 3040 ciborium,
2248 2957 2317 3022 in
2362 2956 2538 3022 cuius
2584 2955 2806 3023 ciborii
2835 2955 3057 3022 dextro
3098 2955 3299 3023 latere
3342 2956 3583 3043 effigies

685 3066 1024 3147 -humana,
1081 3082 1120 3129 a
1163 3063 1419 3129 sinistro
1467 3082 1615 3129 vero
1657 3062 1856 3129 latere
1899 3061 2181 3129 eiusdem
2234 3062 2453 3129 ciborii
2510 3062 2800 3129 similiter
2853 3060 3093 3145 effigies
3148 3063 3458 3147 humana3
3512 3066 3585 3131 in

719 3174 1036 3239 structura
1080 3173 1290 3235 autem
1336 3168 1595 3255 clipeus,
1639 3170 1706 3234 in
1753 3188 1876 3254 quo
1921 3167 2123 3252 figura
2167 3169 2375 3255 aquile
2420 3168 2697 3235 extensis
2742 3168 2883 3249 alis,
2929 3187 3127 3255 supra
3168 3190 3359 3255 quem
3402 3170 3585 3255 galea

719 3298 968 3361 corona,
1013 3280 1262 3343 tectura
1303 3296 1416 3342 seu
1457 3276 1730 3359 ligatura
1771 3274 2001 3359 galeali
2048 3294 2087 3341 a
2128 3276 2369 3341 dextris
2414 3280 2479 3342 et
2508 3295 2547 3341 a
2576 3274 2849 3341 sinistris
2879 3281 3099 3342 ornate
3136 3275 3587 3345 circumcincta

723 3384 1088 3470 duabusque
1135 3382 1251 3449 alis
1297 3381 1567 3468 desuper
1619 3381 1896 3448 extensis
1943 3388 2007 3448 et
2058 3383 2281 3448 erectis
2336 3381 2659 3463 decorata3
2722 3381 2841 3448 sub
2896 3400 3019 3466 quo
3072 3382 3331 3467 quidem
3380 3382 3585 3471 clipeo

719 3492 843 3559 duo
891 3480 1000 3557 alii
1047 3489 1234 3575 clipei
1279 3488 1554 3554 minores
1599 3488 1940 3575 superiore,
1995 3508 2158 3554 unus
2204 3508 2243 3554 a
2287 3488 2556 3573 dextris,
2611 3488 2677 3554 in
2725 3507 2847 3573 quo
2890 3486 3093 3572 figura
3132 3488 3367 3573 leonis,
3422 3490 3585 3559 alius

719 3619 760 3665 a
804 3596 1097 3680 sinistris,
1142 3596 1211 3661 in
1257 3613 1379 3679 quo
1425 3595 1494 3660 in
1537 3594 1849 3680 superiori
1893 3594 2231 3661 medietate
2276 3595 2474 3662 eciam
2505 3594 2626 3661 due
2657 3594 3057 3679 quadratura,
3102 3614 3231 3661 una
3262 3614 3303 3661 a
3340 3594 3584 3664 dextris

719 3704 1034 3771 modicum
1080 3702 1353 3783 elevata,
1409 3699 1536 3767 alia
1577 3720 1728 3767 vero
1775 3720 1824 3766 a·
1855 3701 2131 3767 sinistris
2177 3701 2507 3787 depressa,
2549 3702 2619 3767 in
2662 3701 2947 3767 inferiori
2992 3706 3203 3769 antem
3246 3702 3585 3771 medietate

719 3810 1000 3879 eiusdem
1046 3808 1232 3895 clipei
1277 3808 1400 3873 duo
1447 3806 1662 3890 anguli
1707 3807 1942 3892 obtusi,
2002 3826 2163 3873 unus
2212 3828 2251 3873 a
2295 3807 2536 3874 dextris
2590 3807 2805 3891 anguli
2860 3808 3168 3894 superiori
3213 3828 3256 3874 a
3306 3808 3585 3876 sinistris

718 3918 924 4004 posito
979 3935 1136 3999 eque
1181 3914 1513 3998 depressus
1529 3961 1549 3996 ,
1607 3912 1767 3979 alius
1812 3933 1963 3979 vero
2010 3934 2048 3979 a
2090 3914 2363 3981 sinistris
2416 3914 2733 3981 inferioris
2789 3914 3143 3981 medietatis
3200 3914 3584 4000 quadr-sture

717 4021 1029 4109 superiori
1073 4040 1112 4087 a
1157 4020 1396 4087 dextris
1441 4020 1648 4105 posite
1691 4018 1997 4103 equaliter
2042 4020 2320 4087 elevatus
2333 4070 2353 4104 ,
2412 4024 2477 4087 et
2518 4020 2634 4086 hee
2678 4020 2890 4087 littere
2944 4021 3581 4089 circumferenciales:

720 4130 784 4197 S.
815 4128 1066 4195 Alberti
1109 4128 1170 4193 d.
1195 4148 1254 4210 g.
1289 4126 1668 4192 marchionis
1695 4125 2275 4209 Brandeburgeusis
2320 4133 2385 4193 et
2412 4126 2733 4210 bur-gravii
2760 4126 3343 4213 Nurembergensis,
3390 4134 3465 4197 ut
3490 4128 3585 4196 vi-

719 4234 981 4302 debatur
1013 4217 1436 4321 apparebant3
1481 4234 1549 4298 in
1595 4232 1804 4317 quarti
1835 4251 1983 4299 vero
2028 4233 2221 4315 sigilli
2265 4232 2603 4319 superficie·
2640 4236 2907 4318 quatuor
2936 4234 3315 4301 semicirculi
3356 4236 3430 4302 in
3476 4256 3583 4303 ex-

717 4340 1140 4408 tremitatibus
1187 4359 1401 4406 eorum
1450 4340 1518 4405 in
1565 4338 1768 4404 medio
1812 4336 2037 4404 florum
2084 4358 2153 4406 se
2197 4340 2649 4423 contingentes,
2694 4338 2763 4405 in
2794 4358 3059 4423 quorum
3102 4340 3313 4409 medio
3342 4341 3583 4429 clipeus

715 4468 984 4531 magnus
1026 4446 1096 4512 in
1141 4452 1410 4531 quatuor
1457 4450 1669 4531 partes
1715 4444 1975 4528 divisus,
2020 4446 2087 4511 in
2134 4445 2342 4531 prima
2384 4445 2771 4529 quadratura
2798 4466 3017 4513 versus
3060 4446 3353 4515 dextrum
3382 4448 3585 4543 figura

718 4554 926 4639 aquile
973 4553 1248 4620 extensis
1305 4552 1452 4634 alis,
1507 4552 1576 4617 in
1633 4550 1908 4617 secunda
1952 4572 2172 4618 versus
2226 4552 2553 4618 sinistrum
2606 4551 2807 4618 leonis
2860 4551 3064 4637 figura
3118 4554 3188 4620 in
3246 4556 3585 4628 medietate

715 4661 1000 4727 inferiori
1058 4664 1122 4726 et
1176 4660 1244 4724 in
1304 4657 1531 4741 angulo
1587 4656 1810 4723 obtuso
1857 4678 2072 4724 versus
2121 4659 2415 4726 dextrum
2468 4659 2697 4725 iterum
2742 4659 2943 4727 leonis
2986 4660 3195 4727 forma
3248 4668 3317 4728 et
3356 4662 3426 4729 in
3472 4682 3583 4729 an-

716 4768 863 4852 gulo
905 4766 1128 4833 obtuso
1160 4785 1380 4832 versus
1426 4764 1748 4831 sinistrum
1795 4766 2024 4831 iterum
2071 4764 2279 4850 aquile
2322 4764 2526 4849 figura
2562 4767 2839 4833 extensis
2880 4766 3029 4849 alis3
3076 4768 3145 4834 in
3190 4768 3581 4837 semicirculo

717 4874 1029 4960 superiori
1069 4872 1336 4958 quedam
1377 4870 1753 4955 florisature,
1799 4872 1915 4938 sub
1945 4870 2171 4955 quibus
2216 4872 2333 4938 hee
2374 4871 2614 4939 littere:
2659 4871 2898 4955 iunior3
2945 4874 3015 4939 in
3046 4874 3442 4942 semicirculo
3486 4876 3583 4941 in·

716 4979 934 5046 feriori
980 4978 1250 5065 quedam
1295 4977 1648 5045 florisature
1663 5027 1682 5063 ,
1737 4978 1850 5045 sed
1891 4979 1961 5043 in
2006 4976 2399 5049 semicirculo
2444 4998 2481 5045 a
2526 4978 2769 5046 dextris
2811 4978 3017 5064 figura
3058 4980 3267 5065 angeli
3310 4982 3580 5054 tenentis
