3892 5609
1054 285 1058 292 '
1148 303 1375 350 Tuam
1422 303 1704 352 SANOTA.
1774 305 2105 352 ARMEmA.
2177 303 2441 352 errans
3081 295 3168 364 11
3187 294 3225 363 '7

357 463 503 550 ipsa
542 463 728 529 domo
776 483 857 530 ex
902 483 1029 529 una
1072 467 1254 549 parte
1300 469 1365 530 et
1394 463 1818 530 venerabilem
1863 470 2112 550 patrem
2153 465 2411 532 fratrem
2447 462 2872 530 Godofredum
2903 465 2981 530 de
3013 465 3232 532 ordine

356 570 828 656 predicatorum
875 569 977 636 dei
1022 571 1235 654 gracia
1282 570 1647 656 episcopum
1692 569 2122 637 Ebronensem
2177 576 2241 638 et
2287 571 2614 638 ecclesiam
2657 571 2860 657 ipsius
2909 593 2987 638 ex
3034 572 3233 639 altera

358 678 689 744 occasione
735 678 921 743 unius
970 677 1191 743 domus
1240 697 1379 743 cum
1430 677 1559 742 suis
1606 678 2008 763 pertinentiis
2055 679 2258 766 posite
2301 679 2370 743 in
2415 678 2668 744 civitate
2699 677 2914 744 Accon
2958 679 3027 743 in
3071 678 3230 761 loce,

358 785 469 870 qui
500 784 731 850 dicitur
760 782 943 850 Mons
974 783 1327 868 Musardus,
1376 784 1553 850 cuius
1584 783 1859 850 confines
1908 790 2058 851 sunt
2100 785 2220 851 hii:
2271 784 2349 851 ab
2383 785 2623 850 oriente
2657 789 2755 850 est
2782 785 3003 850 domus
3033 783 3231 850 Bern-

358 890 543 957 hardi
590 890 869 975 olivarii,
928 891 1005 957 ab
1054 890 1374 957 occidente
1422 897 1521 957 est
1564 892 1786 957 domus
1840 892 2111 978 predicti
2161 893 2362 977 patris
2405 891 2825 974 Ebronensis,
2885 911 2924 957 a
2967 891 3232 958 meridie

360 1003 457 1064 est
499 998 609 1064 via
652 997 927 1083 publica,
976 1003 1040 1064 et
1084 997 1175 1063 sic
1221 997 1331 1063 alii
1378 1003 1526 1063 sunt
1568 996 1875 1080 confines3
1926 1018 2116 1082 quam
2163 999 2418 1064 domum
2464 996 2742 1083 petebat·
2765 998 2968 1063 dictus
3015 997 3232 1083 syndi-

360 1124 469 1170 cus
500 1104 997 1170 Alemannorum
1046 1125 1085 1168 a
1121 1104 1287 1170 dicto
1336 1104 1587 1170 domino
1636 1107 1929 1192 episcopo
1979 1111 2042 1171 et
2088 1104 2350 1171 ecclesia
2378 1104 2762 1186 Ebronensi3
2813 1125 2931 1189 que
2977 1104 3232 1189 quidem

360 1211 607 1298 questio
649 1210 1013 1277 vertebatur
1056 1211 1123 1276 in
1170 1211 1348 1277 curia
1391 1213 1722 1279 reverendi
1768 1213 1968 1298 patris
2013 1212 2228 1278 fratris
2271 1210 2510 1277 Thome
2557 1213 2634 1278 de
2681 1212 2899 1278 ordine
2944 1211 3232 1296 predica-

358 1323 590 1401 torum,
650 1317 751 1383 dei
797 1318 1013 1400 gracia
1056 1317 1416 1404 patriarche
1462 1318 2010 1402 lherosolimitani,
2059 1301 2444 1386 Acconensis
2493 1319 2752 1386 ecclesie
2795 1317 3071 1384 ministri
3115 1317 3232 1383 hu-

359 1424 551 1508 milis,
600 1423 941 1510 apostolice
972 1423 1141 1490 sedis
1171 1425 1385 1509 legati,
1434 1425 1513 1490 ad
1544 1425 1735 1492 talem
1766 1426 2187 1510 concordiam,
2231 1424 2421 1492 finem
2465 1431 2528 1491 et
2571 1445 2792 1512 pacem
2825 1424 3230 1509 devenerunt,

359 1531 677 1598 mediante
722 1530 995 1597 discreto
1042 1533 1177 1597 viro
1226 1531 1479 1597 domino
1525 1531 1788 1598 Arnolfo
1836 1532 2074 1600 decano
2119 1532 2506 1598 Nicossiensi
2549 1532 2766 1614 electo,
2813 1532 3014 1598 amico
3062 1551 3232 1598 com-

358 1639 557 1722 muni,
606 1643 929 1723 assumpto
974 1637 1053 1703 ab
1100 1642 1367 1724 utraque
1412 1643 1595 1724 parte
1640 1638 1717 1704 de
1762 1641 2079 1705 communi
2121 1640 2474 1721 voluntate;
2524 1640 2632 1724 qui
2677 1639 2950 1705 decanus
2997 1637 3230 1704 electus

358 1744 777 1811 Nicossiensis
836 1745 1213 1810 constitutus
1270 1745 1341 1811 in
1396 1746 1725 1832 presencia
1780 1746 1931 1812 dicti
1984 1747 2223 1812 domini
2279 1745 2638 1832 patriarche
2682 1745 3230 1829 lherosolimitani,

358 1851 758 1938 presentibus
802 1851 1096 1934 religioso
1140 1852 1277 1917 viro
1322 1851 1521 1918 fratre
1566 1851 1877 1936 conrade,
1924 1873 2154 1936 magno
2201 1859 2571 1939 preceptore
2617 1852 2780 1918 dicte
2827 1852 3049 1917 domus
3080 1851 3232 1918 Ale-

358 1979 766 2042 mannorum,
824 1978 967 2024 cum
1028 1959 1193 2024 dicto
1252 1958 1511 2045 syndico
1568 1959 1847 2025 eiusdem
1903 1959 2126 2025 domus
2185 1965 2250 2026 et
2303 1960 2588 2045 predicto
2635 1957 2886 2024 domino
2935 1959 3232 2045 episcopo

353 2065 731 2148 Ebronensi,
779 2069 841 2130 et
883 2065 951 2131 in
997 2066 1327 2151 presencia
1370 2065 1499 2131 mei
1542 2066 1771 2132 notarii
1820 2065 2058 2152 publici
2092 2065 2483 2152 infrascripti
2530 2071 2593 2131 et
2621 2065 2877 2130 testium
2909 2065 3232 2130 infrascri-

354 2177 634 2259 ptorum,
690 2171 767 2238 de
811 2171 1133 2238 voluntate
1178 2171 1509 2256 utriusque
1550 2173 1752 2258 partis
1801 2172 2246 2238 determinavit
2287 2173 2354 2238 in
2401 2173 2569 2238 hunc
2611 2171 2890 2254 modum,
2937 2170 3233 2237 videlicet

356 2277 525 2364 quod
556 2279 761 2344 dictus
792 2279 1085 2344 dominus
1115 2279 1447 2364 episcopus
1476 2276 1863 2345 Ebronensis
1909 2279 2134 2345 reddat
2181 2283 2245 2345 et
2288 2280 2582 2345 restituat
2627 2279 2938 2364 prefatam
2973 2277 3230 2343 domum

355 2405 498 2454 cum
546 2386 679 2451 suis
725 2385 1131 2472 pertinenciis
1175 2385 1457 2470 predicto
1502 2383 1716 2452 fratri²
1746 2385 2037 2452 Conrado
2081 2407 2312 2470 magno
2358 2381 2747 2472 preceptori⁸
2794 2385 2960 2450 dicte
3006 2384 3228 2450 domus

353 2493 851 2559 Alemannorum
908 2512 1024 2578 pro
1082 2492 1225 2577 ipsa
1270 2491 1453 2557 domo
1500 2496 1564 2558 et
1608 2497 1950 2574 conventu,
2013 2497 2078 2558 et
2121 2493 2290 2578 quod
2335 2493 2547 2558 omnia
2591 2493 2760 2575 iura,
2818 2491 3102 2557 raciones
3159 2495 3224 2558 et

355 2600 667 2684 actiones,
726 2619 845 2684 que
901 2604 966 2664 et
1021 2618 1176 2682 quas
1229 2598 1419 2666 habet
1462 2598 1666 2666 dictus
1712 2598 2048 2685 episcopus
2095 2606 2160 2665 et
2203 2599 2466 2666 ecclesia
2507 2598 2893 2665 Ebronensis
2938 2597 3006 2663 in
3052 2598 3222 2664 dicta

352 2705 561 2789 dome,
606 2707 815 2792 posita
856 2706 927 2771 in
956 2705 1171 2772 Monte
1201 2704 1517 2790 Musardo,
1566 2701 1779 2772 cedat⁸
1827 2711 1891 2771 et
1932 2706 2194 2772 mandet
2237 2727 2316 2772 ex
2345 2725 2536 2772 causa
2566 2705 2732 2788 finiS,
2775 2704 3221 2771 transactionis

354 2819 419 2880 et
462 2813 639 2899 pacis
673 2812 925 2878 domino
970 2812 1346 2898 preceptori,
1390 2813 1721 2897 recipienti
1766 2833 1883 2899 pro
1916 2813 2086 2879 dicta
2114 2812 2298 2878 domo
2329 2811 2846 2896 Alemannorum,
2895 2817 2958 2878 et
2985 2813 3220 2878 dictam

354 2921 613 2985 domum
642 2919 921 2985 dimittat
963 2919 1031 2984 in
1075 2937 1231 3005 pace
1278 2924 1342 2984 et
1370 2918 1579 3004 quiete
1610 2919 1738 3004 ipsi
1766 2918 1984 2986 domui
2010 2918 2526 3003 Alamannorum,
2575 2917 2747 2985 salvo
2795 2925 2858 2985 et
2897 2907 3218 2985 reservato

354 3046 545 3094 censu
590 3026 1010 3093 bisanciorum
1048 3025 1313 3091 duorum
1350 3029 1897 3092 sarracenatorum
1943 3027 2272 3092 annuatim
2316 3025 2756 3092 solvendorum
2799 3025 2870 3091 in
2911 3025 3074 3091 festo
3121 3047 3220 3090 as-

354 3131 731 3220 sumptionis
762 3132 945 3199 beate
976 3131 1173 3198 Marie
1210 3131 1414 3198 eidem
1447 3133 1739 3218 episcopo
1788 3136 1851 3198 et
1896 3133 2360 3200 successoribus
2405 3133 2538 3198 eius
2582 3152 2698 3218 per
2725 3132 2929 3217 ipsam
2963 3132 3224 3198 domum·

352 3239 847 3306 Alemannorum
886 3238 1103 3304 eodem
1134 3239 1344 3320 modo,
1391 3246 1583 3324 prout
1628 3238 1749 3305 alie
1794 3259 2057 3306 censure
2101 3243 2396 3308 tenentur
2427 3238 2629 3304 eidem
2660 3237 2956 3324 episcopo
2987 3243 3052 3305 et
3079 3259 3220 3305 suc-

354 3346 707 3414 cessoribus
754 3347 908 3428 suis,
956 3350 1019 3412 et
1063 3345 1229 3429 quod
1275 3345 1479 3411 dictus
1510 3347 1708 3412 frater
1739 3345 2064 3412 Conradus
2108 3349 2440 3432 preceptor
2469 3344 2964 3411 Alemannorum
3009 3345 3220 3411 tradat

353 3460 417 3521 et
462 3452 667 3520 solvat
712 3452 777 3518 in
824 3452 1183 3518 continente
1225 3451 1681 3538 quinquaginta
1709 3452 2024 3518 bisancios
2069 3457 2501 3520 sarracenatos
2546 3451 2748 3518 eidem
2796 3451 3110 3536 episcopo,
3158 3456 3220 3517 et

350 3561 521 3647 quod
577 3559 894 3647 predictos
942 3558 1095 3624 duos
1142 3558 1453 3624 bisancios
1511 3579 1626 3646 pro
1684 3579 1874 3626 censu
1930 3560 2256 3626 annuatim
2313 3559 2644 3625 solvendos
2695 3559 2950 3624 nomine
2995 3578 3218 3624 census

348 3687 467 3754 pro
512 3667 654 3754 ipsa
700 3667 886 3734 domo
936 3665 1141 3740 eidem
1188 3667 1481 3753 episcopo
1528 3666 1731 3733 solvet
1775 3672 1838 3732 et
1884 3665 2346 3732 successoribus
2394 3666 2526 3733 eius
2571 3666 2640 3731 in
2683 3665 2952 3731 termino
2996 3685 3220 3750 supra-

350 3774 539 3840 dicto.
609 3773 697 3840 Et
740 3773 858 3840 hoc
904 3774 1190 3858 precepit
1230 3773 1434 3839 dictus
1482 3774 1754 3840 decanus
1802 3773 2034 3838 electus
2083 3771 2384 3838 ambabus
2431 3771 2718 3857 partibus
2763 3771 2853 3837 sic
2897 3771 3221 3838 observari

352 3885 417 3946 et
460 3881 683 3963 teneri,
730 3885 801 3945 ut
846 3879 1175 3946 laudatum
1222 3885 1318 3945 est
1359 3899 1477 3966 per
1521 3900 1685 3964 eum,
1734 3900 1772 3945 a
1801 3879 1986 3944 dictis
2031 3878 2318 3964 partibus
2365 3878 2480 3944 sub
2526 3897 2692 3964 pena
2725 3882 2976 3943 centum
3007 3878 3219 3944 bisan-

350 3987 589 4053 ciorum
648 3992 1193 4052 sarracenatorum
1240 4006 1279 4051 a
1320 3991 1504 4074 parte
1559 4007 1685 4053 non
1742 3990 2008 4072 parente
2062 3986 2326 4051 arbitrio
2385 3985 2565 4051 alteri
2623 3983 2794 4071 parti
2849 3984 3099 4069 parenti
3156 3990 3221 4051 et

352 4095 629 4159 servanti
679 4099 743 4162 et
784 4093 848 4159 in
896 4092 1019 4159 fide
1064 4089 1309 4159 stanti⁴.
1380 4094 1583 4173 Quam
1630 4091 2150 4179 compositionem
2195 4096 2258 4158 et
2299 4091 2650 4174 arbitrium,
2695 4111 2915 4177 pacem
2962 4096 3027 4158 et
3071 4111 3218 4158 con-

350 4198 666 4282 cordiam,
724 4198 913 4266 finem
971 4206 1033 4267 et
1088 4201 1577 4267 transactionem
1636 4199 2147 4287 approbaverunt
2199 4199 2480 4285 predicte
2533 4202 2748 4284 partes
2803 4218 3098 4283 expresse
3156 4205 3221 4265 et

350 4306 784 4392 promiserunt
840 4305 1173 4392 sollempni
1231 4304 1637 4392 stipulatione
1681 4307 2140 4374 interveniente
2186 4305 2306 4372 sibi
2353 4305 2705 4372 adinvicem
2757 4305 3038 4390 prefatus
3087 4306 3219 4392 epi-

352 4432 579 4499 scopus
610 4412 997 4480 Ebronensis
1043 4433 1159 4500 pro
1208 4431 1274 4478 se
1321 4417 1385 4478 et
1428 4413 1891 4480 successoribus
1938 4414 2069 4480 suis
2117 4422 2180 4479 et
2222 4433 2338 4499 pro
2381 4411 2644 4478 ecclesia
2688 4433 2804 4478 sua
2833 4432 2972 4478 cum
3006 4417 3220 4478 aucto-

347 4521 539 4586 ritate
584 4525 649 4586 et
692 4539 1001 4586 consensu
1046 4519 1310 4606 predicti
1358 4518 1598 4585 domini
1655 4519 2012 4606 patriarche
2063 4519 2298 4586 ibidem
2351 4519 2694 4606 presentiS,
2755 4525 2820 4586 et
2863 4519 3218 4604 sepedictus

346 4629 687 4713 preceptor
728 4633 793 4694 et
836 4627 1113 4693 sindicus
1159 4626 1325 4694 dicte
1372 4626 1595 4692 domus
1648 4647 1765 4712 pro
1810 4627 1954 4713 ipsa
1999 4627 2184 4693 domo
2228 4626 2725 4693 Alemannorum
2771 4627 3004 4694 dictam
3048 4647 3251 4708 com--

346 4733 730 4820 positionem
761 4736 826 4799 et
855 4734 1067 4800 omnia
1097 4732 1223 4799 alia
1272 4739 1335 4800 et
1380 4734 1629 4818 singula
1674 4734 2038 4818 supradicta
2081 4734 2252 4800 omni
2296 4738 2580 4821 tempore
2622 4734 2854 4801 habere
2899 4739 2964 4800 et
3005 4739 3220 4802 tenere

344 4845 488 4907 rata
534 4846 601 4908 et
640 4837 827 4906 firma
872 4846 936 4906 et
981 4839 1325 4926 adimplere
1373 4845 1436 4907 et
1482 4845 1703 4908 contra
1744 4861 1873 4907 non
1919 4841 2132 4908 venire
2189 4860 2301 4927 per
2345 4861 2413 4908 se
2458 4840 2558 4907 vel
2605 4841 2830 4925 alium,
2893 4842 3008 4907 sub
3053 4861 3220 4927 pena

346 4954 601 5016 centum
632 4947 1046 5016 bisantiorum
1078 4947 1539 5032 solvendorum,
1585 4954 1777 5034 prout
1804 4947 2095 5035 superius
2129 4953 2226 5016 est
2253 4967 2644 5035 expressum,
2693 4967 2836 5016 cum
2875 4948 3218 5018 refectione
