3892 5609
1191 272 1420 321 'rnnm
1464 272 1749 327 66116111.
1818 239 2152 323 6111161116.
2222 272 2489 323 onnus
3186 261 3281 335 39

406 434 544 501 iure
601 433 838 502 eisdem
881 433 1224 521 pertinenti
1269 434 1432 501 dono
1477 433 1779 520 predictis
1823 433 2127 501 fratribus
2172 438 2391 502 sancte
2435 433 2657 501 domus
2702 431 3037 521 hospitalis
3082 433 3289 503 Theu-

407 542 762 611 tonicorum
806 541 1021 627 libere,
1071 542 1298 627 quiete,
1343 540 1603 627 pacifice
1649 541 1874 608 amodo
1917 542 1985 607 in
2030 545 2407 629 perpetuum
2454 542 2595 607 6166
2636 540 2997 628 calumpnia
3043 545 3107 609 et
3150 542 3287 610 sine

411 646 902 717 contradictione
947 648 1160 734 aliqua
1205 649 1484 715 omnium
1528 649 1854 715 hominum
1901 648 2285 734 mortalium,
2333 649 2442 735 qui
2486 654 2635 714 sunt
2680 653 2745 715 et
2790 654 2975 716 erunt
3018 649 3134 716 sub
3173 669 3288 736 po-

411 761 640 824 testate
687 760 751 822 et
781 755 1056 822 dominio
1090 776 1250 821 meo.
1319 754 1582 843 Insuper
1625 756 1907 843 precipio
1939 757 2231 823 omnibus
2261 756 2621 823 hominibus
2652 756 2832 840 111616,
2880 757 2989 840 qui
3034 761 3181 823 sunt
3225 762 3290 823 et

413 866 520 949 qui
565 868 770 947 eruut,
817 884 898 929 ne
944 862 1022 929 de
1067 868 1274 929 cetero
1320 863 1594 931 habeant
1637 868 2017 951 potestatem
2064 864 2165 931 vel
2210 884 2434 931 ausum
2480 884 2672 951 super
2715 864 2831 941 hec
2876 864 3119 950 omnia,
3166 884 3288 949 que

291 998 298 1003 ·
409 970 735 1038 caritative
793 990 865 1038 ac
921 970 1301 1037 hereditario
1356 972 1493 1038 iure
1552 970 1633 1037 ad
1675 970 2129 1059 possidendum
2174 971 2337 1037 dono
2383 972 2686 1058 predictis
2731 971 3065 1055 fratribuS,
3125 973 3291 1038 sicut

407 1079 765 1147 continetur
809 1078 876 1144 in
919 1078 1202 1165 presenti
1245 1079 1498 1167 pagina,
1542 1099 1662 1147 nec
1705 1082 1973 1165 possunt
2002 1077 2257 1165 aliquod
2288 1079 2623 1147 servicium
2672 1100 2783 1146 seu
2822 1078 3131 1146 tributum
3177 1100 3291 1147 seu

408 1188 733 1270 angariam
789 1201 900 1252 seu
945 1187 1292 1253 exactioem
1340 1186 1617 1274 aliquam
1662 1186 1740 1253 ab
1785 1186 1944 1273 ipsis
1988 1186 2289 1255 fratribus
2335 1187 2520 1253 modo
2568 1185 2849 1274 quolibet
2892 1192 3287 1273 extorquere,

407 1295 602 1361 immo
658 1298 992 1361 teneantur
1037 1314 1143 1360 eos
1206 1314 1450 1379 amare,
1506 1294 1817 1361 honorare
1874 1297 1939 1360 et
1981 1294 2272 1361 venerari
2324 1314 2440 1381 per
2486 1295 2701 1362 omnia
2745 1299 2808 1360 et
2861 1294 2931 1360 in
2976 1293 3286 1379 omnibus,

408 1402 572 1469 sicut
630 1402 810 1469 decet
865 1401 1192 1487 religiosos
1237 1402 1406 1469 viros
1450 1422 1720 1488 persone
1763 1422 1903 1469 mee
1950 1421 2025 1469 ac
2065 1402 2367 1469 heredum
2412 1422 2697 1470 meorum
2752 1409 2817 1469 et
2860 1402 3061 1468 tocius
3108 1402 3289 1486 regni

405 1510 534 1578 mei
581 1514 915 1577 amatores.
985 1509 1294 1595 Quicquid
1339 1511 1692 1576 continetur
1737 1510 1804 1575 in
1847 1510 2129 1596 presenti
2159 1509 2412 1596 pagina,
2460 1509 2623 1576 dono
2655 1508 2956 1596 predictis
2985 1508 3288 1575 fratribus

407 1616 634 1685 amodo
678 1618 744 1683 in
789 1621 1166 1703 perpetuum
1180 1665 1198 1701 ,
1244 1621 1318 1682 ut
1361 1616 1600 1684 dictum
1647 1620 1774 1701 est,
1821 1616 2051 1701 libere,
2099 1616 2341 1702 quiete,
2387 1614 2649 1702 pacifice
2695 1616 3041 1684 secundum
3082 1615 3291 1700 legem

408 1730 474 1793 et
528 1724 1046 1791 consuetudinem
1099 1723 1504 1790 Francorum.
1595 1724 1718 1792 Pro
1776 1723 2003 1809 quibus
2062 1722 2506 1791 confirmandis
2562 1744 2825 1810 presens
2883 1721 3075 1815 scribi
3131 1724 3291 1791 iussi

406 1831 811 1919 privilegium
869 1830 1131 1917 propria
1185 1851 1378 1897 manu
1437 1852 1580 1899 mea
1635 1830 1866 1899 litteris
1919 1831 2132 1899 rubeis
2180 1831 2498 1915 signatum
2543 1836 2608 1899 et
2650 1831 2849 1915 regali
2895 1830 3101 1915 sigillo
3146 1850 3287 1898 meo

410 1960 600 2007 aureo
657 1938 1131 2006 corroboratum
1190 1942 1254 2005 61
1307 1938 1670 2023 sigillatum.
1763 1938 2029 2006 Factum
2078 1944 2175 2007 est
2219 1943 2431 2007 autem
2474 1938 2595 2007 1106
2638 1939 3039 2025 privilegium
3083 1938 3290 2007 iucar-

406 2048 682 2115 nationis
729 2044 1040 2113 dominioe
1087 2066 1250 2113 anno
1298 2053 1386 2111 m‘
1410 2052 1502 2113 cc⁶
1525 2046 1642 2111 xii⁰
1687 2068 1902 2115 mense
1947 2046 2188 2134 aprilis.

620 2188 662 2251 1,
689 2188 758 2239 35
771 2205 818 2239 v.
851 2206 907 2239 n.
925 2186 1011 2239 82.
1057 2187 1166 2239 Iam
1203 2187 1268 2241 de
1303 2186 1406 2239 fine
1448 2187 1578 2239 1211
1619 2188 1740 2241 anni
1773 2164 1991 2255 loquens⁶
2009 2187 2337 2241 Wilbrandus
2375 2187 2439 2239 de
2466 2186 2765 2255 oldenburg
2798 2186 2851 2239 in
2873 2186 3291 2255 Peregrinatione

408 2278 490 2331 ed.
515 2277 754 2330 Laurent.
802 2276 1084 2343 Hamburg.
1113 2276 1266 2327 1859.
1319 2275 1362 2339 1,
1391 2276 1456 2328 19
1491 2294 1543 2343 p.
1565 2276 1629 2328 17
1661 2277 1806 2329 dicit:
1849 2276 2081 2343 „Abhinc
2116 2285 2436 2329 transeuntes
2476 2276 2836 2339 Cumbetefort,
2872 2277 2962 2330 ubi
2998 2277 3173 2329 domus
3211 2284 3292 2328 est

407 2376 462 2419 et
494 2366 687 2418 mansio
711 2367 846 2419 bona
868 2364 1131 2432 hospitalis
1154 2365 1564 2429 Alamannorum,
1601 2368 1826 2419 venimus
1852 2366 2103 2419 Tursolt“.
2156 2366 2199 2428 1,
2225 2366 2295 2417 22
2330 2384 2383 2433 p.
2406 2366 2496 2417 19:
2539 2366 2675 2417 1212
2712 2366 2761 2418 6.
2786 2366 2981 2417 ianuar.
3037 2364 3201 2416 Sisiae
3236 2365 3289 2415 in

407 2456 533 2507 urbe
569 2454 773 2523 capitali
800 2456 1072 2507 Armeniae
1106 2455 1254 2521 regni
1287 2455 1414 2507 vidit
1454 2472 1566 2507 cum
1603 2456 1774 2509 Leone
1810 2472 1932 2521 rege
1968 2456 2264 2522 magistrum
2300 2456 2476 2508 domus
2512 2454 2777 2522 hospitalis
2814 2454 2869 2507 S.
2893 2454 3089 2506 Mariae
3112 2453 3283 2505 Theu-

409 2545 713 2607 tonicorum;
763 2543 949 2596 deinde
983 2544 1154 2611 pergit
1187 2544 1229 2606 1,
1255 2543 1328 2595 24
1363 2562 1414 2611 p.
1435 2544 1530 2595 20:
1575 2544 1732 2610 „Inde
1768 2545 1995 2597 venimus
2032 2544 2417 2597 Adamodanam
2431 2583 2446 2609 ,
2484 2546 2619 2613 quod
2656 2554 2735 2597 est
2770 2554 2988 2597 castrum
3021 2542 3286 2611 hospitalis

434 2634 514 2685 ive
552 2633 728 2685 domus
765 2633 1174 2685 Alamannorum.
1243 2632 1393 2696 Quod
1427 2634 1658 2687 dominus
1694 2651 1782 2686 rex
1794 2671 1810 2696 ,
1855 2634 1942 2700 qui
1988 2650 2189 2701 semper
2223 2632 2533 2687 Alemannos
2570 2634 2773 2697 dilexit,
2818 2635 2893 2687 eis
2934 2651 3028 2701 pro
3060 2633 3285 2685 remedie

410 2722 576 2775 anime
609 2740 702 2775 sue
738 2738 852 2775 eum
885 2722 1016 2775 viliis
1052 2722 1381 2774 attinentibus
1419 2723 1683 2775 donarit“.
1902 2724 1951 2775 1.
1987 2723 2021 2773 2
2048 2723 2161 2775 Gor.
2186 2722 2239 2787 9,
2264 2722 2315 2775 6.
2530 2724 2581 2776 2.
2631 2742 2734 2777 non
2782 2731 2863 2777 est
2906 2724 3087 2775 16611116
3132 2723 3186 2775 111
3219 2721 3282 2775 Β.

409 2812 461 2863 3.
497 2828 658 2879 agger
691 2812 751 2865 B.
965 2812 1015 2863 4.
1053 2812 1226 2877 nangfi
1261 2810 1322 2863 B.

1524 2930 2159 2939 ——-—--——-———.—-.

409 3079 536 3151 47.
581 3082 759 3149 1213
784 3082 957 3167 febr.
991 3082 1099 3148 24.
1160 3082 1401 3148 Romae
1430 3104 1535 3169 ap.
1567 3103 1617 3146 8.
1651 3082 1930 3147 Petrum.
2006 3080 2405 3148 Innocentius
2425 3104 2613 3171 papa
2644 3080 2769 3149 III
2790 3082 3283 3167 confirmatfra-

587 3191 786 3257 tribue
831 3190 1136 3278 hospitali
1183 3188 1704 3255 Theotonicorum
1747 3190 1826 3254 de
1867 3187 2088 3255 Aceon
2132 3214 2175 3255 a
2219 3190 2430 3255 Leone
2472 3189 2817 3255 Armeniae
2858 3212 3005 3277 reqe
3049 3192 3285 3257 donata

586 3297 914 3365 castellum
958 3309 1016 3363 et
1059 3296 1264 3363 casale
1308 3297 1658 3377 Amudain,
1708 3296 1949 3361 casalia
1997 3295 2251 3384 Sespin,
2299 3296 2588 3379 Bne-ona,
2635 3297 2810 3385 Ayn.

631 3438 1034 3508 Innocentius
1079 3439 1408 3527 episcopus
1455 3457 1673 3505 servus
1718 3458 2047 3505 servorum
2090 3438 2193 3505 dei
2236 3439 2483 3507 dilectis
2527 3436 2676 3506 filiis
2720 3439 3025 3523 magistro
3064 3444 3128 3507 et
3155 3440 3284 3507 fra-

407 3550 610 3617 tribus
663 3546 994 3635 hospitalis
1041 3545 1566 3613 Theotonicorum
1623 3546 1701 3612 de
1744 3544 1961 3612 Accon
2021 3544 2289 3614 salutem
2336 3550 2399 3613 et
2443 3546 2855 3634 apostolicam
2901 3546 3283 3615 benedictio-

407 3678 573 3725 nem.
652 3656 842 3723 Iustis
897 3655 1257 3742 peteucium
1312 3653 1641 3720 desideriis
1688 3653 1947 3738 dignum
1995 3657 2091 3720 est
2145 3673 2260 3720 nos
2307 3654 2556 3723 facilem
2602 3653 2864 3741 prebere
2910 3674 3283 3721 consensum

409 3771 472 3832 61
515 3768 682 3849 vota,
730 3784 850 3849 que
897 3784 936 3830 a
979 3763 1244 3828 rationis
1288 3762 1542 3829 tramite
1587 3780 1715 3827 non
1760 3760 2155 3843 discordant,
2214 3759 2438 3829 effectu
2480 3766 2899 3849 prosequente
2946 3761 3279 3848 complere.

405 3872 506 3940 Ea
546 3876 838 3959 propter,
899 3868 1113 3937 dilecti
1167 3870 1235 3935 in
1280 3869 1531 3936 domino
1577 3866 1724 3953 filii,
1781 3870 2007 3935 vestris
2053 3868 2238 3935 iustis
2282 3868 2575 3956 precibus
2620 3868 2909 3935 inclinati
2954 3869 3282 3936 castellum

405 3974 760 4047 Amudain²
803 3982 868 4045 et
910 3976 1117 4044 casale
1163 3976 1286 4043 sibi
1330 3976 1657 4060 adherens,
1706 3975 1782 4041 de
1817 3974 2047 4063 Seepin
2092 3995 2359 4062 quoque,
2406 3976 2484 4043 de
2527 3970 2873 4043 Buchecia'
2919 3980 2983 4043 et
3026 3976 3105 4042 de
3134 3975 3283 4063 Ayu

407 4086 663 4171 casalia,
710 4105 850 4152 cum
881 4084 1091 4170 terris,
1125 4085 1326 4170 aquis,
1358 4083 1792 4168 divisionibus,
1821 4083 2221 4169 molendiniS‚
2251 4084 2493 4151 iuribus
2525 4089 2589 4150 et
2617 4083 3024 4171 pertinenciis
3056 4104 3281 4151 eorun-

405 4195 550 4262 dem
607 4192 821 4261 domui
867 4195 1074 4259 vestre
1119 4213 1159 4258 a
1201 4190 1538 4257 karissimo
1593 4192 1660 4257 in
1707 4186 1994 4257 Christo⁸
2040 4190 2169 4258 filio
2224 4195 2441 4259 nostro
2493 4187 2791 4272 L(eone)⁴
2844 4191 3078 4258 illustri
3133 4212 3281 4276 rege

405 4302 708 4370 Armenie
751 4302 862 4388 pia
900 4294 1311 4367 liberalitate⁶
1343 4297 1572 4365 collata
1598 4317 1844 4364 necnon
1872 4298 2199 4366 libertates
2231 4299 2409 4366 vobis
2440 4318 2765 4367 concessas
2798 4299 2877 4365 ab
2912 4300 3074 4387 ipso,
3120 4300 3283 4366 sicut

407 4431 484 4478 ea
538 4411 752 4477 omnia
803 4410 970 4476 iuste
1025 4428 1099 4474 ac
1150 4405 1408 4494 pacifice
1466 4405 1804 4494 possidetis
1861 4411 1926 4474 et
1978 4400 2085 4472 in⁶
2130 4406 2331 4493 ipsius
2388 4407 2555 4492 regis
2602 4404 2987 4474 auctentico⁴
3030 4406 3279 4493 plenius

405 4518 793 4601 continetur,
839 4514 1017 4582 vobis
1065 4519 1128 4581 et
1170 4534 1285 4601 per
1331 4533 1442 4579 vos
1488 4512 1691 4581 eidem
1735 4513 1952 4580 domui
1995 4518 2203 4581 vestre
2248 4514 2621 4582 auctoritate
2666 4513 3014 4605 apostolica
3055 4512 3280 4581 confir-

404 4645 654 4693 mamus
701 4629 764 4691 et
808 4622 1118 4711 presentis
1165 4621 1386 4709 scripti
1429 4621 1781 4708 patrocinio
1829 4622 2306 4688 communimuS.
2373 4622 2547 4689 Nulli
2594 4643 2740 4707 ergo
2788 4622 3042 4689 omnino
3076 4621 3279 4689 homi-

404 4752 560 4800 num
602 4732 794 4799 liceat
833 4731 1000 4799 hanc
1043 4730 1340 4817 paginam
1384 4733 1598 4808 nostre
1629 4727 2122 4796 confirmationis
2151 4729 2495 4815 infringere
2524 4730 2626 4797 vel
2666 4730 2724 4796 ei
2756 4750 2915 4797 ausu
2940 4730 3277 4797 temerario

405 4839 738 4909 contraire.
821 4837 890 4905 Si
949 4839 1090 4925 quis
1135 4843 1346 4905 autem
1393 4836 1511 4903 hoc
1557 4840 1936 4923 attemptare
1990 4838 2478 4924 presumpserit,
2534 4837 3031 4923 indignationem
3076 4838 3281 4904 omni-

403 4948 682 5035 potentis
740 4946 843 5015 dei
899 4951 964 5013 et
1013 4946 1339 5014 beatorum
1384 4944 1557 5013 Petri
1604 4950 1668 5011 et
1710 4944 1892 5013 Pauli
1937 4944 2365 5033 apostolorum
2411 4945 2545 5012 eius
2592 4964 2659 5011 se
2702 4945 2952 5012 noverit
2992 4946 3278 5013 incursu-
