3892 5609
703 312 850 384 352
1670 322 2094 373 Pommcuu
2138 322 2585 373 Romsnonmr

703 481 1178 567 archidiaconis,
1226 483 1783 571 archipresbyteris
1831 490 1894 552 et
1937 484 2081 551 aliis
2128 484 2529 551 ecclesiarum
2561 481 2841 570 prelatis,
2890 481 2967 547 ad
3007 500 3163 566 quos
3196 479 3408 547 littere
3432 480 3561 545 iste

698 591 1117 677 pervenerint,
1165 590 1434 657 salutem
1481 583 1568 658 et*
1588 591 1997 677 apostolicam
2040 592 2555 659 benedictionem.
2782 588 2939 655 Cum
2986 589 3232 655 dilectis
3278 586 3423 653 filiis
3468 624 3557 633 ——

696 697 888 764 fuerit
930 718 970 765 a
1013 698 1172 765 bone
1217 699 1516 765 memorie
1562 698 1889 781 H(onorio)
1935 720 2107 786 papa
2148 700 2586 786 predecessore
2622 702 2836 763 nostro
2868 696 3181 764 indultum
3200 700 3281 762 et
3308 715 3349 761 a
3372 694 3557 761 nobis

697 806 1097 891 postmodum
1153 805 1622 890 confirmatum,
1679 812 1750 873 ut
1806 805 2000 873 semel
2046 844 2130 853 —-
2178 807 2549 873 confratrias
2594 823 2741 871 suas
2786 804 3123 870 confratrie
3167 802 3425 869 illorum
3468 838 3555 847 —

697 896 1029 997 redundat,
1075 913 1303 1000 prefati
1349 914 1807 1001 predecessoris
1851 914 2056 980 nostri
2100 915 2379 997 vestigiis
2424 915 2804 996 inherentes,
2850 910 3247 977 universitati
3290 947 3375 956 —-
3422 912 3557 997 pie—

699 1020 868 1085 tatis.
941 1019 1106 1087 Sane
1151 1020 1446 1105 quonia'm
1491 1025 1588 1088 est
1631 1020 1710 1087 ab
1755 1021 1972 1088 eodem
2018 1022 2457 1108 predecessore
2500 1026 2713 1087 nostro
2760 1024 3061 1085 statutum
3094 1025 3161 1085 et
3186 1019 3557 1085 innovatum

699 1147 740 1192 a
782 1126 993 1212 nobie,
1050 1133 1124 1193 ut
1165 1148 1350 1195 nemo
1397 1165 1480 1175 —
1529 1128 1915 1215 presentium
1958 1128 2136 1195 vobis
2183 1130 2555 1195 auctoritate
2600 1128 2981 1214 precipimus
2996 1177 3014 1210 ,
3072 1130 3143 1192 ut
3190 1162 3275 1172 -—
3324 1146 3450 1211 que
3490 1126 3553 1190 in

700 1240 920 1301 sancta
971 1235 1157 1303 domo
1213 1235 1324 1301 illa
1365 1235 1526 1303 fiunt
1545 1232 1552 1239 ’
1570 1272 1652 1281 —-
1699 1256 2033 1322 personas,
2091 1257 2212 1321 que
2257 1256 2325 1303 se
2371 1264 2453 1291 ..-
2500 1234 2919 1319 reddiderint,
2977 1234 3171 1300 libere
3218 1270 3304 1279 -
3350 1252 3435 1299 ne
3480 1232 3557 1299 ab

701 1342 792 1408 eis
838 1348 1057 1409 contra
1097 1349 1379 1411 tenorem
1425 1343 1891 1431 privilegiorum
1938 1342 2279 1429 apostolice
2324 1342 2491 1410 sedis
2528 1343 2605 1409 de
2633 1342 3034 1408 nutrimentis
3064 1340 3441 1407 animalium
3470 1375 3553 1385 —

701 1449 1042 1515 secundum
1110 1452 1289 1533 quod·
1338 1451 1430 1518 eis
1488 1457 1584 1518 est
1636 1450 1934 1518 beneficio
1989 1450 2461 1537 privilegiorum
2521 1450 2779 1517 ecclesie
2834 1448 3113 1515 Romane
3168 1466 3557 1531 concessum,

704 1555 998 1623 duxerint
1042 1559 1460 1625 construenda
1503 1596 1586 1604 —-
1634 1578 1715 1625 ne
1761 1558 1987 1644 aliquis
2016 1563 2295 1625 vestrum
2325 1564 2545 1624 contra
2572 1564 2855 1624 tenorem
2884 1556 3361 1643 privilegiorum
3388 1556 3558 1641 ipso-

703 1683 843 1729 rum
899 1664 965 1729 id
1021 1665 1326 1752 impedire
1372 1701 1456 1711 --
1502 1666 1730 1732 fratres
1774 1665 2105 1751 hospitalis
2152 1666 2429 1733 eiusdem
2476 1666 2544 1731 in
2590 1702 2673 1711 -—
2720 1664 3073 1731 voluntates
3118 1664 3427 1750 ipsorum.
3476 1698 3555 1707 —

702 1769 998 1837 Preterea
1053 1772 1426 1857 quicumque
1475 1809 1556 1819 -—
1605 1772 2009 1839 subvenerint
2068 1764 2397 1839 antedictis
2454 1778 2517 1840 et
2580 1774 2648 1838 in
2704 1778 2835 1838 tam
2892 1778 3109 1839 sancta
3160 1771 3557 1837 fraternitate

703 1878 1038 1951 statuerint
1093 1900 1160 1945 se
1211 1878 1480 1963 collegas
1529 1916 1611 1971 -7-
1660 1878 2078 1966 persolverint
2132 1882 2454 1947 annuatim
2512 1882 2604 1945 eis
2662 1879 2737 1945 de
2795 1880 3120 1947 beatorum
3167 1914 3249 1923 -
3298 1883 3373 1944 ut
3438 1878 3557 1943 hiis

591 2079 598 2087 ἢ
705 1986 814 2069 qui
859 2006 1075 2053 eorum
1122 2022 1206 2032 —
1251 1986 1589 2053 interdicti.
1666 1986 1968 2053 Volumus
2016 1993 2223 2054 autem
2240 2039 2258 2072 ,
2314 1994 2387 2054 ut
2428 1986 2618 2053 liceat
2660 1988 2751 2052 eis
2796 1988 3140 2053 confratres
3184 2006 3355 2068 suos,
3404 2005 3555 2071 quos

705 2093 1107 2160 ecclesiarum
1149 2094 1382 2180 prelati
1427 2094 1596 2181 apud
1641 2094 1932 2160 ecclesias
1979 2115 2125 2161 suas
2170 2095 2479 2162 malitiose
2524 2114 2647 2161 non
2680 2094 3083 2180 permiserint
3110 2092 3389 2179 sepeliri,
3432 2092 3553 2159 nisi

704 2200 1227 2267 excommunicati
1259 2201 1360 2267 vel
1387 2202 1761 2267 nominatim
1803 2201 2041 2268 fuerint
2082 2202 2400 2269 interdicti
2446 2207 2556 2269 aut
2598 2202 2797 2268 eciam
2840 2201 3091 2287 publice
3134 2200 3433 2285 usurarii,
3480 2200 3553 2265 ad

706 2306 998 2375 ecclesias
1045 2329 1190 2375 suas
1246 2308 1646 2376 tumulandos
1692 2308 1965 2393 deferre,
2024 2315 2087 2376 et
2130 2308 2475 2377 oblationes
2520 2316 2650 2375 tam
2696 2329 2811 2394 pro
2859 2309 2949 2375 eis
2996 2328 3185 2393 quam
3228 2328 3347 2394 pro
3394 2306 3552 2391 aliis,

707 2415 911 2499 quiin
956 2436 1168 2481 eorum
1217 2416 1541 2482 cimiteriis
1585 2418 2005 2502 requiescunt,
2052 2417 2360 2484 exhibitas
2406 2418 2541 2483 sine
2587 2416 2775 2483 alieni
2818 2416 2973 2482 iuris
3016 2415 3363 2501 preiudicio
3409 2415 3555 2481 reti-

705 2542 874 2605 nere,
919 2522 1038 2587 hoc
1083 2523 1280 2589 eciam
1326 2522 1538 2589 addito
1587 2560 1668 2569 —
1716 2523 1910 2591 semel
1958 2524 2319 2610 aperiantur
2364 2524 2621 2591 ecclesie
2668 2522 2989 2589 annuatim
3038 2528 3103 2589 et
3131 2522 3556 2589 excommuni-

706 2629 862 2694 catis
919 2633 982 2696 et
1039 2630 1410 2696 nominatim
1467 2630 1816 2697 interdictis
1872 2630 2088 2697 eiectis
2136 2668 2219 2675 —
2265 2630 2567 2699 beneficia
2622 2629 2722 2697 vel
2778 2630 3230 2697 ecclesiasticos
3276 2630 3559 2695 redditus

704 2754 832 2800 non
877 2736 1188 2803 amittant.
1257 2736 1494 2803 Datum
1537 2736 1834 2805 Laterani
1881 2759 1918 2804 v
1965 2738 2105 2804 idus
2150 2739 2369 2825 aprilis
2419 2736 2817 2826 pontificatus
2861 2737 3063 2803 nostri
3109 2757 3271 2803 anno
3314 2737 3553 2821 quinto.

921 2876 1044 2927 Cum
1090 2878 1232 2929 dato:
1281 2878 1520 2930 Laterani
1554 2879 1586 2929 5
1623 2878 1692 2930 id.
1729 2878 1900 2945 aprilis
1935 2896 1986 2945 p.
2012 2898 2059 2929 a.
2084 2878 2117 2929 5
2160 2879 2403 2945 originale
2440 2880 2857 2941 vindobonense,
2902 2878 3186 2929 etiamnunc
3220 2876 3291 2928 ibi
3326 2894 3559 2928 assema-

708 2973 832 3028 tum‚
869 2965 990 3017 citat
1014 2966 1242 3017 Duellius
1267 2967 1350 3029 Π.,
1393 2968 1455 3018 12
1482 2986 1598 3019 ann.
1629 2998 1688 3005 ——
1731 2968 1853 3019 Cum
1878 2968 2023 3019 dato:
2060 2968 2223 3019 Reate
2248 2969 2281 3019 6
2305 2969 2373 3019 id.
2399 2969 2615 3020 octobris
2650 2986 2701 3034 p.
2727 2986 2773 3019 a.
2798 2968 2849 3019 5.
2892 2968 2985 3029 IV,
3010 2966 3114 3017 200
3150 2984 3201 3017 n.
3228 2966 3309 3017 13.
3345 2966 3457 3017 Ioh.
3474 2966 3559 3017 34.

709 3053 839 3105 Edd.
862 3054 1125 3106 Caorsinus
1161 3056 1249 3107 fol.
1277 3057 1330 3107 C.
1357 3056 1446 3107 2v.
1497 3057 1692 3108 Senner
1715 3056 1800 3107 fol.
1827 3057 1886 3107 E.
1911 3058 2005 3107 3v.
2052 3056 2308 3123 Liljegren
2332 3057 2746 3123 Diplomatarium
2770 3057 3051 3107 Suecanum
3074 3056 3115 3115 1,
3140 3054 3241 3105 261
3282 3072 3333 3105 n.
3350 3055 3474 3105 261.
3497 3086 3555 3091 —

711 3143 833 3194 Cum
870 3143 1013 3195 dato:
1050 3144 1248 3200 Perusii
1282 3145 1318 3195 4
1341 3145 1409 3196 id.
1435 3146 1561 3198 febr.
1597 3163 1649 3211 p.
1674 3163 1719 3196 a.
1745 3144 1778 3195 8
1824 3145 2069 3211 originale
2104 3164 2215 3197 cum
2250 3146 2387 3197 bulla
2422 3147 2471 3197 in
2510 3145 2711 3197 archivo
2746 3146 3132 3209 Regimontano,
3172 3145 3312 3195 cuius
3348 3144 3557 3194 exhibe-

707 3250 816 3283 mus
842 3250 994 3299 supra
1018 3233 1325 3285 varietatem.
1383 3235 1457 3286 cf.
1483 3234 1770 3301 Napiersky
1804 3252 1854 3284 n.
1881 3234 1967 3285 49.
1992 3264 2053 3273 —-
2094 3235 2216 3285 Cum
2238 3236 2385 3286 dato:
2422 3234 2619 3286 Perusii
2654 3237 2685 3285 5
2710 3234 2813 3285 kal.
2836 3234 2955 3285 maii
2988 3250 3043 3299 p.
3066 3250 3113 3284 a.
3138 3234 3189 3283 9.
3237 3232 3303 3286 R.
3326 3232 3397 3283 96
3430 3234 3561 3282 inter

709 3321 949 3374 Alsatica.
990 3352 1052 3361 —-
1102 3324 1224 3374 Cum
1259 3324 1404 3375 dato:
1451 3322 1684 3389 Anagnie
1721 3322 1752 3372 7
1788 3322 1890 3373 kal.
1926 3332 2055 3390 sept.
2091 3340 2142 3389 p.
2168 3342 2215 3375 a.
2246 3324 2311 3374 12
2356 3325 2407 3374 in
2452 3332 2752 3375 transsumto
2789 3324 2881 3374 sub
2916 3322 3080 3389 sigillo
3116 3322 3355 3372 Iohannis
3394 3320 3557 3371 Cami-

706 3410 878 3461 nensis
902 3411 1124 3478 episcopi
1148 3412 1282 3463 facto
1319 3412 1369 3463 d.
1389 3411 1438 3463 d.
1465 3410 1632 3463 Corlin
1659 3411 1812 3463 1356.
1847 3411 1975 3462 feria
1996 3412 2071 3463 111
2105 3420 2222 3478 post
2243 3414 2409 3464 miser.
2432 3413 2563 3465 dom.
2590 3413 2729 3479 (maii
2752 3413 2854 3479 10),
2878 3411 2959 3463 cui
2982 3410 3197 3479 sigillum
3225 3410 3563 3462 semifractarum

713 3500 984 3566 appendet,
1018 3500 1072 3551 in
1107 3500 1310 3553 archivo
1343 3500 1728 3568 Regimontano.

712 3704 891 3775 454.
931 3708 1105 3774 1231
1153 3709 1476 3796 septembr.
1501 3709 1589 3775 15
1635 3708 1848 3775 Reate.
1922 3706 2265 3795 Greqmus
2296 3709 2406 3775 IX
2444 3712 2667 3797 repetit
2690 3733 2753 3774 n.
2779 3709 2912 3775 426
2942 3710 3019 3773 de
3048 3706 3229 3775 1227
3274 3704 3557 3773 iulii-30.

936 3847 1274 3934 Gregorius
1318 3856 1434 3918 etc.
1660 3849 1809 3917 Paci
1855 3862 1918 3917 et
1964 3851 2157 3937 quieti
2205 3856 2319 3918 etc.
2389 3851 2625 3919 Datum
2654 3851 2849 3918 Reate
2892 3850 3026 3916 xvii
3056 3849 3362 3917 kalendas
3392 3854 3563 3915 octo-

711 3955 842 4023 bris
887 3958 1285 4045 pontificatus
1331 3958 1532 4025 nostri
1577 3978 1740 4024 anno
1787 3959 2025 4045 quinte.

716 4215 894 4286 455.
935 4218 1106 4284 1231
1155 4230 1306 4303 sept.
1342 4218 1431 4284 17
1475 4218 1798 4284 Laterani.
1877 4216 2221 4304 Greqorim
2253 4219 2361 4285 IX
2401 4221 2624 4305 repetit
2664 4242 2728 4283 n.
2760 4217 2893 4284 420
2936 4220 3015 4281 de
3058 4216 3237 4283 1227
3280 4217 3431 4282 iulii
3458 4217 3559 4283 1—1.

937 4357 1274 4443 Gregorius
1321 4363 1437 4425 etc.
1645 4358 1790 4425 Non
1833 4358 2068 4446 absque
2106 4364 2221 4427 etc.
2291 4360 2529 4427 Datum
2556 4359 2753 4427 Reate
2780 4378 2864 4425 xv
2892 4356 3019 4425 kal.
3054 4357 3326 4425 octobris
3352 4356 3561 4444 ponti-

713 4466 934 4534 ficatus
977 4466 1179 4533 nostri
1225 4486 1389 4533 anno
1435 4466 1669 4571 quinto.

719 4687 896 4758 456.
938 4689 1112 4756 1231
1159 4704 1312 4777 sept.
1348 4690 1432 4756 18
1479 4690 1802 4756 Laterani.
1875 4687 2219 4777 Gareqorius
2253 4690 2359 4755 IX
2398 4693 2622 4777 repetit
2664 4715 2727 4755 n.
2759 4691 2889 4757 429
2936 4692 3011 4755 de
3040 4690 3217 4788 1227
3263 4712 3409 4776 auq.
3440 4690 3501 4754 4.

939 4828 1278 4915 Gregorius
1335 4835 1448 4898 etc.
1672 4830 2005 4910 Querelam
2060 4853 2315 4915 gravem
2371 4834 2722 4919 recepimus
2780 4836 2895 4899 etc.
2988 4831 3223 4898 Datum
3266 4829 3561 4897 Laterani

717 4938 856 5005 xiiii
897 4937 1026 5005 kal.
1060 4938 1331 5005 octobris
1378 4937 1772 5026 pontificatus
1819 4941 2020 5006 nostri
2066 4960 2227 5007 anno
2274 4940 2510 5026 quinto.
