3892 5609
731 302 884 374 406
1702 313 2127 364 romu-’mnu
2158 268 2611 364 ‘aomanorum

735 471 910 544 606.
949 473 1126 542 1259
1171 474 1361 560 april.
1393 473 1487 540 30
1525 473 1877 560 Anayniae.
1935 474 2303 542 Alexander
2332 475 2441 542 IV
2466 477 2689 562 repetit
2726 499 2791 542 π.
2812 475 2948 542 544
2988 476 3064 540 de
3094 475 3275 541 1257
3318 477 3491 540 iunii
3520 477 3585 541 1.

952 605 1312 672 Alexander
1359 612 1476 673 etc.
1687 605 1846 672 Cum
1891 606 2140 674 dilectis
2182 605 2329 674 filiis
2376 613 2494 674 etc.
2564 607 2798 674 Datum
2828 607 3120 692 Anagnie
3160 607 3211 673 ii
3254 606 3386 674 kal.
3434 607 3591 672 maii

730 712 1129 802 pontificatus
1173 715 1376 780 nostri
1422 733 1584 780 anno
1629 715 1865 799 quinto.

941 845 1001 897 In
1050 854 1389 912 transsumpto
1437 846 1486 898 d.
1513 846 1561 897 d.
1608 845 1815 898 Paduae
1855 845 1992 898 1336
2028 847 2171 912 april.
2196 847 2231 898 3
2278 845 2411 898 facto
2460 805 2551 913 per
2596 819 2918 898 Bertolanum
2964 847 3291 916 Caesi-inum,
3338 847 3593 898 notarium

732 937 862 988 sacri
897 935 1073 1001 palatii
1105 935 1350 996 Paduen„
1388 936 1480 986 sub
1517 935 1814 988 auctoritate
1849 935 2079 987 Paduani
2115 935 2179 986 de
2206 935 2576 1000 Bucacharinis,
2612 936 2805 999 iudicis,
2842 937 3050 988 Andrea
3083 936 3281 988 notario
3316 945 3469 998 teste,
3508 935 3595 1000 qui

733 1024 1152 1091 subscripserunt,
1188 1031 1354 1076 exstat
1388 1024 1439 1074 in
1475 1024 1674 1076 archivo
1710 1025 2095 1091 Regimontano.

740 1192 915 1265 607.
957 1195 1134 1262 1259
1178 1195 1327 1259 iulii
1353 1195 1442 1260 23
1488 1199 1835 1282 Anayniae.
1928 1197 2290 1262 Aleoeander
2336 1197 2382 1262 Ι
2386 1198 2447 1266 V
2480 1200 2699 1284 repetit
2747 1193 3046 1283 Greqovii
3088 1195 3193 1262 IX
3234 1219 3300 1259 n.
3332 1196 3471 1262 424
3518 1197 3597 1260 de

957 1302 1138 1369 1227
1183 1302 1331 1366 iulii
1365 1302 1472 1367 28.

957 1433 1316 1501 Alexander
1361 1435 1689 1521 episcopus
1733 1455 1952 1502 servus
1996 1456 2321 1504 servorum
2366 1435 2467 1504 dei
2512 1435 2755 1502 dilectis
2784 1433 2933 1502 filiis
2961 1435 3267 1520 magistro
3298 1433 3601 1518 religiose

735 1542 1148 1608 fraternitatis
1193 1541 1522 1628 hospitalis
1569 1547 1782 1609 sancte
1825 1543 2024 1610 Marie
2064 1543 2587 1611 Theutonicorum
2633 1542 3114 1609 Ierosolimitani
3162 1543 3425 1626 eiusque
3466 1541 3603 1606 fra-

735 1649 938 1715 tribus
983 1653 1112 1714 tam
1159 1648 1555 1735 presentibus
1603 1668 1790 1733 quam
1835 1651 2062 1716 futuris
2107 1651 2174 1717 in
2206 1657 2574 1737 perpetuam
2603 1649 2994 1717 memoriam.
3201 1647 3345 1716 Etsi
3392 1669 3603 1733 neque

739 1760 856 1823 eto.
883 1791 965 1802 -—
991 1755 1070 1822 ad
1103 1755 1424 1842 exemplar
1451 1755 1653 1822 felicis
1683 1758 1983 1824 memorie
2006 1757 2269 1825 Honorii
2299 1764 2363 1825 et
2385 1757 2672 1842 Gregorii
2695 1757 3209 1844 predecessorum
3230 1761 3601 1824 nostrornm

737 1861 1158 1929 Romanorum
1205 1861 1567 1948 pontificum
1615 1864 1730 1930 sub
1777 1899 1860 1910 —
1895 1871 2386 1951 consequantur.
2458 1865 2685 1932 Amen.

959 1969 1096 2053 Ego
1142 1969 1504 2036 Alexander
1548 1969 1849 2037 catholice
1895 1972 2151 2038 ecclesie
2197 1973 2545 2060 episcopus,

959 2076 1096 2160 Ego
1143 2075 1276 2142 Odo
1323 2075 1710 2143 Tusculanus
1757 2079 2104 2164 episcopus·

961 2183 1099 2267 Ego
1147 2182 1504 2270 Stephanus
1549 2181 1954 2251 Prenestinus
2000 2187 2348 2272 episeopus.

963 2289 1098 2374 Ego
1141 2290 1339 2357 frater
1367 2289 1676 2358 Iohannes
1723 2291 1892 2358 tituli
1923 2293 2124 2359 sancti
2154 2291 2480 2359 Laurentii
2522 2292 2589 2357 in
2618 2290 2859 2358 Lucina
2896 2291 3209 2379 presbiter
3238 2289 3603 2358 cardinalis.

965 2397 1101 2482 Ego
1145 2397 1342 2463 frater
1387 2396 1568 2480 Hugo
1615 2398 1785 2465 tituli
1828 2406 2043 2467 sancte
2090 2399 2319 2467 Sabine
2364 2399 2673 2486 presbiter
2716 2399 3073 2467 cardinalis.

963 2504 1100 2588 Ego
1145 2503 1486 2570 Riccardus
1532 2507 1735 2572 sancti
1778 2507 2009 2591 Angeli
2054 2508 2351 2575 diaconus
2395 2505 2749 2574 cardinalis.

967 2611 1102 2695 Ego
1149 2611 1526 2678 Octavianus
1573 2618 1786 2680 sancte
1832 2612 2030 2680 Mario
2074 2614 2141 2680 in
2187 2614 2293 2680 via
2335 2615 2467 2681 lata
2511 2615 2809 2680 diaconus
2854 2611 3211 2680 cardinalis,

965 2717 1099 2801 Ego
1146 2718 1450 2785 Iohannes
1497 2721 1698 2786 sancti
1741 2720 1985 2788 Nicolai
2030 2722 2094 2787 in
2140 2741 2387 2788 carcere
2432 2721 2719 2788 Tulliano
2764 2720 3062 2786 diaconus
3108 2717 3475 2785 cardinali&

969 2823 1205 2892 Datum
1257 2814 1546 2910 Anagnia
1605 2848 1719 2914 per
1778 2848 2033 2894 manum
2090 2829 2377 2912 magistri
2432 2827 2714 2912 Iordani,
2772 2847 2949 2894 sacre
3002 2826 3285 2894 Romane
3340 2826 3609 2894 ecclesie

748 2932 981 2998 notarii
1026 2937 1090 2999 et
1133 2933 1656 3018 vicecancellarii,
1705 2955 1744 3000 x
1790 2934 1916 3002 kal.
1967 2937 2248 3019 augusti,
2304 2935 2645 3002 indictione
2690 2935 2737 3002 ii
2781 2935 3231 3001 incarnationis
3289 2934 3609 3000 dominice

746 3049 839 3105 m⁰
861 3049 954 3106 cc⁰
977 3039 1025 3106 1⁰
1049 3041 1208 3106 viiii⁰
1249 3061 1412 3107 anno
1458 3041 1856 3128 pontificatus
1909 3043 2149 3108 domini
2192 3043 2540 3110 Alexandri
2587 3063 2749 3129 pape
2794 3043 2891 3108 iiii
2935 3061 3098 3108 anno
3145 3041 3387 3127 quinte.

2950 2059 2985 2094 Ι

963 3172 1312 3240 „Privilegium
1347 3173 1622 3225 Alexandri
1657 3174 1884 3226 Venetiis
1929 3185 2181 3242 repertum
2228 3175 2336 3227 sine
2381 3174 2548 3240 aliqua
2592 3173 2731 3224 bulla
2776 3173 3021 3238 pendenti
3063 3182 3116 3224 et
3150 3173 3259 3223 sine
3296 3173 3419 3224 data
3454 3175 3509 3224 in
3548 3191 3607 3226 eo

749 3262 964 3328 seripta“
1004 3263 1069 3313 A.
1092 3260 1157 3313 16
1192 3279 1243 3328 p.
1269 3261 1480 3312 8-10.
1517 3291 1582 3300 -—
1633 3264 1754 3314 cnm
1791 3263 1934 3314 dato:
1992 3263 2125 3314 1259
2162 3282 2192 3316 x
2227 3263 2331 3316 kal.
2366 3281 2481 3330 aug.
2518 3263 2752 3328 Anagnis
2787 3279 2838 3328 p.
2864 3280 2909 3313 a.
2935 3263 2987 3312 5.
3032 3261 3303 3328 originale,
3350 3263 3433 3312 eui
3474 3279 3609 3313 nnnc

752 3351 897 3403 deest
930 3349 1211 3417 plumbum,
1248 3351 1298 3400 in
1337 3350 1534 3402 archivo
1567 3351 1960 3418 Regimontano;
2000 3352 2128 3403 male
2165 3354 2245 3404 ed.
2270 3351 2394 3403 Livl.
2421 3352 2483 3402 U.
2502 3351 2561 3402 Β.
2588 3352 2629 3412 1,
2654 3351 2761 3401 431⁴
2794 3369 2845 3401 n.
2864 3351 2997 3410 341,
3034 3351 3172 3401 cuius
3208 3361 3379 3402 tamen
3418 3353 3607 3402 variam

749 3425 1014 3491 lectionem
1051 3439 1236 3506 quippe
1272 3457 1372 3491 non
1409 3440 1530 3490 satis
1566 3441 1826 3506 probatam
1862 3457 2117 3506 apponere
2154 3441 2538 3508 supersedimus.
2594 3442 2651 3492 In
2690 3439 2866 3492 eodem
2904 3439 3103 3490 archivo
3140 3439 3235 3488 trin
3272 3448 3607 3491 transsumta:

758 3529 803 3580 1.
842 3527 1116 3590 Gerhardi,
1163 3528 1563 3580 Pomesaniensis
1613 3529 1833 3594 episcopi
1881 3527 1930 3579 d.
1958 3527 2008 3579 d.
2044 3528 2331 3594 Resinburg
2367 3529 2502 3581 1419
2539 3547 2654 3595 aug.
2680 3529 2730 3580 9.
2766 3545 2808 3579 c.
2840 3527 2932 3593 sig.
2995 3526 3200 3578 Editum
3244 3528 3399 3579 etiam
3446 3529 3609 3594 apud:

753 3617 1054 3683 Dnialynaki
1088 3617 1227 3669 Lites
1263 3635 1322 3668 nc
1357 3635 1438 3668 res
1475 3627 1652 3683 gestae
1686 3618 1816 3667 inter
1850 3617 2067 3669 Polonos
2103 3618 2426 3684 ordinemque
2460 3619 2823 3668 cruciferorum.
2876 3617 3161 3667 Posnaniae
3189 3616 3341 3668 1855.
3379 3618 3422 3678 l,
3446 3619 3499 3668 b.
3524 3617 3609 3668 84„

756 3705 806 3757 2.
853 3705 1090 3758 Iohannis
1128 3705 1403 3758 Oulmensis
1449 3715 1500 3757 et
1537 3705 1788 3758 Gerhardi
1821 3707 2233 3757 Pomesaniensis
2280 3707 2625 3773 episcoporum
2670 3706 2719 3757 d.
2750 3707 2800 3758 d.
2850 3705 3195 3772 Schoenbergi
3234 3705 3365 3756 1421
3416 3724 3535 3758 nov.
3560 3707 3609 3757 5.

757 3794 807 3847 3.
845 3795 1081 3847 Iohannis
1115 3795 1518 3846 Pomesaniensis
1554 3795 1778 3861 episcopi
1812 3795 1862 3846 d.
1891 3795 1938 3846 d.
1976 3795 2279 3862 Risenburgi
2319 3795 2453 3846 1438
2490 3803 2618 3862 sept.
2643 3795 2711 3844 26
2747 3811 2859 3846 eum
2894 3795 2986 3860 sig.

765 3964 938 4036 608.
982 3965 1189 4047 (Inter
1229 3966 1407 4033 1258
1451 3965 1652 4031 decbr.
1685 3966 1773 4032 12
1818 3979 1877 4031 et
1916 3966 2091 4032 1259
2130 3967 2331 4031 decbr.
2358 3965 2499 4047 11.)
2566 3966 2929 4031 Alexander
2970 3964 3081 4032 IV
3114 3967 3338 4051 repetit.
3378 3989 3446 4029 π.
3478 3965 3605 4030 581

979 4075 1056 4139 de
1091 4073 1264 4138 1258
1306 4076 1474 4138 iunii
1514 4073 1576 4138 8.

977 4205 1338 4274 Alexander
1369 4213 1485 4272 etc.
1693 4205 1880 4272 Iustis
1924 4205 2269 4292 petentium
2321 4211 2435 4272 etc.
2514 4203 2747 4272 Datum
2795 4211 2907 4272 etc.
2958 4203 3359 4291 pontificatus
3408 4205 3609 4272 nostri

760 4333 924 4381 anno
971 4314 1208 4399 quinto.

767 4497 941 4570 609.
983 4501 1157 4568 1260
1201 4504 1487 4566 ianuarii
1513 4501 1597 4566 25
1645 4500 2001 4587 Anayniae.
2072 4501 2432 4566 Alea-ander
2463 4500 2509 4565 Ι
2512 4499 2571 4566 V
2607 4504 2827 4566 iterato
2882 4501 3201 4587 praelatos
3248 4515 3605 4580 commonet,

981 4631 1058 4674 ne
1105 4610 1345 4674 ordinis
1399 4608 1767 4675 Theutonici
1807 4609 2083 4674 homines
2121 4611 2497 4696 pecuniam
2531 4631 2743 4696 poena
2775 4610 3075 4694 puniant.

985 4749 1348 4816 Alexander
1401 4750 1730 4836 episcopus
1787 4769 2005 4816 servus
2050 4769 2367 4814 servorum
2417 4749 2518 4816 dei
2560 4748 3019 4816 venerabilibus
3062 4747 3365 4816 fratribus
3410 4749 3609 4816 archi-

766 4858 1075 4945 episcopis
1121 4862 1185 4923 et
1229 4857 1559 4943 episcopie,
1607 4856 1688 4921 ad
1733 4876 1886 4940 quos
1931 4855 2142 4922 littere
2184 4855 2304 4921 iste
2342 4856 2763 4941 pervenerint,
2808 4855 3075 4922 salutem
3104 4861 3169 4922 et
3198 4855 3605 4942 apostolicam

765 4964 1276 5032 benedictionem.
1478 4962 1718 5048 Dignos
1763 4963 2154 5050 plenitudine
2202 4963 2528 5049 apostolici
2574 4964 2808 5030 favoris
2840 4968 2903 5030 et
2931 4964 3133 5048 gratie
3160 4963 3423 5030 dilectos
3452 4963 3606 5030 filios
