3892 5609
1337 346 1730 397 Prummu
1777 344 2170 402 annnam
2434 314 2443 319 ⁶
2618 350 2633 361 ·
3031 338 3181 411 325

315 504 492 575 374.
533 506 714 575 1223
741 510 994 573 ianuar.
1022 506 1110 574 13
1141 506 1466 573 Laterani.
1517 508 1840 575 Honorius
1865 507 1985 573 III
2008 512 2233 595 repetit
2258 534 2321 573 n.
2338 510 2475 575 370
2504 512 2583 575 de
2602 511 2783 575 1223
2811 513 3061 577 ianuar.
3090 514 3151 578 5.
3176 476 3181 484 ·

531 646 848 714 Honorius
907 653 1024 715 etc.
1093 655 1100 661 '
1231 636 1355 715 ‘Ad
1412 649 1806 753 eripiendam
1861 654 1981 715 etc.
2072 649 2310 716 Datum
2363 648 2661 717 Laterani
2717 649 2860 719 idus
2915 654 3186 720 ianuarii

310 752 712 841 pontificatus
743 756 945 822 nostri
975 773 1139 821 anno
1171 756 1458 843 septimo.

317 974 492 1045 375.
535 978 715 1043 1223
745 980 994 1044 ianuar.
1021 980 1111 1047 13
1140 978 1464 1045 Laterani.
1513 977 1840 1044 Honorius
1865 978 1991 1045 III
2009 982 2230 1065 repetit
2256 1004 2322 1044 n.
2337 980 2472 1047 314
2502 982 2579 1045 de
2600 980 2774 1047 1221
2800 983 3053 1047 ianuar.
3071 982 3178 1048 16.

531 1118 848 1185 Honorius
894 1124 1010 1186 etc.
1237 1119 1396 1186 Cum
1444 1118 1686 1185 dilectis
1734 1124 1852 1185 cet.
1922 1119 2159 1186 Datum
2192 1118 2491 1186 Laterani
2532 1120 2675 1186 idus
2718 1122 2989 1189 ianuarii
3023 1141 3181 1208 pon-

239 1300 287 1307 -
309 1223 582 1291 tificatus
627 1226 830 1292 nostri
875 1246 1038 1292 anno
1085 1226 1376 1313 septimo.

315 1498 491 1569 376.
532 1502 710 1567 1223
747 1504 1000 1567 ianuar.
1031 1502 1116 1567 13
1144 1502 1469 1568 Laterani.
1530 1502 1856 1567 Honorius
1879 1500 2007 1568 III
2036 1504 2259 1589 repetit
2298 1526 2362 1567 n.
2388 1502 2523 1568 350
2554 1504 2630 1567 de
2660 1504 2834 1570 1221
2862 1506 3038 1590 febr.
3065 1507 3129 1571 5.

531 1640 846 1707 Honorius
892 1646 1008 1709 etc.
1232 1642 1373 1709 Etsi
1418 1643 1854 1709 universorum
1902 1648 2017 1709 etc.
2088 1643 2327 1710 Datum
2372 1640 2670 1709 Laterani
2713 1644 2855 1709 idus
2900 1644 3175 1711 ianuarii

309 1746 712 1833 pontificatus
757 1750 960 1815 nostri
1003 1769 1166 1816 anno
1213 1750 1502 1835 septimo.

313 1994 492 2066 377.
533 1996 712 2064 1223
740 2001 992 2063 ianuar.
1011 1999 1099 2065 13
1131 1997 1454 2065 Laterani.
1502 1998 1828 2064 Honorius
1853 1997 1979 2065 III
1998 2002 2223 2087 repetit
2252 2022 2313 2063 n.
2330 1998 2465 2064 320
2495 2002 2571 2065 de
2597 2000 2767 2067 1221
2800 2004 3053 2067 ianuar.
3068 2002 3174 2069 16.

530 2136 848 2205 Honorius
894 2144 1010 2206 etc.
1265 2139 1456 2207 Iustis
1501 2141 1848 2226 petentium
1895 2144 2014 2208 cet.
2095 2140 2332 2207 Datum
2378 2139 2677 2207 Laterani
2722 2140 2863 2206 idus
2908 2141 3178 2207 ianuarii

306 2244 710 2332 pontificatus
757 2247 957 2312 nostri
1003 2266 1168 2314 anno
1213 2248 1500 2332 septimo.

313 2499 490 2571 378.
533 2502 710 2568 1223
740 2506 992 2568 ianuar.
1007 2504 1097 2571 13
1126 2504 1450 2571 Laterani.
1501 2505 1828 2572 Honorius
1854 2504 1979 2570 III
1996 2510 2221 2593 repetit
2247 2530 2309 2571 n.
2326 2506 2459 2573 367
2500 2508 2578 2571 de
2611 2506 2791 2572 1222
2810 2506 2983 2590 febr.
3010 2508 3073 2571 5.

528 2642 843 2710 Honorius
891 2648 1006 2711 etc.
1235 2645 1566 2724 Querelam
1611 2666 1867 2731 gravem
1915 2650 2034 2714 etc.
2106 2647 2345 2714 Datum
2375 2646 2674 2714 Laterani
2719 2648 2860 2714 idus
2904 2647 3179 2713 ianuarii

307 2749 710 2839 pontificatus
756 2752 957 2819 nostri
999 2772 1164 2819 anno
1211 2754 1500 2840 septimo.

313 3024 490 3097 379.
530 3026 710 3093 1223
751 3030 1042 3093 ianuarii
1067 3030 1155 3095 16
1201 3028 1510 3095 Laterani
1553 3026 1666 3112 (qt'.
1703 3028 1880 3094 1223
1925 3028 2154 3114 aprilis
2197 3030 2261 3109 7,
2310 3029 2460 3095 iulii
2490 3028 2631 3109 31).
2705 3029 3033 3095 Honorius
3064 3028 3189 3096 III

532 3139 1062 3201 excommunic-am·
1101 3136 1288 3216 iubet,
1339 3138 1692 3222 quicunque
1701 3135 1970 3220 ‚fratres
2017 3137 2259 3200 ordinis
2313 3132 2683 3201 Theutoniei
2725 3139 3053 3224 capiendo,
3102 3138 3179 3202 de

532 3244 903 3326 equitaturis
949 3244 1318 3324 deiicienda,
1367 3243 1531 3308 aliae
1575 3242 1894 3307 inhoneste
1937 3244 2268 3307 tractando
2312 3243 2705 3309 violaverint.

529 3380 846 3449 Honorius
905 3383 1236 3470 episcopus
1292 3403 1510 3451 servus
1567 3402 1890 3449 servorum
1936 3380 2040 3449 dei
2101 3382 2561 3449 venerabilibus
2616 3383 2917 3450 fratribus
2975 3384 3178 3451 archi·

309 3489 625 3576 episcopis
671 3493 736 3555 et
781 3490 1092 3576 episcopis
1140 3495 1204 3556 et
1248 3490 1493 3556 dilectis
1536 3488 1685 3556 filiis
1735 3488 2086 3573 abbatibus,
2141 3490 2478 3575 prioribu3‚
2536 3487 3012 3574 archidiaconia,
3070 3492 3178 3558 de-

307 3597 483 3663 canis
531 3601 595 3662 et
640 3594 780 3661 aliis
827 3595 1229 3663 ecclesiarum
1276 3596 1570 3684 prelatiS,
1618 3596 1699 3662 ad
1745 3615 1900 3681 quos
1944 3595 2155 3662 littere
2200 3597 2321 3662 iste
2350 3598 2771 3682 pervenerint,
2816 3597 3084 3664 salutem
3116 3603 3179 3664 et

308 3703 715 3791 apostolicam
771 3701 1288 3770 benedictionem.
1514 3701 1664 3769 Paci
1721 3707 1786 3768 et
1829 3703 2027 3787 quieti
2080 3702 2514 3787 religiosorum
2574 3705 2853 3769 virorum
2907 3704 3176 3771 fratrum

317 3810 649 3895 hospitalis
705 3815 920 3877 sancte
963 3807 1164 3875 Marie
1209 3810 1734 3877 Theutonicornm
1783 3810 2267 3876 lerosolimitani
2325 3810 2667 3896 apostolica
2727 3829 2841 3876 nos
2887 3810 3180 3877 convenit

309 3916 733 3983 sollicitudine
778 3916 1111 4002 providere
1156 3921 1220 3983 et
1265 3920 1394 3982 tam
1442 3918 1612 4003 ipsos
1661 3937 1847 4002 quam
1897 3938 2113 3983 eorum
2161 3916 2327 3983 bona
2370 3922 2545 3983 tanto
2589 3916 2918 3983 sollicitius
2962 3937 3001 3982 a
3042 3938 3177 3983 ma-

305 4023 622 4107 lignorum
677 4024 1034 4092 incursibus
1091 4029 1156 4090 et
1211 4023 1450 4110 rapinis
1496 4029 1783 4090 tenemur
1828 4030 2187 4109 protegere,
2233 4029 2467 4110 quanto
2513 4044 2629 4109 pro
2674 4022 2797 4089 fide
2850 4023 3176 4091 christiani

307 4130 582 4197 nominis
625 4150 692 4196 se
737 4129 1232 4196 diuturnioribus
1278 4136 1602 4217 exponunt
1645 4129 1942 4217 periculis
1990 4136 2054 4198 et
2083 4130 2383 4197 adversus
2428 4150 2658 4217 pravas
2690 4136 2755 4196 et
2784 4134 3033 4196 exteras
3064 4152 3179 4197 na-

305 4238 510 4303 tiones
551 4236 800 4303 labores
846 4237 1115 4303 subeunt
1158 4237 1496 4321 graviores
1569 4236 1721 4303 Inde
1767 4244 1883 4321 est,
1930 4237 2097 4322 quod
2141 4243 2271 4305 tam
2306 4238 2501 4303 fortes
2533 4236 2768 4304 Christi
2806 4236 3072 4304 athletas
3110 4238 3177 4304 in

307 4364 422 4410 suo
479 4350 694 4409 sancto
749 4345 1074 4431 proposito
1131 4344 1410 4411 volentes
1471 4344 1771 4410 attentius
1829 4346 2192 4428 confovere,
2255 4344 2335 4410 ad
2380 4344 2805 4410 defensionem
2862 4344 2961 4409 sui
3006 4344 3177 4410 solli·

290 4450 648 4519 citudinem
687 4456 960 4517 vestram
995 4450 1288 4517 duximus
1335 4451 1874 4534 commonendam,
1921 4456 1995 4517 ut
2036 4452 2240 4535 magis
2287 4470 2360 4517 ac
2404 4451 2607 4534 magis
2645 4452 2891 4536 possint
2921 4450 3001 4517 ad
3032 4470 3177 4537 pro·

307 4558 684 4625 movendum
731 4559 1146 4644 propositum,
1196 4558 1362 4643 quod
1408 4564 1832 4643 sumpserunt,
1880 4558 2225 4641 intendere,
2284 4578 2424 4625 cum
2478 4557 2715 4624 fuerint
2759 4557 3178 4624 sollicitudine

305 4665 695 4753 prelatorum
757 4664 1016 4732 ecclesie
1061 4687 1098 4731 a
1145 4665 1562 4749 malignorum
1619 4660 2071 4750 inquietatione
2118 4666 2340 4732 securi.
2409 4664 2737 4731 Monemus
2781 4666 2993 4748 itaque
3037 4665 3178 4730 uni-

308 4774 672 4839 versitatem
707 4776 978 4837 vestram
1028 4776 1215 4857 atque
1257 4772 1659 4858 precipimus,
1709 4772 2025 4856 quatinus,
2072 4774 2126 4838 si
2173 4772 2423 4857 quando
2470 4773 2682 4839 clerici
2724 4771 2827 4838 vel
2855 4771 3003 4838 laici
3030 4792 3177 4857 par·

305 4878 590 4945 rochiani
634 4880 828 4945 vestri
872 4878 942 4944 in
988 4878 1259 4964 aliquem
1305 4879 1727 4965 predictorum
1767 4880 2035 4948 fratrum
2068 4880 2371 4965 capiendo
2403 4880 2502 4948 vel
2534 4880 2611 4945 de
2642 4880 2773 4945 suis
2805 4877 3177 4963 equitaturis

235 5058 253 5069 ,
308 4984 631 5053 deiciendo
691 4990 801 5053 aut
858 4984 1016 5052 alias
1071 4985 1402 5055 inhoneste
1457 4986 1786 5053 tractando
1843 4986 2151 5053 violentas
2196 4984 2421 5054 'manus
2468 4987 2765 5073 iniciunt,
2820 4986 3179 5056 huiusmodi
