3892 5609
691 340 842 412 222
1667 354 1969 403 pausem.
2039 352 2226 403 Nova
2270 354 2587 403 manem

3096 436 3115 469 0

690 516 873 577 acuto
918 511 1142 577 dextro
1199 510 1278 577 ad
1335 510 1632 595 angulum
1692 512 1987 579 obtusum
2044 513 2373 580 sinistrum
2429 518 2816 599 protractus,
2874 514 2944 579 in
2990 532 3113 600 quo
3168 512 3369 597 figure
3424 518 3561 579 tres

689 623 992 685 testarum
1041 616 1417 685 concharum
1461 619 1528 683 in
1575 616 1960 685 Theottmieo
2005 618 2255 703 vulgari
2308 619 2731 704 mosechelen,
2790 627 2855 685 et
2904 619 3021 685 hee
3062 619 3277 687 littere
3320 620 3389 686 in
3434 620 3563 687 cir-

688 725 1110 791 cumferencia
1153 724 1472 791 circulari:
1525 723 1889 811 „Secretum
1935 724 2147 793 Iacobi
2192 726 2293 793 dei
2337 727 2552 811 gracia
2603 723 3059 811 archiepiscopi
3104 724 3555 793 Treverensis“

684 838 759 897 ut
801 830 1132 898 videbatur
1177 832 1587 917 apparebant,
1634 832 1915 915 sequitur
1962 832 2039 898 de
2083 832 2291 911 verbo⁸
2323 832 2403 899 ad
2449 832 2711 900 verbum
2756 837 2823 898 et
2864 836 2961 898 est
3004 831 3185 898 talis:

1009 938 1095 1023 (p.
1130 938 1309 1019 340.)
1375 935 1513 1004 Wir
1541 936 1741 1004 Jacob
1783 958 1910 1004 von
1952 942 2093 1023 gots
2138 938 2385 1023 gnaden
2431 940 2543 1005 der
2584 938 2857 1022 heiligen
2900 938 3161 1006 kirchen
3208 958 3327 1006 zcu
3370 938 3555 1006 Trier

1005 1040 1446 1111 ertzbisschoff
1481 1048 1596 1110 etc.
1645 1044 1724 1109 de
1771 1045 1946 1109 1444
1990 1050 2149 1131 sept.
2186 1046 2266 1111 21
2318 1047 2538 1132 (supra
2580 1066 2644 1111 n.
2678 1044 2853 1126 221).

1111 1149 1317 1216 Intus:
1364 1147 1502 1216 Wir
1544 1149 1595 1215 F
1597 1149 1834 1216 ridrich
1890 1170 2012 1217 von
2066 1156 2245 1236 gotes
2298 1153 2547 1235 gnaden
2591 1151 2957 1219 Romischer
3011 1150 3252 1234 konigk
3306 1155 3427 1217 etc.
3472 1149 3556 1217 de

1331 1256 1503 1320 1444
1547 1261 1705 1341 sept.
1745 1258 1828 1321 14
1875 1258 2096 1343 (supra
2137 1279 2201 1323 n.
2234 1259 2409 1340 217).

1111 1361 1320 1428 Intus:
1367 1359 1505 1428 Wir
1533 1361 1870 1428 Frederich
1915 1364 2030 1430 der
2061 1363 2219 1431 elter
2249 1369 2365 1430 etc.
2401 1364 2479 1431 de
2512 1364 2683 1429 1443
2730 1368 2850 1430 oct.
2881 1366 2965 1430 16
3010 1363 3232 1451 (supra
3273 1384 3340 1429 n.
3374 1362 3555 1443 216).

689 1468 896 1533 Tenor
944 1472 1152 1533 autem
1197 1472 1416 1535 octave
1459 1468 1672 1534 littere
1715 1470 1916 1535 eciam
1960 1470 2435 1537 ratihabicionis
2479 1470 2905 1557 predictorum
2942 1470 3095 1537 dicti
3140 1468 3559 1537 illustrissimi

687 1573 992 1660 principis
1039 1577 1103 1639 et
1146 1573 1384 1640 domini
1412 1573 1718 1641 Ludovici
1763 1575 1939 1642 ducis
1969 1576 2256 1661 Bavarie,
2302 1577 2551 1643 comitis
2596 1576 2862 1663 palatini
2900 1576 3059 1643 Reni
3103 1596 3178 1644 ac
3220 1575 3387 1643 sacri
3429 1574 3557 1641 im-

685 1680 848 1767 perii
893 1680 1200 1764 electoris,
1247 1682 1382 1747 eius
1413 1700 1561 1747 vero
1605 1682 1811 1765 sigillo
1842 1683 1923 1750 de
1953 1701 2099 1751 cera
2125 1682 2323 1751 rubea
2362 1684 2431 1749 in
2472 1682 2733 1770 capsula
2773 1683 3047 1751 rotunda
3089 1684 3169 1751 de
3206 1702 3355 1749 cera
3382 1700 3557 1747 com-

585 1830 611 1845 1
687 1788 866 1853 muni
907 1788 978 1853 in
1017 1787 1144 1854 filis
1189 1788 1445 1855 sericeis
1488 1786 1674 1855 flavei
1719 1788 1969 1873 albique
2014 1788 2291 1855 colorum
2337 1789 2743 1875 impendente
2784 1790 3095 1876 impresso
3138 1788 3433 1873 sigillato,
3484 1789 3555 1853 in

687 1892 864 1961 cuius
909 1894 1100 1977 sigilli
1147 1893 1475 1980 superficie
1519 1901 1650 1962 tres
1693 1895 1912 1981 clipei,
1968 1915 2129 1962 unus
2176 1916 2215 1961 a
2259 1895 2529 1979 dextris,
2585 1897 2652 1961 in
2700 1916 2821 1982 quo
2864 1896 3067 1963 leonis
3110 1894 3344 1980 figura,
3390 1894 3555 1961 alter

689 2020 729 2067 a
763 2001 1056 2084 sinistris,
1101 2000 1170 2065 in
1215 2020 1339 2085 quo
1382 1999 1581 2083 figure
1625 2022 1963 2068 cuneorum
2012 2022 2121 2068 seu
2168 2008 2473 2085 rutarum,
2520 2022 2785 2087 quorum
2832 2001 3027 2087 aliqui
3072 2000 3380 2087 equaliter
3408 2000 3550 2067 .ele-

685 2108 819 2173 vati
864 2112 927 2174 et
972 2107 1080 2173 alii
1125 2106 1432 2192 equaliter
1477 2106 1759 2193 depressi
1803 2127 1919 2194 per
1962 2108 2338 2175 indirectum
2380 2108 2685 2194 protensi,
2730 2110 2897 2175 inter
2942 2128 3099 2194 quos
3144 2107 3383 2194 clipeos
3422 2112 3556 2175 ter-

687 2214 822 2280 cius
867 2213 1096 2297 angulo
1144 2218 1326 2279 acuto
1373 2214 1628 2280 sinistro
1675 2212 1955 2281 elevatus
2003 2219 2069 2281 et
2110 2234 2253 2281 cum
2300 2214 2527 2298 angulo
2564 2214 2787 2283 dextro
2832 2214 3411 2282 circumferenciam
3456 2218 3557 2279 at—

685 2320 936 2403 tingens
981 2319 1207 2407 planus
1222 2369 1241 2404 ,
1285 2319 1354 2387 in
1401 2319 1578 2386 cuius
1621 2319 1830 2386 medio
1878 2319 2145 2405 quedam
2192 2322 2551 2388 concavitas
2595 2326 2661 2388 et
2704 2322 2971 2405 angulus
3016 2320 3279 2389 obtusus
3322 2338 3555 2407 parum

689 2426 988 2510 elevatus,
1043 2446 1238 2512 supra
1283 2425 1596 2511 predictos
1642 2424 1876 2512 clipeos
1922 2426 2103 2509 galea
2147 2431 2393 2493 tectura
2434 2427 2751 2511 redimita,
2804 2448 2999 2515 supra
3042 2446 3233 2513 quam
3280 2446 3397 2513 pro
3438 2444 3557 2509 ga-

686 2531 834 2599 leali
881 2533 1060 2616 signo
1105 2530 1308 2615 figura
1349 2531 1550 2598 leonis
1595 2537 1805 2598 erecta
1847 2538 1912 2599 et
1956 2538 2256 2599 coronata
2310 2534 2573 2619 pedibus
2618 2533 2865 2617 galeam
2910 2539 3129 2601 tenens
3174 2539 3241 2600 et
3284 2532 3555 2599 caudam

687 2640 756 2704 in
801 2637 986 2705 dorso
1033 2639 1349 2722 deferens,
1403 2641 1468 2704 et
1510 2639 1626 2704 hee
1673 2637 1882 2707 littere
1925 2640 1995 2705 in
2039 2639 2259 2706 cedula
2302 2640 2381 2705 ab
2428 2640 2564 2706 acie
2607 2640 2831 2707 dextra
2872 2640 3061 2726 clipei
3104 2638 3411 2707 dextralis
3452 2640 3555 2705 in-

685 2746 962 2832 cipiente
1017 2765 1215 2829 usque
1273 2744 1354 2810 ad
1407 2744 1979 2811 circumferenciam
2036 2746 2693 2813 circumferencialiter
2750 2746 3091 2813 circuiente
3157 2752 3223 2814 et
3282 2745 3551 2813 eundem

687 2850 991 2920 circulum
1035 2852 1452 2917 intersecante
1499 2856 1563 2917 et
1605 2851 2019 2937 protendente
2064 2854 2243 2937 quasi
2298 2852 2376 2918 ad
2424 2851 2720 2936 angulum
2768 2858 3019 2920 acutum
3066 2854 3392 2919 sinistrum
3438 2850 3553 2918 cli-

685 2958 793 3047 pei
837 2957 1206 3024 sinistralis:
1255 2956 1320 3023 S.
1352 2955 1656 3023 Ludovici
1703 2958 1804 3023 dei
1849 2959 2065 3040 gracia
2108 2960 2355 3025 comitis
2401 2958 2668 3045 palatini
2703 2958 2863 3025 Reni
2908 2959 3071 3026 sacri
3114 2957 3387 3024 Romani
3429 2956 3554 3022 im-

685 3064 849 3153 perii
903 3063 1347 3149 archidapiferi
1403 3068 1467 3155 et
1506 3063 1776 3130 Bavarie
1832 3063 2009 3130 ducis
2055 3066 2100 3130 4
2130 3066 2171 3130 2
2202 3064 2245 3131 d
2274 3074 2335 3131 θ’·
2366 3066 2407 3130 2
2464 3070 2536 3131 ut
2588 3064 2917 3133 videbatur
2970 3064 3395 3151 apparebant,
3450 3082 3551 3129 se—

687 3173 900 3258 quitur
945 3172 1022 3237 de
1067 3170 1258 3236 verbo
1303 3170 1383 3235 ad
1427 3170 1688 3237 verbum
1741 3176 1804 3237 et
1849 3175 1945 3237 est
1989 3170 2163 3237 talis:

1004 3277 1143 3346 Wir
1184 3275 1447 3359 Lodwig
1490 3297 1614 3343 von
1658 3281 1834 3360 gotes
1877 3277 2129 3361 gnaden
2180 3275 2547 3363 pfaltzgraff
2592 3276 2695 3344 bei
2738 3277 2897 3343 Rein
2942 3283 3057 3345 etc.
3106 3277 3167 3343 d.
3202 3276 3263 3342 d.
3296 3274 3551 3343 Heidel-

1004 3385 1158 3468 berg
1208 3384 1380 3447 1444
1425 3387 1544 3449 oct.
1583 3385 1664 3449 13
1711 3384 1930 3470 (supra
1976 3404 2039 3449 n.
2074 3384 2251 3463 222).
3567 3380 3573 3387 ’

1109 3490 1319 3556 Intus:
1365 3487 1503 3556 Wir
1547 3488 1835 3556 Fridrieh
1891 3480 2015 3556 v'on
2071 3494 2250 3574 gotes
2307 3488 2557 3573 gnaden
2600 3488 2965 3556 Romischer
3010 3488 3248 3573 koning
3304 3492 3425 3556 etc.
3470 3488 3552 3555 de

1328 3596 1501 3660 1444
1547 3604 1706 3682 sept.
1743 3596 1828 3661 14
1873 3596 2095 3683 (supra
2136 3617 2199 3664 n.
2234 3597 2409 3679 217).

1109 3702 1320 3770 Intus:
1366 3701 1506 3770 wir
1532 3702 1868 3769 Frederich
1913 3703 2027 3769 der
2058 3703 2219 3770 alter
2248 3708 2363 3770 etc.
2399 3704 2478 3769 de
2509 3704 2681 3769 1443
2728 3708 2847 3769 oct.
2877 3703 2961 3767 16
3008 3700 3229 3788 (supra
3270 3722 3337 3767 n.
3370 3702 3547 3781 216).

687 3808 894 3875 Tenor
947 3827 1096 3875 vero
1153 3828 1318 3875 none
1371 3808 1582 3876 littere
1643 3810 1842 3876 eciam
1903 3809 2377 3876 ratihabicionis
2444 3808 2871 3895 predictorum
2928 3808 3080 3874 dieti
3133 3806 3553 3873 illustrissimi

686 3915 994 4002 principis
1040 3920 1104 3981 et
1148 3914 1406 4000 domini,
1455 3914 1694 3981 domini
1735 3914 2042 3982 Friderici
2089 3915 2264 3982 ducis
2298 3915 2570 3982 Saxonie
2616 3935 2691 3981 ac
2734 3914 2893 3980 sacri
2942 3914 3193 4000 imperii
3240 3912 3549 3997 electoris,

687 4022 822 4087 eius
868 4040 1016 4088 vero
1075 4020 1281 4105 sigillo
1340 4021 1418 4088 de
1473 4040 1618 4088 cera
1671 4020 1868 4087 rubea
1921 4022 1991 4088 in
2036 4021 2297 4108 capsula
2338 4020 2611 4088 rotunda
2653 4020 2732 4087 de
2777 4039 2923 4087 cera
2970 4020 3291 4087 communi
3344 4019 3551 4103 glauci

686 4126 912 4193 coloris
955 4128 1024 4193 in
1071 4147 1232 4193 zona
1275 4127 1470 4193 rubea
1499 4128 1737 4193 sericea
1764 4128 2171 4214 impendente
2202 4130 2511 4213 impresso
2542 4126 2833 4210 sigillate,
2878 4128 2947 4192 in
2984 4126 3162 4192 cuius
3204 4124 3400 4211 sigilli
3444 4146 3549 4191 su-

684 4232 940 4320 perficie
971 4238 1238 4317 quatuor
1266 4233 1642 4299 semicirculi
1685 4235 1754 4299 in
1799 4235 2303 4301 extremitatibus
2334 4254 2401 4300 se
2432 4232 2883 4317 contingentes,
2928 4232 3001 4298 in
3030 4252 3295 4317 quorum
3340 4232 3548 4297 medio

687 4338 962 4425 quinque
1006 4338 1214 4426 clipei,
1259 4360 1422 4406 unus
1467 4340 1534 4405 in
1578 4340 1972 4409 semicirculo
2018 4341 2349 4427 superiori,
2394 4340 2464 4405 in
2494 4360 2617 4425 quo
2651 4339 2855 4405 forme
2884 4338 3149 4405 duorum
3194 4337 3547 4421 gladiorum

682 4445 1020 4513 manubria
1044 4466 1264 4513 versus
1297 4446 1556 4530 angulos
1589 4447 1842 4513 obtusos
1890 4453 1955 4514 et
1985 4447 2229 4514 acucies
2258 4466 2478 4513 versus
2520 4445 2783 4529 angulos
2827 4449 3045 4512 acutos
3086 4444 3391 4511 habentes
3435 4464 3549 4529 per

683 4552 940 4620 modum
985 4553 1188 4620 crucis
1231 4573 1302 4619 se
1342 4553 1814 4635 intersecantes,
1859 4552 1926 4618 in
1972 4551 2363 4621 semicirculo
2393 4572 2543 4619 vero
2574 4571 2791 4619 versus
2823 4551 3115 4619 dextrum
3158 4552 3393 4617 iterum
3436 4550 3547 4617 cli·

681 4680 861 4747 peus,
906 4659 974 4724 in
1005 4679 1127 4745 quo
1155 4659 1356 4726 leonis
1391 4659 1596 4726 forma
1640 4660 1832 4746 pedes
1879 4680 2129 4726 sursum
2176 4664 2241 4727 et
2268 4660 2523 4725 dorsum
2555 4658 2847 4724 deorsum
2880 4657 3201 4742 vertentis,
3245 4657 3315 4724 in
3360 4656 3545 4723 semi-

682 4766 915 4833 circulo
961 4766 1155 4832 tercio
1199 4766 1483 4833 inferiori
1526 4767 1758 4832 iterum
1803 4765 2074 4853 clipeus,
2133 4767 2201 4832 in
2246 4784 2369 4852 quo
2420 4763 2624 4847 figura
2676 4764 2883 4849 aquile
2940 4764 3217 4831 extensis
3272 4762 3423 4847 alis,
3476 4764 3543 4829 in

683 4871 1075 4939 semicirculo
1135 4876 1342 4937 autem
1402 4878 1626 4956 quarte
1685 4880 1754 4947 et
1790 4894 2011 4940 versus
2068 4872 2395 4939 sinistrum
2450 4872 2681 4938 iterum
2738 4870 3010 4955 clipeus,
3064 4870 3131 4936 in
3176 4888 3301 4955 quo
3346 4868 3547 4953 figura

622 5058 638 5070 .
680 4977 881 5045 leonis
925 4977 1118 5064 pedes
1163 4977 1456 5045 deorsum
1502 4983 1567 5045 et
1611 4980 1866 5047 dorsum
1899 4998 2151 5047 sursum
2183 4984 2453 5063 vertens,
2498 4978 2567 5044 in
2612 4976 2821 5044 medio
2866 4982 3073 5045 autem
3120 4976 3543 5071 predictorum
