3892 5609
705 329 852 400 196
1343 328 1348 335 ’
1677 341 1981 391 Pnnssm.
2052 339 2240 387 nova
2284 306 2600 387 machia

695 499 955 585 impune
985 498 1222 566 Christi
1265 519 1497 567 nomen
1541 500 2073 586 impugnaverint,
2119 496 2398 581 gloriari.
2477 496 2683 575 Quum
2730 502 2939 563 autem
2984 496 3185 563 multa
3228 498 3567 564 necessitas

698 606 930 690 exigat,
977 611 1050 672 ut
1093 606 1244 672 illuc
1287 604 1568 673 fidelium
1613 607 1964 673 subsidium
2010 604 2513 689 transmittatur,
2570 608 2633 670 et
2678 604 2937 687 dignum
2984 606 3097 688 sit,
3156 610 3227 671 ut
3270 604 3341 670 in
3394 608 3567 670 tanto

695 714 956 796 negocio
999 713 1360 780 laborantes
1392 713 1604 779 debita
1633 734 1749 799 pro
1780 714 1996 779 labore
2026 711 2343 797 stipendia
2376 716 2857 795 consequantur,
2906 716 3215 795 quatenus
3244 710 3569 794 libencius,

698 820 902 887 securi
961 820 1041 887 de
1100 819 1553 903 retribucione,
1615 821 1995 906 procedant3
2051 838 2199 902 noS,
2257 818 2335 884 de
2384 818 2831 903 omnipotentis
2876 817 2979 884 dei
3022 816 3459 885 misericordia
3510 820 3574 883 et

697 926 1025 993 beatorum
1071 926 1247 993 Petri
1305 932 1369 993 et
1417 926 1602 993 Pauli
1659 927 2087 1012 apostolorum
2144 926 2279 991 eius
2338 924 2713 991 auctoritate
2770 922 2989 991 confisi
3044 929 3177 991 tam
3234 924 3325 991 eis
3387 943 3573 1007 quam

700 1033 842 1100 aliis
888 1034 1167 1100 eiusdem
1212 1032 1501 1117 Polonie,
1557 1033 1665 1118 qui
1709 1033 1989 1101 laborem
2046 1032 2240 1098 istum
2294 1031 2365 1096 in
2422 1032 2699 1118 propriis
2754 1031 3042 1117 personis
3100 1031 3433 1097 subierunt
3476 1028 3575 1095 vel

699 1142 1015 1226 expensis,
1063 1146 1128 1206 et
1173 1140 1285 1223 eiS,
1334 1140 1444 1224 qui
1487 1140 1557 1205 in
1604 1140 1826 1206 alienis
1873 1140 2169 1226 expensis
2199 1138 2349 1204 illuc
2394 1144 2794 1215 accesserunt
2834 1138 3067 1204 ibidem
3102 1137 3185 1203 ad
3216 1138 3430 1203 minus
3459 1157 3575 1223 per

697 1246 883 1313 unius
917 1246 1066 1312 anni
1097 1247 1377 1333 spacium
1413 1248 1732 1330 servituri,
1777 1266 1890 1315 seu
1916 1247 2065 1331 illis,
2112 1246 2219 1330 qui
2252 1245 2330 1311 ad
2361 1245 2846 1311 subvencionem
2876 1244 3151 1311 fidelium
3186 1243 3266 1310 de
3294 1244 3575 1330 propriis

697 1351 1100 1418 facultatibus
1158 1352 1637 1437 ministrabunt,
1707 1356 1887 1420 iuxta
1942 1352 2356 1440 quantitatem
2418 1351 2683 1418 subsidii
2742 1356 2805 1417 et
2860 1350 3218 1417 devocionis
3280 1350 3578 1417 affectum
3647 1429 3656 1438 .

697 1463 1099 1543 peccatorum
1153 1479 1411 1525 suorum
1469 1460 1716 1525 veniam
1773 1460 1936 1528 sicut
1991 1460 2283 1526 euntibus
2334 1457 2761 1525 Ierosolimam
2824 1456 3241 1541 indulgemus,
3334 1456 3577 1524 Datum

699 1563 1110 1643 Viterbiiviii
1139 1565 1444 1633 kalendas
1489 1568 1704 1633 martii
1751 1565 2153 1654 pontificatus
2199 1564 2401 1631 nostri
2446 1584 2610 1629 anno
2655 1584 2841 1630 nono.

912 1686 1172 1753 originale
1207 1706 1320 1739 oum
1354 1688 1494 1740 bulla
1539 1688 1778 1755 plumbea
1799 1690 2041 1763 possidet
2076 1706 2121 1739 r.
2150 1688 2211 1739 cl.
2248 1686 2568 1753 praepositus
2608 1686 2919 1739 Gnesnensis
2956 1686 3037 1737 dr:
3058 1684 3417 1747 Zienkiewiez3
3458 1702 3575 1737 mo-

697 1793 812 1827 cum
847 1775 1227 1827 communicavit
1259 1794 1307 1827 v.
1333 1775 1394 1827 ol.
1423 1776 1740 1843 Grfinhagen
1775 1777 2065 1844 praefectus
2100 1776 2301 1827 archivo
2326 1776 2467 1841 regio
2504 1774 2640 1849 quod
2675 1784 2754 1826 est
2776 1774 3146 1826 Wratislaviae.
3198 1774 3399 1825 Bullam
3434 1777 3575 1826 eins-

699 1864 816 1915 dem
839 1864 1028 1915 tenoris
1054 1863 1230 1915 codem
1255 1864 1338 1915 die
1375 1864 1442 1916 ad
1478 1866 1698 1932 priorem
1733 1874 1786 1916 et
1819 1866 2004 1916 fratres
2030 1865 2216 1917 ordinis
2253 1864 2657 1930 praedicatorum
2691 1863 2743 1913 in
2768 1862 3012 1914 Bohemia
3036 1863 3333 1915 constitutos
3368 1864 3579 1915 exhibet

695 1952 973 2003 Bullatium
1008 1953 1389 2004 Dominicanum
1425 1953 1468 2015 Ι,
1505 1954 1572 2004 83
1617 1952 1796 2004 CXLV
1833 1971 1894 2004 ex
1931 1954 2226 2020 apographo
2270 1953 2323 2003 in
2360 1952 2561 2003 archivo
2599 1952 2785 2003 ordinis
2830 1958 3116 2013 asservato;
3162 1951 3251 2002 ubi
3296 1952 3447 2003 etiam
3490 1952 3573 2003 le-

697 2040 833 2107 gitur
856 2040 1102 2107 originale
1125 2040 1363 2093 Brunnae
1399 2041 1452 2093 in
1475 2040 1705 2093 Moravia
1728 2058 1860 2094 esse.
2006 2041 2055 2093 1.
2090 2042 2212 2108 Sap.
2236 2040 2318 2103 11,
2344 2040 2430 2092 25.
2574 2040 2625 2091 2.
2662 2040 2748 2091 Ps.
2772 2038 2874 2090 144
2900 2039 3065 2105 (145),
3096 2038 3178 2091 18.
3320 2038 3372 2091 3.
3406 2057 3574 2092 erens.

703 2270 879 2342 204.
923 2273 1110 2340 1237
1137 2277 1362 2339 martii
1385 2274 1440 2339 8
1482 2270 1776 2341 Gamhin.
1851 2272 2200 2353 conradus,
2248 2272 2581 2337 Masoviae
2610 2274 2763 2352 dum,
2812 2274 3115 2358 Μαρίαν-ο
3162 2286 3222 2338 et
3244 2272 3573 2359 fratribus

923 2380 1166 2446 ordinis
1213 2382 1534 2467 quondam
1578 2382 2001 2447 Dobrinensis
2048 2381 2243 2445 donat
2286 2392 2560 2444 castrum
2603 2379 2975 2485 Drohiczizz.

921 2519 1082 2587 Cum
1123 2522 1468 2588 secundum
1515 2519 1870 2607 apostolum
1901 2520 2240 2587 debeamus
2272 2520 2439 2586 diem
2469 2520 2801 2586 messionis
2833 2525 3113 2587 extreme
3142 2520 3575 2587 misericordie

697 2626 990 2713 operibus
1036 2628 1388 2714 prevenire,
1442 2633 1514 2694 ut
1557 2648 1673 2714 pro
1719 2628 2137 2695 transsitoriis
2183 2627 2443 2692 heredes
2489 2626 2627 2692 fleri
2670 2620 3028 2693 mereamur
3070 2628 3279 2714 patrie
3324 2647 3575 2714 perma-

695 2733 926 2817 nentis,
971 2734 1326 2801 innotescat
1371 2734 1768 2820 presentibus
1815 2740 1879 2801 et
1921 2734 2173 2817 futuris,
2232 2734 2397 2817 quod
2442 2752 2555 2816 ego
2603 2733 2977 2815 C(onradus)
3024 2734 3433 2800 miseratione
3477 2733 3575 2799 di-

696 2840 848 2905 vina
898 2840 1026 2905 dux
1073 2839 1359 2907 Mazovie
1414 2832 1478 2907 et
1521 2840 1780 2925 Cuiavie
1848 2861 1991 2907 cum
2050 2840 2369 2907 communi
2424 2858 2731 2905 consensu
2788 2845 2853 2905 et
2906 2840 3191 2906 unanimi
3250 2839 3575 2907 voluntate

694 2944 968 3012 filiorum
1014 2966 1318 3031 meorum,
1369 2947 1659 3015 videlicet
1701 2946 2024 3029 B(oleslai)
2072 2947 2247 3013 ducis
2292 2945 2609 3029 Mazovie,
2666 2945 3017 3028 K(asimiri)
3063 2946 3240 3013 ducis
3288 2946 3573 3032 Quyavie

695 3072 940 3118 necnon
998 3052 1262 3119 aliorum
1321 3054 1586 3119 duorum
1640 3054 2015 3135 S(emowiti)
2075 3057 2139 3118 et
2193 3052 2366 3134 Z(em
2376 3054 2605 3136 omisli)
2665 3054 2977 3119 iuniorum
3038 3073 3154 3140 pro
3211 3058 3572 3119 nostrarum

693 3158 971 3225 remedio
1018 3160 1372 3227 animarum
1403 3161 1782 3227 conferimus
1829 3167 1895 3227 et
1922 3161 2227 3227 donamus
2270 3160 2575 3243 magistro
2606 3156 2967 3241 B(runoni)¹
2998 3166 3062 3225 et
3100 3160 3405 3226 fratribus
3440 3160 3573 3226 suis

698 3266 937 3332 ordinis
1004 3266 1276 3332 militum
1334 3267 1570 3333 Christi
1626 3268 1850 3333 domus
1919 3267 2233 3351 quondam
2291 3266 2707 3333 Dobrinensis
2774 3272 3051 3333 castrum
3104 3266 3453 3333 Drochicin
3512 3272 3579 3333 et

695 3378 899 3439 totum
943 3374 1354 3459 territorium,
1403 3375 1569 3459 quod
1615 3394 1696 3441 ex
1726 3375 1944 3441 eadem
1976 3379 2158 3460 parte
2190 3374 2381 3440 castri
2416 3374 2771 3439 continetur
2802 3394 2841 3439 a
2872 3374 3210 3441 medietate
3238 3372 3577 3449 fluminum

695 3478 836 3563 Bug
881 3486 944 3546 et
987 3480 1123 3546 Nur
1167 3502 1366 3565 usque
1413 3482 1496 3547 ad
1545 3487 1746 3548 metas
1793 3481 2225 3547 Ruthenorum
2284 3479 2457 3546 salvo
2518 3480 2653 3546 iure
2713 3480 2972 3547 ecclesie
3032 3480 3453 3546 Mazoviensis
3511 3485 3578 3546 et

696 3586 1023 3670 nobilium,
1070 3587 1125 3652 si
1157 3588 1307 3671 quid
1337 3589 1404 3653 in
1434 3589 1734 3674 predictis
1763 3587 2124 3654 fluminibus
2155 3588 2457 3653 hactenus
2488 3586 2861 3671 habuerunt,
2899 3608 3040 3653 cum
3073 3588 3245 3653 omni
3278 3588 3577 3653 districtu

698 3698 762 3761 et
806 3693 1060 3776 honore,
1108 3695 1477 3778 castoribus,
1522 3694 1907 3777 fluminibus,
1954 3694 2235 3779 lacubuS,
2284 3694 2585 3777 saltubuS,
2634 3693 2923 3760 theloneo
2954 3694 3021 3760 in
3056 3695 3199 3779 ipso
3230 3693 3577 3760 Drochicin

697 3799 776 3865 de
819 3800 1085 3866 navibus
1131 3801 1265 3866 sive
1310 3801 1389 3866 de
1445 3801 1730 3867 curribus
1783 3808 1850 3868 et
1904 3821 2047 3867 cum
2106 3802 2277 3866 omni
2331 3802 2499 3885 iure,
2572 3801 2738 3885 quod
2804 3800 3237 3887 supradictum
3293 3805 3577 3867 castrum

696 3906 978 3972 noscitur
1021 3906 1324 3973 hactenus
1368 3908 1684 3992 habuisse,
1730 3908 1868 3974 iure
1911 3907 2290 3974 hereditario
2338 3912 2643 3993 perpetuo
2690 3908 3159 3991 possidendum,
3207 3912 3279 3973 ut
3320 3906 3575 3973 Christo

697 4011 812 4078 sub
862 4012 1100 4079 ordinis
1147 4014 1246 4079 sui
1291 4014 1502 4079 debito
1555 4014 1900 4081 militantes
1949 4014 2027 4080 ab
2073 4014 2379 4079 instantia
2435 4034 2824 4099 paganorum
2880 4014 3221 4080 defendant
3266 4014 3573 4099 populum

697 4118 1128 4185 christianum.
1177 4120 1351 4185 Idem
1374 4142 1523 4187 vero
1547 4120 1834 4204 B(runo),
1856 4119 2149 4186 videlicet
2171 4121 2473 4202 magister
2496 4121 2733 4186 ordinis
2756 4120 3077 4202 antedicti,
3102 4140 3245 4185 cum
3268 4120 3573 4186 fratribus

697 4224 878 4291 nobis
925 4231 990 4292 et
1031 4226 1265 4293 nostris
1294 4216 1442 4293 filiis
1484 4228 1910 4313 promiserunt
1956 4228 2252 4313 precipue
2282 4227 2426 4293 duci
2456 4226 2742 4293 Mazovie
2771 4227 2871 4292 ius
2902 4231 3272 4311 patronatus
3302 4225 3577 4293 fideliter

697 4331 1052 4417 observare,
1102 4334 1413 4418 prefatam
1447 4354 1692 4419 quoque
1721 4339 1978 4417 terram,
2026 4332 2266 4399 scilicet
2294 4332 2668 4417 Mazoviam,
2715 4354 2845 4399 una
2873 4332 3199 4399 nobiscum
3236 4334 3575 4401 defendere

697 4454 953 4505 suorum
985 4439 1220 4505 auxilio
1256 4441 1652 4507 subditorum
1682 4446 1901 4507 contra
1931 4440 2243 4524 quoslibet
2275 4441 2618 4524 invasoreS,
2666 4441 2947 4526 exceptis
2986 4439 3281 4507 hereticis
3318 4445 3383 4506 et
3412 4440 3573 4506 Prn-

696 4545 907 4611 thenis
952 4566 1064 4613 seu
1107 4546 1440 4613 cuiuslibet
1497 4547 1835 4614 christiane
1880 4546 2030 4613 fidei
2072 4547 2381 4630 inimici8‚
2439 4567 2594 4631 quos
2640 4551 2933 4613 tenentur
2987 4546 3407 4633 personaliter
3450 4547 3575 4612 im-

696 4672 998 4738 pugnare.
1069 4652 1198 4719 Nos
1247 4654 1439 4719 etiam
1469 4654 1605 4719 vice
1637 4674 1824 4719 versa
1869 4654 2373 4739 prenominatam
2416 4657 2653 4719 terram
2698 4654 2939 4721 scilicet
2968 4653 3307 4719 Drocbicin
3351 4660 3577 4719 contra

695 4759 1020 4825 invasores
1066 4759 1470 4844 promisimus
1516 4757 1786 4825 fideliter
1818 4760 2163 4826 defensare.
2231 4759 2668 4825 Promiserunt
2710 4760 2971 4847 insuper
3006 4760 3303 4846 prelibati
3340 4760 3571 4827 fratres

696 4865 1013 4932 neminem
1059 4865 1410 4951 potentium
1455 4866 1523 4930 in
1567 4872 1855 4933 nostrum
1900 4866 2315 4952 preiudicium
2363 4866 2421 4932 ei
2467 4886 2807 4949 gravamen
2838 4866 2905 4932 in
2935 4866 3345 4933 Drochicensi
3384 4866 3570 4932 terri-

695 4972 859 5037 torio
904 4972 1210 5039 collocare
1255 4992 1458 5058 neque
1503 4991 1692 5059 super
1734 4974 2011 5041 eiusdem
2050 4972 2461 5041 translatione
2506 4972 2607 5039 vel
2646 4972 3034 5057 vendicione,
3082 4973 3569 5040 commutatione
