3892 5609
733 334 886 405 466
1699 348 2117 398 pemmonis
2160 347 2601 399 Βοιιᾼιιοιιιιιι

731 504 852 592 ipsi
887 525 925 571 a
951 507 1340 592 prestacione
1367 513 1434 576 et
1459 507 1776 576 solucione
1805 509 2189 578 decimarum
2216 513 2281 576 et
2308 507 2569 576 alioruin
2596 526 2855 576 onerum
2882 507 3243 576 huiusmodi
3269 509 3591 576 hactenus

731 617 805 680 ut
845 613 1156 699 prefertur
1199 612 1382 682 liberi
1437 621 1502 683 et
1554 616 1864 685 immunes
1909 616 2260 700 extiterint,
2312 615 2539 684 timent
2578 621 2787 682 tamen
2836 635 2950 700 pei·
2993 614 3237 701 aliquos
3280 616 3367 683 de
3406 616 3589 684 facto

733 739 802 785 se
847 739 1036 807 super
1062 720 1189 786 illis
1235 741 1420 808 posse
1463 723 1871 810 imposterum
1915 722 2256 806 molestari,
2304 743 2417 809 pro
2462 727 2643 809 parte
2682 722 2963 809 ipsorum
3010 723 3297 806 magistri
3342 729 3411 790 et
3448 723 3591 790 fm-

733 833 900 894 trum
954 827 1134 894 nobis
1189 829 1312 896 fuit
1362 830 1680 898 humiliter
1725 830 2141 918 supplicatum
2156 880 2174 914 ,
2229 834 2301 896 ut
2356 829 2448 896 eis
2499 833 2803 916 oportune
2844 828 3173 916 providere
3219 829 3589 896 misericor·

733 929 897 1000 diter
939 935 1356 1018 dignaremur.
1433 936 1562 1004 Nos
1607 937 1700 1004 ita
1741 937 1896 1024 ipsis
1941 938 2242 1021 magistro
2288 942 2353 1003 et
2392 935 2691 1004 freti-ibus
2736 941 2801 1002 et
2842 956 3059 1004 eoi-um
3102 936 3299 1022 quieti
3342 937 3415 1003 in
3458 937 3592 1004 hae

733 1047 916 1128 parte
937 1041 1259 1109 consulere
1281 1043 1622 1129 cupientes,
1652 1045 2009 1112 huiusmodi
2038 1065 2249 1112 eorum
2284 1041 2847 1132 supplicacionibus
2876 1041 3181 1127 inclinati,
3212 1043 3589 1112 discretioni

734 1155 942 1215 vestre
984 1169 1099 1235 pei·
1129 1149 1474 1237 apostolica
1501 1151 1740 1238 scripta
1767 1151 2159 1235 mandamus,
2207 1155 2511 1236 quatenus
2543 1169 2653 1218 vos
2683 1149 2781 1216 vel
2810 1149 2933 1216 duo
2964 1155 3077 1216 eut
3102 1169 3265 1216 unus
3294 1156 3587 1218 vestrum

734 1275 847 1341 per
892 1277 1002 1322 vos
1048 1256 1148 1323 vel
1203 1257 1392 1324 alium
1451 1277 1562 1326 seu
1618 1258 1776 1326 alios
1829 1259 2092 1346 prefatis
2148 1259 2449 1342 magistro
2492 1262 2557 1324 et
2597 1257 2897 1326 fratribus
2944 1256 3313 1350 auctoritate
3358 1263 3591 1324 nostra

733 1361 802 1428 in
845 1363 1170 1448 premissis
1215 1369 1518 1450 oportune
1549 1365 1926 1432 defensionis
1958 1364 2191 1432 auxilio
2223 1367 2585 1434 assistentes
2622 1385 2749 1432 non
2776 1364 3153 1451 permittatis
3182 1364 3355 1450 ipsos
3386 1384 3589 1452 snper

734 1471 1124 1555 prestacione
1169 1475 1233 1538 et
1275 1470 1588 1539 solucione
1631 1471 1981 1557 aliquarum
2025 1472 2405 1540 decimarum
2453 1477 2517 1539 et
2560 1471 2977 1539 subsidiorum
3006 1489 3121 1558 per
3148 1489 3587 1557 quoscumque

733 1576 1009 1644 indebite
1063 1577 1414 1662 molestari,
1469 1579 1756 1646 invocato
1813 1579 1894 1646 sd
1947 1579 2098 1663 hoc,
2156 1579 2211 1646 si
2257 1599 2413 1665 opus
2456 1579 2649 1646 fuerit
2690 1578 2925 1646 auxilio
2968 1577 3208 1646 brachii
3250 1577 3583 1662 seeulnris,

735 1683 1222 1752 contradictores
1251 1705 1364 1772 per
1387 1705 1709 1752 censuram
1744 1685 2225 1756 ecclesiasticam
2256 1685 2679 1773 appellacione
2710 1685 3062 1772 postposita
3086 1685 3583 1772 compescend03

737 1810 862 1856 non
909 1789 1296 1859 obstantibus
1341 1793 1393 1858 si
1442 1792 1750 1877 aliquibus
1795 1793 2206 1860 communiter
2234 1792 2337 1862 vel
2378 1792 2629 1860 divisim
2674 1813 2715 1858 a
2756 1790 2905 1858 sede
2947 1791 3229 1878 predicta
3260 1791 3583 1858 indultum

737 1896 1019 1981 insistat,
1066 1899 1232 1983 quod
1286 1899 1608 1983 interdici,
1661 1900 1959 1987 suspendi
2005 1899 2103 1968 vel
2148 1899 2671 1968 excommunicari
2718 1917 2843 1966 non
2887 1899 3134 1984 possint
3174 1918 3290 1985 per
3330 1897 3583 1966 litteras

737 2004 1113 2090 apostolicas
1169 2026 1297 2073 non
1350 2006 1650 2074 facientes
1706 2006 1959 2093 plenam
2012 2012 2077 2074 et
2132 2027 2491 2093 expressam
2550 2026 2627 2074 sc
2678 2005 2756 2072 de
2809 2005 3001 2073 verbo
3058 2005 3141 2072 ad
3183 2004 3445 2072 vei-bum
3500 2005 3583 2072 de

623 2119 635 2128 '
737 2110 980 2178 indulto
1036 2112 1392 2180 huiusmodi
1446 2114 1854 2182 mencionem.
1945 2113 2181 2188 Datum
2234 2111 2431 2182 Rome
2485 2113 2653 2201 apud
2706 2117 2990 2180 sanctum
3035 2111 3293 2180 Petrum
3352 2133 3391 2178 v
3436 2111 3583 2178 idus

737 2219 958 2284 marcii
1003 2219 1401 2307 pontificatus
1445 2221 1646 2290 nostri
1690 2240 1854 2289 anno
1899 2227 2097 2288 sexto.

947 2360 1037 2423 IV,
1061 2361 1222 2413 244v.
1281 2361 1590 2412 Transsumti
1625 2361 1674 2412 d.
1701 2361 1752 2413 d.
1787 2360 1987 2413 Basilee
2017 2361 2146 2412 1441
2185 2361 2308 2413 iunii
2336 2363 2403 2413 14
2438 2361 2731 2413 anctoritate
2752 2360 2989 2412 Andreae
3010 2357 3373 2420 ΗιιιοΙιιιιιιιι,
3408 2359 3579 2410 ordii-

738 2447 936 2509 diaconi
969 2449 1022 2500 in
1058 2449 1368 2502 Adlevessen
1404 2450 1468 2502 D.
1485 2449 1632 2511 Dris,
1667 2459 1720 2502 et
1751 2449 1956 2502 Budolfi
1992 2451 2057 2502 de
2092 2451 2411 2512 Rudisheim,
2444 2449 2607 2502 locum
2638 2450 2859 2502 tenentis
2893 2449 3135 2502 auditoris
3168 2464 3294 2500 unm.
3330 2463 3481 2514 gen„
3516 2447 3580 2498 l).

737 2536 854 2588 Dris
867 2573 883 2598 ,
929 2538 1063 2604 quod
1105 2537 1228 2590 fecit
1269 2538 1339 2590 sd
1381 2538 1668 2592 instantiam
1703 2538 1930 2590 Anseliiii
1962 2538 2241 2602 Eichhorn,
2289 2538 2477 2591 ordinis
2512 2537 2823 2600 Theutoniei,
2856 2537 3191 2604 procuratoris
3223 2537 3455 2602 magi-iri
3490 2553 3583 2604 pei·

739 2623 1152 2687 Alemmanniam,
1187 2626 1296 2678 Jac.
1320 2627 1513 2694 'Pyrner
1549 2627 1612 2678 de
1637 2627 1981 2691 Sobernlieim,
2016 2628 2238 2680 noterius
2273 2647 2319 2678 ι.
2344 2643 2389 2688 e.
2412 2627 2448 2678 i.
2472 2645 2538 2690 a.,
2573 2634 2737 2678 exstat
2771 2625 3095 2694 apographon
3118 2625 3171 2676 in
3196 2624 3373 2676 clisrts
3394 2626 3581 2676 saetam

739 2713 792 2763 in
827 2713 1026 2765 archivo
1062 2713 1443 2781 Regimontano.

749 2917 922 2988 714.
963 2921 1156 2988 1423.
1226 2922 1543 2988 Martinus
1587 2921 1646 2988 V
1683 2923 1965 2988 ordinem
2016 2919 2459 2988 Theutonicum
2516 2935 2573 2990 et
2624 2921 2787 2988 bona
2841 2923 2971 2986 eius
3026 2925 3097 2986 in
3138 2923 3581 3008 protectionem

962 3051 1141 3093 suam
1185 3031 1444 3118 suscipit
1488 3043 1545 3096 et
1581 3029 1921 3118 pavileqia
1967 3032 2098 3096 eius
2144 3029 2481 3114 confirmat.

953 3168 1228 3220 Citaturin
1265 3168 1354 3220 des
1331 3169 1580 3235 siagntion
1547 3168 2187 3222 neMitoviensisnrcliivi
2226 3168 2354 3220 1621
2394 3167 2642 3221 Holmisin
2678 3165 2833 3220 delati
2865 3165 3577 3234 phiSchrren139p.368,

745 3256 942 3324 Βιριιι
943 3257 1118 3308 ιιιιιιιιιι
1159 3256 1494 3322 „oniiSletan
1497 3259 1632 3309 ere‘·‘.

753 3460 924 3532 715.
965 3465 1141 3531 1429
1183 3463 1396 3531 novbr.
1421 3465 1466 3532 6
1511 3463 1750 3531 Romae
1773 3485 1977 3551 prope
2004 3477 2249 3530 sanctos
2279 3463 2634 3552 Apostolos.
2691 3462 3009 3529 Martinus
3044 3461 3103 3529 V
3127 3463 3344 3528 ordini
3376 3459 3579 3528 Τλευ-

967 3574 1169 3638 tom‘co
1225 3573 1546 3655 confirmat
1590 3571 1988 3658 Siqi'smundt'
2031 3571 2462 3638 Romanorum
2517 3573 2683 3656 reqis
2742 3571 3231 3636 constitutionem
3284 3571 3364 3635 de
3406 3571 3581 3636 1415

965 3680 1133 3744 iunii
1161 3681 1246 3744 19
1290 3701 1489 3765 supra
1531 3701 1594 3742 n.
1627 3679 1760 3744 293
1796 3701 1867 3765 p.
1901 3677 2052 3744 260.

967 3817 1272 3886 Martinus
1319 3819 1646 3906 episcopus
1691 3839 1907 3886 servus
1954 3837 2275 3885 servorum
2318 3817 2421 3884 dei
2464 3818 2545 3885 ad
2588 3817 2865 3885 futui-ain
2910 3817 3002 3885 rei
3046 3816 3436 3884 memoriam.

747 3924 1013 3992 Patet-ne
1059 3926 1577 3993 consideracionis
1632 3929 2093 4012 perscrutantes
2148 3925 2441 4008 indagine
2484 3923 2857 4012 multiplicia
2899 3923 3265 3991 dilectorum
3308 3923 3583 3990 filiorum

749 4032 1036 4116 magistri
1079 4038 1142 4099 et
1184 4032 1448 4100 fratrum
1493 4031 1821 4118 hospitalis
1850 4033 2031 4100 beate
2060 4031 2259 4100 Mario
2288 4031 2805 4100 Theotonicorum
2836 4031 3317 4099 lerosolimitnni
3360 4030 3587 4098 merita

751 4144 814 4208 et
855 4159 1068 4207 eorum
1123 4139 1367 4208 felicem
1423 4139 1711 4206 laudibus
1757 4145 1822 4207 et
1876 4140 2109 4208 honore
2154 4139 2519 4224 dignissime
2560 4137 2880 4222 religionis
2924 4157 3277 4206 successum
3324 4137 3585 4204 sinceris

749 4246 1240 4333 contemplantes
1295 4247 1620 4315 affectibus
1675 4246 1788 4314 illa
1839 4245 2107 4314 libenter
2162 4245 2487 4335 apostolici
2553 4245 2797 4312 roboris
2852 4244 3149 4314 firmitate
3202 4245 3585 4314 communire

751 4355 1114 4438 satagimus,
1161 4375 1282 4439 que
1325 4374 1439 4441 pro
1471 4354 1908 4422 conservandis
1954 4355 2235 4441 ipsorum
2278 4352 2567 4438 magistri
2610 4358 2675 4420 et
2715 4353 2982 4420 fratrum
3016 4351 3259 4420 iuribus
3292 4357 3357 4420 et
3381 4351 3586 4418 inten-

750 4460 970 4528 dendis
1015 4481 1230 4528 eorum
1275 4461 1552 4528 comodis
1594 4480 1666 4528 ac
1695 4461 2073 4548 profectibus
2104 4461 2343 4546 digesto
2372 4461 2749 4548 processisse
2778 4458 3145 4527 liberamine
3172 4477 3583 4528 recensemus.

754 4567 918 4634 Sane
973 4588 1088 4654 pro
1143 4573 1322 4655 parte
1377 4567 1684 4634 dictorum
1735 4569 2024 4652 magistri
2082 4573 2147 4636 et
2210 4569 2472 4636 fratrum
2531 4567 2711 4634 nobis
2766 4585 2969 4653 nuper
3024 4565 3305 4634 exhibita
3358 4565 3585 4654 peticio

753 4674 1138 4760 continebat,
1199 4675 1363 4760 quod
1411 4674 1560 4742 olim
1603 4674 1963 4742 carissimus
2006 4675 2075 4742 in
2118 4674 2366 4743 Christo
2409 4672 2577 4742 filins
2621 4677 2834 4741 noster
2878 4672 3317 4758 Sigismundns
3362 4673 3587 4740 Roma-

753 4802 977 4849 norum
1031 4803 1148 4849 rex
1199 4781 1464 4848 illustris
1519 4781 1855 4848 eorundem
1910 4782 2197 4866 magistri
2252 4787 2317 4849 et
2369 4781 2633 4848 fratrum
2686 4781 2879 4848 statui
2922 4786 2988 4848 et
3028 4779 3587 4868 indempnitatibus

753 4889 1081 4978 providere
1131 4891 1402 4973 gestiens
1446 4889 1610 4955 intei-
1657 4888 1782 4956 alia
1826 4888 2197 4956 auctoritate
2238 4887 2435 4972 regali
2478 4887 2701 4956 statuit
2743 4893 2807 4955 et
2850 4887 3194 4972 ordinavit,
3254 4887 3424 4972 quod
3464 4887 3587 4973 ipsi

755 4997 1054 5080 magister
1097 5001 1162 5063 et
1211 4996 1440 5064 ftatres
1481 5001 1803 5082 presentes
1849 5015 1924 5064 ac
1964 4995 2161 5062 futuri
2204 5015 2420 5064 omnes
2466 5000 2529 5062 et
2570 4993 2847 5079 singulos
2893 5013 3105 5062 eorum
3152 5013 3395 5062 necnon
3440 4993 3591 5062 dicti
