<?xml version="1.0" encoding="UTF-8"?>
<!DOCTYPE html PUBLIC "-//W3C//DTD XHTML 1.0 Transitional//EN"
    "http://www.w3.org/TR/xhtml1/DTD/xhtml1-transitional.dtd">
<html xmlns="http://www.w3.org/1999/xhtml" xml:lang="en" lang="en">
 <head>
  <title>
</title>
<meta http-equiv="Content-Type" content="text/html;charset=utf-8" />
  <meta name='ocr-system' content='tesseract 3.04.00' />
  <meta name='ocr-capabilities' content='ocr_page ocr_carea ocr_par ocr_line ocrx_word'/>
</head>
<body>
  <div class='ocr_page' id='page_1' title='image "./tabulaeordinist00stregoog_0306.png"; bbox 0 0 3892 5609; ppageno 0'>
   <div class='ocr_carea' id='block_1_1' title="bbox 671 258 2567 355">
    <p class='ocr_par' dir='ltr' id='par_1_1' title="bbox 671 258 2567 355">
     <span class='ocr_line' id='line_1_1' title="bbox 671 258 2567 355; baseline -0.003 -7"><span class='ocrx_word' id='word_1_1' title='bbox 671 284 824 355; x_wconf 82' lang='lat'><strong>290</strong></span> <span class='ocrx_word' id='word_1_2' title='bbox 1649 292 2077 345; x_wconf 61' lang='lat' dir='ltr'><strong>rosnacum</strong></span> <span class='ocrx_word' id='word_1_3' title='bbox 2121 258 2567 344; x_wconf 58' lang='lat' dir='ltr'><strong>aomanorum</strong></span> 
     </span>
    </p>
   </div>
   <div class='ocr_carea' id='block_1_2' title="bbox 572 452 3565 541">
    <p class='ocr_par' dir='ltr' id='par_1_2' title="bbox 572 452 3565 541">
     <span class='ocr_line' id='line_1_2' title="bbox 572 452 3565 541; baseline -0.001 -18"><span class='ocrx_word' id='word_1_4' title='bbox 572 519 578 524; x_wconf 86' lang='grc'><em>,</em></span> <span class='ocrx_word' id='word_1_5' title='bbox 666 455 890 521; x_wconf 87' lang='lat' dir='ltr'><strong>sticam</strong></span> <span class='ocrx_word' id='word_1_6' title='bbox 937 452 1360 541; x_wconf 79' lang='lat' dir='ltr'>appellatione</span> <span class='ocrx_word' id='word_1_7' title='bbox 1403 458 1648 519; x_wconf 88' lang='lat' dir='ltr'><strong>remota</strong></span> <span class='ocrx_word' id='word_1_8' title='bbox 1693 454 1930 537; x_wconf 86' lang='lat' dir='ltr'><strong>cogatis</strong></span> <span class='ocrx_word' id='word_1_9' title='bbox 1962 455 2265 521; x_wconf 88' lang='lat' dir='ltr'><strong>desistere</strong></span> <span class='ocrx_word' id='word_1_10' title='bbox 2297 453 2374 520; x_wconf 88' lang='lat' dir='ltr'><strong>ab</strong></span> <span class='ocrx_word' id='word_1_11' title='bbox 2408 454 2668 539; x_wconf 85' lang='lat' dir='ltr'><strong>eisdem,</strong></span> <span class='ocrx_word' id='word_1_12' title='bbox 2717 454 2887 538; x_wconf 79' lang='lat' dir='ltr'><strong>quod</strong></span> <span class='ocrx_word' id='word_1_13' title='bbox 2915 452 3072 520; x_wconf 85' lang='lat' dir='ltr'><strong>dicti</strong></span> <span class='ocrx_word' id='word_1_14' title='bbox 3098 452 3339 521; x_wconf 83' lang='lat' dir='ltr'><strong>fratres</strong></span> <span class='ocrx_word' id='word_1_15' title='bbox 3370 473 3565 539; x_wconf 84' lang='lat' dir='ltr'><strong>super</strong></span> 
     </span>
    </p>
   </div>
   <div class='ocr_carea' id='block_1_3' title="bbox 665 558 3567 754">
    <p class='ocr_par' dir='ltr' id='par_1_3' title="bbox 665 558 3567 754">
     <span class='ocr_line' id='line_1_3' title="bbox 667 558 3567 646; baseline -0.001 -18"><span class='ocrx_word' id='word_1_16' title='bbox 667 561 790 628; x_wconf 83' lang='lat' dir='ltr'><strong>hiis</strong></span> <span class='ocrx_word' id='word_1_17' title='bbox 857 581 983 627; x_wconf 89' lang='lat' dir='ltr'><strong>non</strong></span> <span class='ocrx_word' id='word_1_18' title='bbox 1045 559 1292 646; x_wconf 83' lang='lat' dir='ltr'><strong>possint</strong></span> <span class='ocrx_word' id='word_1_19' title='bbox 1357 559 1436 638; x_wconf 82' lang='lat' dir='ltr'><strong>de</strong></span> <span class='ocrx_word' id='word_1_20' title='bbox 1494 566 1700 627; x_wconf 87' lang='lat' dir='ltr'><strong>cetero</strong></span> <span class='ocrx_word' id='word_1_21' title='bbox 1770 561 2103 646; x_wconf 88' lang='lat' dir='ltr'><strong>querelari.</strong></span> <span class='ocrx_word' id='word_1_22' title='bbox 2209 560 2449 629; x_wconf 89' lang='lat' dir='ltr'><strong>Datum</strong></span> <span class='ocrx_word' id='word_1_23' title='bbox 2516 558 2817 629; x_wconf 79' lang='lat' dir='ltr'><strong>Laterani</strong></span> <span class='ocrx_word' id='word_1_24' title='bbox 2874 561 3010 627; x_wconf 82' lang='lat' dir='ltr'><strong>xvii</strong></span> <span class='ocrx_word' id='word_1_25' title='bbox 3063 560 3195 627; x_wconf 86' lang='lat' dir='ltr'><strong>kal.</strong></span> <span class='ocrx_word' id='word_1_26' title='bbox 3252 559 3567 627; x_wconf 87' lang='lat' dir='ltr'><strong>februarii</strong></span> 
     </span>
     <span class='ocr_line' id='line_1_4' title="bbox 665 666 1620 754; baseline -0.002 -20"><span class='ocrx_word' id='word_1_27' title='bbox 665 666 1067 754; x_wconf 86' lang='lat' dir='ltr'><strong>pontificatus</strong></span> <span class='ocrx_word' id='word_1_28' title='bbox 1107 667 1309 734; x_wconf 79' lang='lat' dir='ltr'><strong>nostri</strong></span> <span class='ocrx_word' id='word_1_29' title='bbox 1354 685 1518 733; x_wconf 89' lang='lat' dir='ltr'><strong>anno</strong></span> <span class='ocrx_word' id='word_1_30' title='bbox 1561 688 1620 733; x_wconf 78' lang='lat' dir='ltr'><strong>v.</strong></span> 
     </span>
    </p>
   </div>
   <div class='ocr_carea' id='block_1_4' title="bbox 879 766 3563 851">
    <p class='ocr_par' dir='ltr' id='par_1_4' title="bbox 879 766 3563 851">
     <span class='ocr_line' id='line_1_5' title="bbox 879 766 3563 851; baseline -0.001 -9"><span class='ocrx_word' id='word_1_31' title='bbox 879 790 1002 842; x_wconf 75' lang='lat' dir='ltr'><strong>sine</strong></span> <span class='ocrx_word' id='word_1_32' title='bbox 1039 766 1183 842; x_wconf 65' lang='lat' dir='ltr'><strong>saio:</strong></span> <span class='ocrx_word' id='word_1_33' title='bbox 1219 788 1261 851; x_wconf 90' lang='lat'><strong>1,</strong></span> <span class='ocrx_word' id='word_1_34' title='bbox 1288 788 1387 851; x_wconf 76' lang='lat'><strong>733</strong></span> <span class='ocrx_word' id='word_1_35' title='bbox 1425 788 1492 851; x_wconf 90' lang='lat'><strong>11,</strong></span> <span class='ocrx_word' id='word_1_36' title='bbox 1534 789 1635 841; x_wconf 88' lang='lat'><strong>102</strong></span> <span class='ocrx_word' id='word_1_37' title='bbox 1672 807 1722 841; x_wconf 77' lang='lat' dir='ltr'><strong>n.</strong></span> <span class='ocrx_word' id='word_1_38' title='bbox 1747 789 1847 851; x_wconf 78' lang='lat'><strong>44;</strong></span> <span class='ocrx_word' id='word_1_39' title='bbox 1884 791 1950 842; x_wconf 83' lang='lat' dir='ltr'><strong>A.</strong></span> <span class='ocrx_word' id='word_1_40' title='bbox 1977 788 2047 841; x_wconf 82' lang='lat'><strong>20</strong></span> <span class='ocrx_word' id='word_1_41' title='bbox 2082 808 2132 842; x_wconf 78' lang='lat' dir='ltr'><strong>n.</strong></span> <span class='ocrx_word' id='word_1_42' title='bbox 2158 790 2231 840; x_wconf 85' lang='lat'><strong>42</strong></span> <span class='ocrx_word' id='word_1_43' title='bbox 2266 788 2448 841; x_wconf 66' lang='lat' dir='ltr'><strong>Latine</strong></span> <span class='ocrx_word' id='word_1_44' title='bbox 2486 799 2539 841; x_wconf 71' lang='lat' dir='ltr'><strong>et</strong></span> <span class='ocrx_word' id='word_1_45' title='bbox 2576 790 2907 851; x_wconf 51' lang='lat' dir='ltr'><strong>Germaniam</strong></span> <span class='ocrx_word' id='word_1_46' title='bbox 2942 790 3009 841; x_wconf 82' lang='lat' dir='ltr'><strong>n.</strong></span> <span class='ocrx_word' id='word_1_47' title='bbox 3033 790 3123 843; x_wconf 85' lang='lat'><strong>42.</strong></span> <span class='ocrx_word' id='word_1_48' title='bbox 3154 819 3217 827; x_wconf 91' lang='lat'><em>-</em></span> <span class='ocrx_word' id='word_1_49' title='bbox 3247 790 3377 841; x_wconf 79' lang='lat' dir='ltr'><strong>eum</strong></span> <span class='ocrx_word' id='word_1_50' title='bbox 3412 789 3563 841; x_wconf 62' lang='lat' dir='ltr'><strong>am:</strong></span> 
     </span>
    </p>
   </div>
   <div class='ocr_carea' id='block_1_5' title="bbox 665 877 3569 1123">
    <p class='ocr_par' dir='ltr' id='par_1_5' title="bbox 665 877 3569 1123">
     <span class='ocr_line' id='line_1_6' title="bbox 667 877 3565 955; baseline -0 -25"><span class='ocrx_word' id='word_1_51' title='bbox 667 880 767 931; x_wconf 81' lang='lat' dir='ltr'><strong>xvii</strong></span> <span class='ocrx_word' id='word_1_52' title='bbox 800 879 904 930; x_wconf 78' lang='lat' dir='ltr'><strong>kal.</strong></span> <span class='ocrx_word' id='word_1_53' title='bbox 929 880 1057 931; x_wconf 84' lang='lat' dir='ltr'><strong>febr.</strong></span> <span class='ocrx_word' id='word_1_54' title='bbox 1080 878 1319 929; x_wconf 78' lang='lat' dir='ltr'><strong>Laterani</strong></span> <span class='ocrx_word' id='word_1_55' title='bbox 1353 896 1405 945; x_wconf 89' lang='lat' dir='ltr'><strong>p.</strong></span> <span class='ocrx_word' id='word_1_56' title='bbox 1431 896 1478 929; x_wconf 89' lang='lat' dir='ltr'><strong>a.</strong></span> <span class='ocrx_word' id='word_1_57' title='bbox 1505 878 1554 929; x_wconf 89' lang='lat'><strong>5.</strong></span> <span class='ocrx_word' id='word_1_58' title='bbox 1611 878 1698 929; x_wconf 87' lang='lat' dir='ltr'><strong>Or.</strong></span> <span class='ocrx_word' id='word_1_59' title='bbox 1725 895 1838 931; x_wconf 87' lang='lat' dir='ltr'><strong>cum</strong></span> <span class='ocrx_word' id='word_1_60' title='bbox 1873 878 2013 929; x_wconf 88' lang='lat' dir='ltr'><strong>bulla</strong></span> <span class='ocrx_word' id='word_1_61' title='bbox 2048 878 2285 945; x_wconf 84' lang='lat' dir='ltr'><strong>plumbea</strong></span> <span class='ocrx_word' id='word_1_62' title='bbox 2319 879 2373 929; x_wconf 87' lang='lat' dir='ltr'><strong>in</strong></span> <span class='ocrx_word' id='word_1_63' title='bbox 2408 877 2507 955; x_wconf 82' lang='lat' dir='ltr'><strong>filis</strong></span> <span class='ocrx_word' id='word_1_64' title='bbox 2544 879 2748 930; x_wconf 83' lang='lat' dir='ltr'><strong>sericeis</strong></span> <span class='ocrx_word' id='word_1_65' title='bbox 2784 880 3111 946; x_wconf 75' lang='lat' dir='ltr'><strong>appendente</strong></span> <span class='ocrx_word' id='word_1_66' title='bbox 3136 878 3399 945; x_wconf 78' lang='lat' dir='ltr'><strong>quondam</strong></span> <span class='ocrx_word' id='word_1_67' title='bbox 3420 877 3565 929; x_wconf 76' lang='lat' dir='ltr'><strong>uer-</strong></span> 
     </span>
     <span class='ocr_line' id='line_1_7' title="bbox 665 966 3569 1045; baseline -0.001 -26"><span class='ocrx_word' id='word_1_68' title='bbox 665 968 926 1045; x_wconf 79' lang='lat' dir='ltr'><strong>genthemi</strong></span> <span class='ocrx_word' id='word_1_69' title='bbox 936 1006 952 1031; x_wconf 90' lang='lat'><strong>,</strong></span> <span class='ocrx_word' id='word_1_70' title='bbox 995 985 1128 1018; x_wconf 88' lang='lat' dir='ltr'><strong>nunc</strong></span> <span class='ocrx_word' id='word_1_71' title='bbox 1163 968 1495 1019; x_wconf 69' lang='lat' dir='ltr'><strong>vindobonae</strong></span> <span class='ocrx_word' id='word_1_72' title='bbox 1541 967 1592 1017; x_wconf 90' lang='lat' dir='ltr'><strong>in</strong></span> <span class='ocrx_word' id='word_1_73' title='bbox 1642 968 1844 1019; x_wconf 79' lang='lat' dir='ltr'><strong>archivo</strong></span> <span class='ocrx_word' id='word_1_74' title='bbox 1887 968 2075 1019; x_wconf 82' lang='lat' dir='ltr'><strong>ordinis</strong></span> <span class='ocrx_word' id='word_1_75' title='bbox 2114 966 2413 1019; x_wconf 80' lang='lat' dir='ltr'><strong>Theutoniei</strong></span> <span class='ocrx_word' id='word_1_76' title='bbox 2448 975 2629 1017; x_wconf 79' lang='lat' dir='ltr'><strong>exstat.</strong></span> <span class='ocrx_word' id='word_1_77' title='bbox 2696 966 2760 1018; x_wconf 81' lang='lat' dir='ltr'><strong>R.</strong></span> <span class='ocrx_word' id='word_1_78' title='bbox 2787 968 2856 1019; x_wconf 87' lang='grc'><strong>69</strong></span> <span class='ocrx_word' id='word_1_79' title='bbox 2892 969 3025 1019; x_wconf 82' lang='lat' dir='ltr'><strong>inter</strong></span> <span class='ocrx_word' id='word_1_80' title='bbox 3058 966 3569 1033; x_wconf 76' lang='lat' dir='ltr'><strong>Mergenthememia</strong></span> 
     </span>
     <span class='ocr_line' id='line_1_8' title="bbox 667 1052 1766 1123; baseline -0.001 -15"><span class='ocrx_word' id='word_1_81' title='bbox 667 1075 718 1109; x_wconf 88' lang='lat' dir='ltr'><strong>n.</strong></span> <span class='ocrx_word' id='word_1_82' title='bbox 749 1057 816 1108; x_wconf 88' lang='lat'><strong>14</strong></span> <span class='ocrx_word' id='word_1_83' title='bbox 850 1056 1021 1108; x_wconf 79' lang='lat' dir='ltr'><strong>forsan</strong></span> <span class='ocrx_word' id='word_1_84' title='bbox 1057 1074 1150 1123; x_wconf 86' lang='lat' dir='ltr'><strong>per</strong></span> <span class='ocrx_word' id='word_1_85' title='bbox 1177 1052 1384 1122; x_wconf 56' lang='lat' dir='ltr'><strong>⁴lapsum</strong></span> <span class='ocrx_word' id='word_1_86' title='bbox 1419 1054 1599 1106; x_wconf 85' lang='lat' dir='ltr'><strong>calami</strong></span> <span class='ocrx_word' id='word_1_87' title='bbox 1633 1055 1766 1107; x_wconf 78' lang='lat' dir='ltr'><strong>xviii.</strong></span> 
     </span>
    </p>
   </div>
   <div class='ocr_carea' id='block_1_6' title="bbox 673 1220 3567 1357">
    <p class='ocr_par' dir='ltr' id='par_1_6' title="bbox 673 1220 3567 1357">
     <span class='ocr_line' id='line_1_9' title="bbox 673 1220 3567 1357; baseline -0.002 -18"><span class='ocrx_word' id='word_1_88' title='bbox 673 1228 849 1339; x_wconf 56' lang='lat'><strong>320.</strong></span> <span class='ocrx_word' id='word_1_89' title='bbox 891 1272 1064 1339; x_wconf 84' lang='lat'><em>1221</em></span> <span class='ocrx_word' id='word_1_90' title='bbox 1114 1274 1404 1336; x_wconf 75' lang='lat' dir='ltr'><strong>ianuarii</strong></span> <span class='ocrx_word' id='word_1_91' title='bbox 1441 1272 1529 1337; x_wconf 87' lang='grc'><strong>16</strong></span> <span class='ocrx_word' id='word_1_92' title='bbox 1573 1270 1886 1336; x_wconf 76' lang='lat' dir='ltr'><strong>Laterani</strong></span> <span class='ocrx_word' id='word_1_93' title='bbox 1935 1270 2049 1357; x_wconf 56' lang='grc' dir='ltr'><strong>(ιγ’.</strong></span> <span class='ocrx_word' id='word_1_94' title='bbox 2086 1271 2263 1337; x_wconf 88' lang='grc'><em>1223</em></span> <span class='ocrx_word' id='word_1_95' title='bbox 2308 1220 2597 1336; x_wconf 52' lang='lat' dir='ltr'><strong>ianuam‘i</strong></span> <span class='ocrx_word' id='word_1_96' title='bbox 2635 1269 2775 1351; x_wconf 87' lang='lat'><strong>13).</strong></span> <span class='ocrx_word' id='word_1_97' title='bbox 2857 1270 3189 1337; x_wconf 73' lang='lat' dir='ltr'><strong>Honorius</strong></span> <span class='ocrx_word' id='word_1_98' title='bbox 3233 1270 3358 1337; x_wconf 88' lang='lat' dir='ltr'><strong>III</strong></span> <span class='ocrx_word' id='word_1_99' title='bbox 3412 1293 3567 1335; x_wconf 77' lang='lat' dir='ltr'><strong>con-</strong></span> 
     </span>
    </p>
   </div>
   <div class='ocr_carea' id='block_1_7' title="bbox 892 1376 3569 1571">
    <p class='ocr_par' dir='ltr' id='par_1_7' title="bbox 892 1376 3569 1571">
     <span class='ocr_line' id='line_1_10' title="bbox 892 1376 3569 1465; baseline -0.001 -22"><span class='ocrx_word' id='word_1_100' title='bbox 892 1380 1054 1443; x_wconf 74' lang='lat' dir='ltr'><strong>cedit</strong></span> <span class='ocrx_word' id='word_1_101' title='bbox 1100 1380 1316 1442; x_wconf 82' lang='lat' dir='ltr'><strong>ordini</strong></span> <span class='ocrx_word' id='word_1_102' title='bbox 1366 1376 1768 1459; x_wconf 71' lang='lat' dir='ltr'><strong>Theutonico,</strong></span> <span class='ocrx_word' id='word_1_103' title='bbox 1817 1392 1890 1445; x_wconf 73' lang='lat' dir='ltr'><strong>ut</strong></span> <span class='ocrx_word' id='word_1_104' title='bbox 1933 1381 2211 1465; x_wconf 74' lang='lat' dir='ltr'><strong>quemvis</strong></span> <span class='ocrx_word' id='word_1_105' title='bbox 2258 1402 2437 1443; x_wconf 71' lang='lat' dir='ltr'><strong>mee</strong></span> <span class='ocrx_word' id='word_1_106' title='bbox 2479 1382 2829 1464; x_wconf 74' lang='lat' dir='ltr'><strong>eiqnatum,</strong></span> <span class='ocrx_word' id='word_1_107' title='bbox 2886 1380 3225 1443; x_wconf 80' lang='lat' dir='ltr'><strong>dummodo</strong></span> <span class='ocrx_word' id='word_1_108' title='bbox 3270 1401 3406 1443; x_wconf 74' lang='lat' dir='ltr'><strong>non</strong></span> <span class='ocrx_word' id='word_1_109' title='bbox 3454 1378 3569 1443; x_wconf 83' lang='lat' dir='ltr'><strong>ob-</strong></span> 
     </span>
     <span class='ocr_line' id='line_1_11' title="bbox 893 1485 3159 1571; baseline 0 -22"><span class='ocrx_word' id='word_1_110' title='bbox 893 1497 1008 1550; x_wconf 75' lang='lat' dir='ltr'><strong>stet</strong></span> <span class='ocrx_word' id='word_1_111' title='bbox 1049 1486 1560 1571; x_wconf 77' lang='lat' dir='ltr'><strong>impedimentum</strong></span> <span class='ocrx_word' id='word_1_112' title='bbox 1605 1489 1996 1566; x_wconf 78' lang='lat' dir='ltr'><strong>canonicum,</strong></span> <span class='ocrx_word' id='word_1_113' title='bbox 2044 1488 2208 1551; x_wconf 72' lang='lat' dir='ltr'><strong>inter</strong></span> <span class='ocrx_word' id='word_1_114' title='bbox 2232 1485 2483 1570; x_wconf 72' lang='lat' dir='ltr'><strong>fratres</strong></span> <span class='ocrx_word' id='word_1_115' title='bbox 2528 1487 2804 1571; x_wconf 81' lang='lat' dir='ltr'><strong>recipe-re</strong></span> <span class='ocrx_word' id='word_1_116' title='bbox 2852 1486 2915 1549; x_wconf 83' lang='lat' dir='ltr'><strong>ei</strong></span> <span class='ocrx_word' id='word_1_117' title='bbox 2957 1486 3159 1551; x_wconf 74' lang='lat' dir='ltr'><strong>liceat.</strong></span> 
     </span>
    </p>
   </div>
   <div class='ocr_carea' id='block_1_8' title="bbox 611 1624 3570 2993">
    <p class='ocr_par' dir='ltr' id='par_1_8' title="bbox 611 1624 3570 2993">
     <span class='ocr_line' id='line_1_12' title="bbox 889 1624 3570 1713; baseline -0.001 -20"><span class='ocrx_word' id='word_1_118' title='bbox 889 1624 1208 1693; x_wconf 87' lang='lat' dir='ltr'><strong>Honorius</strong></span> <span class='ocrx_word' id='word_1_119' title='bbox 1265 1626 1596 1713; x_wconf 89' lang='lat' dir='ltr'><strong>episcopus</strong></span> <span class='ocrx_word' id='word_1_120' title='bbox 1656 1647 1876 1693; x_wconf 86' lang='lat' dir='ltr'><strong>servus</strong></span> <span class='ocrx_word' id='word_1_121' title='bbox 1935 1646 2267 1693; x_wconf 83' lang='lat' dir='ltr'><strong>servorum</strong></span> <span class='ocrx_word' id='word_1_122' title='bbox 2316 1626 2423 1692; x_wconf 89' lang='lat' dir='ltr'><strong>dei</strong></span> <span class='ocrx_word' id='word_1_123' title='bbox 2480 1624 2727 1693; x_wconf 88' lang='lat' dir='ltr'><strong>dilectis</strong></span> <span class='ocrx_word' id='word_1_124' title='bbox 2770 1624 2919 1693; x_wconf 88' lang='lat' dir='ltr'><strong>filiis</strong></span> <span class='ocrx_word' id='word_1_125' title='bbox 2964 1626 3273 1709; x_wconf 82' lang='lat' dir='ltr'><strong>magistro</strong></span> <span class='ocrx_word' id='word_1_126' title='bbox 3322 1631 3391 1693; x_wconf 91' lang='lat' dir='ltr'><strong>et</strong></span> <span class='ocrx_word' id='word_1_127' title='bbox 3432 1626 3570 1691; x_wconf 75' lang='lat' dir='ltr'><strong>fra-</strong></span> 
     </span>
     <span class='ocr_line' id='line_1_13' title="bbox 667 1731 3565 1819; baseline 0 -21"><span class='ocrx_word' id='word_1_128' title='bbox 667 1732 870 1809; x_wconf 85' lang='lat' dir='ltr'><strong>tribus</strong></span> <span class='ocrx_word' id='word_1_129' title='bbox 916 1732 1247 1819; x_wconf 87' lang='lat' dir='ltr'><strong>hospitalis</strong></span> <span class='ocrx_word' id='word_1_130' title='bbox 1291 1740 1506 1799; x_wconf 88' lang='lat' dir='ltr'><strong>sancte</strong></span> <span class='ocrx_word' id='word_1_131' title='bbox 1536 1732 1736 1800; x_wconf 88' lang='lat' dir='ltr'><strong>Marie</strong></span> <span class='ocrx_word' id='word_1_132' title='bbox 1766 1732 2295 1799; x_wconf 86' lang='lat' dir='ltr'><strong>Theotonicorum</strong></span> <span class='ocrx_word' id='word_1_133' title='bbox 2339 1731 2827 1799; x_wconf 86' lang='lat' dir='ltr'><strong>Ierosolimitani</strong></span> <span class='ocrx_word' id='word_1_134' title='bbox 2870 1732 3137 1801; x_wconf 87' lang='lat' dir='ltr'><strong>salutem</strong></span> <span class='ocrx_word' id='word_1_135' title='bbox 3186 1740 3253 1799; x_wconf 89' lang='lat' dir='ltr'><strong>et</strong></span> <span class='ocrx_word' id='word_1_136' title='bbox 3297 1737 3565 1819; x_wconf 84' lang='lat' dir='ltr'><strong>aposto-</strong></span> 
     </span>
     <span class='ocr_line' id='line_1_14' title="bbox 668 1838 3569 1926; baseline 0 -22"><span class='ocrx_word' id='word_1_137' title='bbox 668 1838 858 1905; x_wconf 88' lang='lat' dir='ltr'><strong>licam</strong></span> <span class='ocrx_word' id='word_1_138' title='bbox 902 1840 1418 1907; x_wconf 79' lang='lat' dir='ltr'><strong>benedictionem.</strong></span> <span class='ocrx_word' id='word_1_139' title='bbox 1667 1839 1857 1907; x_wconf 88' lang='lat' dir='ltr'><strong>Iustis</strong></span> <span class='ocrx_word' id='word_1_140' title='bbox 1911 1841 2270 1926; x_wconf 88' lang='lat' dir='ltr'><strong>petencium</strong></span> <span class='ocrx_word' id='word_1_141' title='bbox 2318 1838 2645 1907; x_wconf 83' lang='lat' dir='ltr'><strong>desideriis</strong></span> <span class='ocrx_word' id='word_1_142' title='bbox 2691 1840 2950 1923; x_wconf 80' lang='lat' dir='ltr'><strong>dignum</strong></span> <span class='ocrx_word' id='word_1_143' title='bbox 2998 1845 3095 1907; x_wconf 89' lang='lat' dir='ltr'><strong>est</strong></span> <span class='ocrx_word' id='word_1_144' title='bbox 3136 1860 3255 1907; x_wconf 90' lang='lat' dir='ltr'><strong>nos</strong></span> <span class='ocrx_word' id='word_1_145' title='bbox 3306 1840 3569 1907; x_wconf 81' lang='lat' dir='ltr'><strong>facilem</strong></span> 
     </span>
     <span class='ocr_line' id='line_1_15' title="bbox 669 1946 3569 2033; baseline 0 -20"><span class='ocrx_word' id='word_1_146' title='bbox 669 1946 934 2033; x_wconf 87' lang='lat' dir='ltr'><strong>prebere</strong></span> <span class='ocrx_word' id='word_1_147' title='bbox 979 1966 1351 2013; x_wconf 87' lang='lat' dir='ltr'><strong>consensum</strong></span> <span class='ocrx_word' id='word_1_148' title='bbox 1397 1952 1462 2015; x_wconf 89' lang='lat' dir='ltr'><strong>et</strong></span> <span class='ocrx_word' id='word_1_149' title='bbox 1491 1952 1657 2031; x_wconf 77' lang='lat' dir='ltr'><strong>vota,</strong></span> <span class='ocrx_word' id='word_1_150' title='bbox 1705 1968 1826 2032; x_wconf 90' lang='lat' dir='ltr'><strong>que</strong></span> <span class='ocrx_word' id='word_1_151' title='bbox 1871 1968 1910 2013; x_wconf 87' lang='lat' dir='ltr'><strong>a</strong></span> <span class='ocrx_word' id='word_1_152' title='bbox 1954 1946 2217 2014; x_wconf 90' lang='lat' dir='ltr'><strong>rationis</strong></span> <span class='ocrx_word' id='word_1_153' title='bbox 2262 1948 2517 2013; x_wconf 87' lang='lat' dir='ltr'><strong>tramite</strong></span> <span class='ocrx_word' id='word_1_154' title='bbox 2560 1967 2691 2013; x_wconf 92' lang='lat' dir='ltr'><strong>non</strong></span> <span class='ocrx_word' id='word_1_155' title='bbox 2724 1947 3105 2030; x_wconf 79' lang='lat' dir='ltr'><strong>discordant,</strong></span> <span class='ocrx_word' id='word_1_156' title='bbox 3154 1946 3383 2013; x_wconf 86' lang='lat' dir='ltr'><strong>effectu</strong></span> <span class='ocrx_word' id='word_1_157' title='bbox 3412 1966 3569 2033; x_wconf 88' lang='lat' dir='ltr'><strong>pro—</strong></span> 
     </span>
     <span class='ocr_line' id='line_1_16' title="bbox 669 2052 3567 2140; baseline 0.001 -21"><span class='ocrx_word' id='word_1_158' title='bbox 669 2060 970 2139; x_wconf 82' lang='lat' dir='ltr'><strong>sequente</strong></span> <span class='ocrx_word' id='word_1_159' title='bbox 1027 2055 1361 2140; x_wconf 90' lang='lat' dir='ltr'><strong>complere.</strong></span> <span class='ocrx_word' id='word_1_160' title='bbox 1452 2054 1831 2140; x_wconf 83' lang='lat' dir='ltr'><strong>Eapropter,</strong></span> <span class='ocrx_word' id='word_1_161' title='bbox 1897 2054 2110 2119; x_wconf 89' lang='lat' dir='ltr'><strong>dilecti</strong></span> <span class='ocrx_word' id='word_1_162' title='bbox 2154 2055 2223 2119; x_wconf 91' lang='lat' dir='ltr'><strong>in</strong></span> <span class='ocrx_word' id='word_1_163' title='bbox 2268 2052 2520 2121; x_wconf 88' lang='lat' dir='ltr'><strong>domino</strong></span> <span class='ocrx_word' id='word_1_164' title='bbox 2565 2052 2712 2137; x_wconf 89' lang='lat' dir='ltr'><strong>filii,</strong></span> <span class='ocrx_word' id='word_1_165' title='bbox 2772 2055 2999 2121; x_wconf 85' lang='lat' dir='ltr'><strong>vestris</strong></span> <span class='ocrx_word' id='word_1_166' title='bbox 3043 2054 3227 2121; x_wconf 87' lang='lat' dir='ltr'><strong>iustis</strong></span> <span class='ocrx_word' id='word_1_167' title='bbox 3274 2052 3567 2140; x_wconf 77' lang='lat' dir='ltr'><strong>postula-</strong></span> 
     </span>
     <span class='ocr_line' id='line_1_17' title="bbox 669 2160 3565 2247; baseline 0 -22"><span class='ocrx_word' id='word_1_168' title='bbox 669 2160 944 2226; x_wconf 89' lang='lat' dir='ltr'><strong>tionibus</strong></span> <span class='ocrx_word' id='word_1_169' title='bbox 991 2166 1170 2244; x_wconf 83' lang='lat' dir='ltr'><strong>grato</strong></span> <span class='ocrx_word' id='word_1_170' title='bbox 1216 2168 1659 2228; x_wconf 78' lang='lat' dir='ltr'><strong>concurrentes</strong></span> <span class='ocrx_word' id='word_1_171' title='bbox 1705 2181 1968 2228; x_wconf 89' lang='lat' dir='ltr'><strong>assensu</strong></span> <span class='ocrx_word' id='word_1_172' title='bbox 2013 2160 2325 2247; x_wconf 85' lang='lat' dir='ltr'><strong>presentis</strong></span> <span class='ocrx_word' id='word_1_173' title='bbox 2373 2162 2595 2247; x_wconf 89' lang='lat' dir='ltr'><strong>scripti</strong></span> <span class='ocrx_word' id='word_1_174' title='bbox 2638 2160 2873 2247; x_wconf 86' lang='lat' dir='ltr'><strong>pagina</strong></span> <span class='ocrx_word' id='word_1_175' title='bbox 2902 2160 3083 2227; x_wconf 85' lang='lat' dir='ltr'><strong>vobis</strong></span> <span class='ocrx_word' id='word_1_176' title='bbox 3127 2161 3425 2227; x_wconf 83' lang='lat' dir='ltr'><strong>duximus</strong></span> <span class='ocrx_word' id='word_1_177' title='bbox 3458 2160 3565 2225; x_wconf 87' lang='lat' dir='ltr'><strong>in-</strong></span> 
     </span>
     <span class='ocr_line' id='line_1_18' title="bbox 671 2263 3566 2353; baseline 0 -20"><span class='ocrx_word' id='word_1_178' title='bbox 671 2266 1073 2351; x_wconf 83' lang='lat' dir='ltr'><strong>dulgendum,</strong></span> <span class='ocrx_word' id='word_1_179' title='bbox 1121 2271 1192 2333; x_wconf 91' lang='lat' dir='ltr'><strong>ut</strong></span> <span class='ocrx_word' id='word_1_180' title='bbox 1235 2268 1424 2335; x_wconf 87' lang='lat' dir='ltr'><strong>liceat</strong></span> <span class='ocrx_word' id='word_1_181' title='bbox 1455 2268 1630 2335; x_wconf 83' lang='lat' dir='ltr'><strong>vobis</strong></span> <span class='ocrx_word' id='word_1_182' title='bbox 1679 2266 2023 2353; x_wconf 88' lang='lat' dir='ltr'><strong>quemlibet</strong></span> <span class='ocrx_word' id='word_1_183' title='bbox 2066 2271 2281 2333; x_wconf 87' lang='lat' dir='ltr'><strong>sancte</strong></span> <span class='ocrx_word' id='word_1_184' title='bbox 2328 2270 2529 2335; x_wconf 89' lang='lat' dir='ltr'><strong>crucis</strong></span> <span class='ocrx_word' id='word_1_185' title='bbox 2576 2263 2929 2349; x_wconf 85' lang='lat' dir='ltr'><strong>signaculo¹</strong></span> <span class='ocrx_word' id='word_1_186' title='bbox 2974 2268 3291 2351; x_wconf 86' lang='lat' dir='ltr'><strong>signatum</strong></span> <span class='ocrx_word' id='word_1_187' title='bbox 3328 2268 3395 2333; x_wconf 89' lang='lat' dir='ltr'><strong>in</strong></span> <span class='ocrx_word' id='word_1_188' title='bbox 3426 2266 3566 2333; x_wconf 79' lang='lat' dir='ltr'><strong>fra-</strong></span> 
     </span>
     <span class='ocr_line' id='line_1_19' title="bbox 667 2370 3565 2461; baseline 0 -22"><span class='ocrx_word' id='word_1_189' title='bbox 667 2380 831 2440; x_wconf 89' lang='lat' dir='ltr'><strong>trem</strong></span> <span class='ocrx_word' id='word_1_190' title='bbox 877 2376 1176 2461; x_wconf 84' lang='lat' dir='ltr'><strong>recipere,</strong></span> <span class='ocrx_word' id='word_1_191' title='bbox 1225 2376 1279 2441; x_wconf 91' lang='lat' dir='ltr'><strong>si</strong></span> <span class='ocrx_word' id='word_1_192' title='bbox 1325 2374 1850 2461; x_wconf 87' lang='lat' dir='ltr'><strong>impedimentum</strong></span> <span class='ocrx_word' id='word_1_193' title='bbox 1899 2374 2155 2458; x_wconf 85' lang='lat' dir='ltr'><strong>aliquod</strong></span> <span class='ocrx_word' id='word_1_194' title='bbox 2200 2371 2605 2441; x_wconf 80' lang='lat' dir='ltr'><strong>canonicum²</strong></span> <span class='ocrx_word' id='word_1_195' title='bbox 2636 2394 2765 2441; x_wconf 92' lang='lat' dir='ltr'><strong>non</strong></span> <span class='ocrx_word' id='word_1_196' title='bbox 2796 2370 3118 2441; x_wconf 78' lang='lat' dir='ltr'><strong>obsistat³.</strong></span> <span class='ocrx_word' id='word_1_197' title='bbox 3186 2372 3363 2441; x_wconf 86' lang='lat' dir='ltr'><strong>Nulli</strong></span> <span class='ocrx_word' id='word_1_198' title='bbox 3406 2392 3565 2456; x_wconf 79' lang='lat' dir='ltr'><strong>ergo</strong></span> 
     </span>
     <span class='ocr_line' id='line_1_20' title="bbox 670 2479 3567 2567; baseline 0 -22"><span class='ocrx_word' id='word_1_199' title='bbox 670 2481 924 2547; x_wconf 90' lang='lat' dir='ltr'><strong>omnino</strong></span> <span class='ocrx_word' id='word_1_200' title='bbox 982 2481 1306 2549; x_wconf 87' lang='lat' dir='ltr'><strong>hominum</strong></span> <span class='ocrx_word' id='word_1_201' title='bbox 1363 2482 1554 2549; x_wconf 89' lang='lat' dir='ltr'><strong>liceat</strong></span> <span class='ocrx_word' id='word_1_202' title='bbox 1605 2480 1770 2561; x_wconf 83' lang='lat' dir='ltr'><strong>hanc</strong></span> <span class='ocrx_word' id='word_1_203' title='bbox 1829 2481 2127 2567; x_wconf 83' lang='lat' dir='ltr'><strong>paginam</strong></span> <span class='ocrx_word' id='word_1_204' title='bbox 2185 2486 2401 2547; x_wconf 88' lang='lat' dir='ltr'><strong>nostre</strong></span> <span class='ocrx_word' id='word_1_205' title='bbox 2447 2482 2866 2549; x_wconf 87' lang='lat' dir='ltr'><strong>concessionis</strong></span> <span class='ocrx_word' id='word_1_206' title='bbox 2912 2480 3291 2565; x_wconf 84' lang='lat' dir='ltr'><strong>infringere,</strong></span> <span class='ocrx_word' id='word_1_207' title='bbox 3349 2479 3453 2547; x_wconf 83' lang='lat' dir='ltr'><strong>vel</strong></span> <span class='ocrx_word' id='word_1_208' title='bbox 3496 2480 3567 2547; x_wconf 86' lang='lat' dir='ltr'><strong>ei</strong></span> 
     </span>
     <span class='ocr_line' id='line_1_21' title="bbox 611 2586 3567 2675; baseline -0 -23"><span class='ocrx_word' id='word_1_209' title='bbox 611 2658 614 2666; x_wconf 59' lang='grc'><em>,</em></span> <span class='ocrx_word' id='word_1_210' title='bbox 667 2604 828 2653; x_wconf 87' lang='lat' dir='ltr'><strong>ausu</strong></span> <span class='ocrx_word' id='word_1_211' title='bbox 871 2590 1204 2654; x_wconf 84' lang='lat' dir='ltr'><strong>temerario</strong></span> <span class='ocrx_word' id='word_1_212' title='bbox 1251 2590 1582 2657; x_wconf 86' lang='lat' dir='ltr'><strong>contraire.</strong></span> <span class='ocrx_word' id='word_1_213' title='bbox 1648 2588 1718 2653; x_wconf 88' lang='lat' dir='ltr'><strong>Si</strong></span> <span class='ocrx_word' id='word_1_214' title='bbox 1749 2588 1890 2672; x_wconf 91' lang='lat' dir='ltr'><strong>quis</strong></span> <span class='ocrx_word' id='word_1_215' title='bbox 1921 2593 2132 2653; x_wconf 87' lang='lat' dir='ltr'><strong>autem</strong></span> <span class='ocrx_word' id='word_1_216' title='bbox 2178 2587 2295 2654; x_wconf 92' lang='lat' dir='ltr'><strong>hoc</strong></span> <span class='ocrx_word' id='word_1_217' title='bbox 2326 2592 2707 2674; x_wconf 81' lang='lat' dir='ltr'><strong>attemptare</strong></span> <span class='ocrx_word' id='word_1_218' title='bbox 2738 2587 3218 2675; x_wconf 73' lang='lat' dir='ltr'><strong>presumpserit,</strong></span> <span class='ocrx_word' id='word_1_219' title='bbox 3264 2586 3567 2670; x_wconf 79' lang='lat' dir='ltr'><strong>indigna·-</strong></span> 
     </span>
     <span class='ocr_line' id='line_1_22' title="bbox 669 2692 3563 2781; baseline 0 -22"><span class='ocrx_word' id='word_1_220' title='bbox 669 2693 914 2760; x_wconf 88' lang='lat' dir='ltr'><strong>cionem</strong></span> <span class='ocrx_word' id='word_1_221' title='bbox 961 2696 1408 2781; x_wconf 87' lang='lat' dir='ltr'><strong>omnipotentis</strong></span> <span class='ocrx_word' id='word_1_222' title='bbox 1465 2696 1567 2761; x_wconf 87' lang='lat' dir='ltr'><strong>dei</strong></span> <span class='ocrx_word' id='word_1_223' title='bbox 1623 2700 1687 2760; x_wconf 89' lang='lat' dir='ltr'><strong>et</strong></span> <span class='ocrx_word' id='word_1_224' title='bbox 1738 2694 2069 2761; x_wconf 87' lang='lat' dir='ltr'><strong>beatorum</strong></span> <span class='ocrx_word' id='word_1_225' title='bbox 2113 2692 2287 2761; x_wconf 89' lang='lat' dir='ltr'><strong>Petri</strong></span> <span class='ocrx_word' id='word_1_226' title='bbox 2334 2701 2398 2761; x_wconf 91' lang='lat' dir='ltr'><strong>et</strong></span> <span class='ocrx_word' id='word_1_227' title='bbox 2441 2694 2621 2760; x_wconf 87' lang='lat' dir='ltr'><strong>Pauli</strong></span> <span class='ocrx_word' id='word_1_228' title='bbox 2670 2693 3101 2781; x_wconf 80' lang='lat' dir='ltr'><strong>apostolorum</strong></span> <span class='ocrx_word' id='word_1_229' title='bbox 3148 2696 3281 2761; x_wconf 87' lang='lat' dir='ltr'><strong>eius</strong></span> <span class='ocrx_word' id='word_1_230' title='bbox 3328 2714 3396 2759; x_wconf 88' lang='lat' dir='ltr'><strong>se</strong></span> <span class='ocrx_word' id='word_1_231' title='bbox 3442 2714 3563 2759; x_wconf 91' lang='lat' dir='ltr'><strong>no-</strong></span> 
     </span>
     <span class='ocr_line' id='line_1_23' title="bbox 666 2799 3561 2888; baseline 0 -22"><span class='ocrx_word' id='word_1_232' title='bbox 666 2801 834 2867; x_wconf 82' lang='lat' dir='ltr'><strong>verit</strong></span> <span class='ocrx_word' id='word_1_233' title='bbox 888 2801 1306 2869; x_wconf 88' lang='lat' dir='ltr'><strong>incursurum.</strong></span> <span class='ocrx_word' id='word_1_234' title='bbox 1390 2802 1626 2869; x_wconf 89' lang='lat' dir='ltr'><strong>Datum</strong></span> <span class='ocrx_word' id='word_1_235' title='bbox 1671 2799 1975 2869; x_wconf 85' lang='lat' dir='ltr'><strong>Laterani</strong></span> <span class='ocrx_word' id='word_1_236' title='bbox 2018 2801 2154 2867; x_wconf 79' lang='lat' dir='ltr'><strong>xvii</strong></span> <span class='ocrx_word' id='word_1_237' title='bbox 2200 2800 2502 2867; x_wconf 80' lang='lat' dir='ltr'><strong>kalendas</strong></span> <span class='ocrx_word' id='word_1_238' title='bbox 2546 2800 2850 2868; x_wconf 87' lang='lat' dir='ltr'><strong>februarii</strong></span> <span class='ocrx_word' id='word_1_239' title='bbox 2902 2800 3305 2888; x_wconf 84' lang='lat' dir='ltr'><strong>pontificatus</strong></span> <span class='ocrx_word' id='word_1_240' title='bbox 3350 2800 3561 2867; x_wconf 79' lang='lat' dir='ltr'><strong>nostri</strong></span> 
     </span>
     <span class='ocr_line' id='line_1_24' title="bbox 671 2906 1162 2993; baseline 0.002 -20"><span class='ocrx_word' id='word_1_241' title='bbox 671 2927 835 2973; x_wconf 85' lang='lat' dir='ltr'><strong>anno</strong></span> <span class='ocrx_word' id='word_1_242' title='bbox 885 2909 1103 2993; x_wconf 89' lang='lat' dir='ltr'><strong>quinto</strong></span> <span class='ocrx_word' id='word_1_243' title='bbox 1121 2906 1162 2974; x_wconf 79' lang='lat'><strong>⁴.</strong></span> 
     </span>
    </p>
   </div>
   <div class='ocr_carea' id='block_1_9' title="bbox 667 3028 3563 3540">
    <p class='ocr_par' dir='ltr' id='par_1_9' title="bbox 667 3028 3563 3540">
     <span class='ocr_line' id='line_1_25' title="bbox 883 3028 3563 3097; baseline -0 -14"><span class='ocrx_word' id='word_1_244' title='bbox 883 3030 1005 3083; x_wconf 83' lang='lat' dir='ltr'><strong>Sine</strong></span> <span class='ocrx_word' id='word_1_245' title='bbox 1043 3031 1187 3083; x_wconf 89' lang='lat' dir='ltr'><strong>dato:</strong></span> <span class='ocrx_word' id='word_1_246' title='bbox 1225 3030 1290 3083; x_wconf 88' lang='lat' dir='ltr'><strong>A.</strong></span> <span class='ocrx_word' id='word_1_247' title='bbox 1315 3030 1385 3082; x_wconf 78' lang='lat'><strong>20</strong></span> <span class='ocrx_word' id='word_1_248' title='bbox 1421 3048 1472 3081; x_wconf 90' lang='lat' dir='ltr'><strong>n.</strong></span> <span class='ocrx_word' id='word_1_249' title='bbox 1498 3030 1568 3081; x_wconf 80' lang='lat'><strong>46</strong></span> <span class='ocrx_word' id='word_1_250' title='bbox 1605 3030 1785 3081; x_wconf 85' lang='lat' dir='ltr'><strong>Latine</strong></span> <span class='ocrx_word' id='word_1_251' title='bbox 1821 3038 1876 3081; x_wconf 87' lang='lat' dir='ltr'><strong>et</strong></span> <span class='ocrx_word' id='word_1_252' title='bbox 1914 3030 2215 3083; x_wconf 84' lang='lat' dir='ltr'><strong>Germanice</strong></span> <span class='ocrx_word' id='word_1_253' title='bbox 2253 3047 2364 3081; x_wconf 88' lang='lat' dir='ltr'><strong>cum</strong></span> <span class='ocrx_word' id='word_1_254' title='bbox 2400 3038 2547 3081; x_wconf 86' lang='lat' dir='ltr'><strong>nota:</strong></span> <span class='ocrx_word' id='word_1_255' title='bbox 2584 3030 2769 3081; x_wconf 84' lang='lat' dir='ltr'><strong>Et·est</strong></span> <span class='ocrx_word' id='word_1_256' title='bbox 2802 3030 2855 3081; x_wconf 91' lang='lat' dir='ltr'><strong>in</strong></span> <span class='ocrx_word' id='word_1_257' title='bbox 2891 3028 3309 3097; x_wconf 76' lang='lat' dir='ltr'><strong>Mergentheym3</strong></span> <span class='ocrx_word' id='word_1_258' title='bbox 3346 3030 3389 3093; x_wconf 87' lang='lat'><strong>1,</strong></span> <span class='ocrx_word' id='word_1_259' title='bbox 3424 3030 3563 3083; x_wconf 67' lang='lat' dir='ltr'><strong>6&#39;fv.</strong></span> 
     </span>
     <span class='ocr_line' id='line_1_26' title="bbox 670 3118 3559 3186; baseline 0 -17"><span class='ocrx_word' id='word_1_260' title='bbox 670 3129 723 3169; x_wconf 89' lang='lat' dir='ltr'><strong>et</strong></span> <span class='ocrx_word' id='word_1_261' title='bbox 745 3118 812 3181; x_wconf 89' lang='grc' dir='ltr'><strong>Π,</strong></span> <span class='ocrx_word' id='word_1_262' title='bbox 843 3119 943 3171; x_wconf 88' lang='lat'><strong>103</strong></span> <span class='ocrx_word' id='word_1_263' title='bbox 956 3138 1004 3171; x_wconf 68' lang='grc' dir='ltr'><strong>ι’.</strong></span> <span class='ocrx_word' id='word_1_264' title='bbox 1039 3138 1089 3171; x_wconf 89' lang='grc' dir='ltr'><strong>ιι.</strong></span> <span class='ocrx_word' id='word_1_265' title='bbox 1115 3120 1201 3171; x_wconf 89' lang='grc'><strong>48.</strong></span> <span class='ocrx_word' id='word_1_266' title='bbox 1229 3150 1288 3158; x_wconf 92' lang='lat'><em>-</em></span> <span class='ocrx_word' id='word_1_267' title='bbox 1331 3120 1454 3171; x_wconf 80' lang='lat' dir='ltr'><strong>Cum</strong></span> <span class='ocrx_word' id='word_1_268' title='bbox 1491 3120 1634 3170; x_wconf 84' lang='lat' dir='ltr'><strong>dato:</strong></span> <span class='ocrx_word' id='word_1_269' title='bbox 1673 3119 1910 3170; x_wconf 84' lang='lat' dir='ltr'><strong>Laterani</strong></span> <span class='ocrx_word' id='word_1_270' title='bbox 1947 3119 2046 3171; x_wconf 82' lang='lat' dir='ltr'><strong>xvii</strong></span> <span class='ocrx_word' id='word_1_271' title='bbox 2082 3120 2187 3171; x_wconf 71' lang='lat' dir='ltr'><strong>kal.</strong></span> <span class='ocrx_word' id='word_1_272' title='bbox 2214 3120 2341 3171; x_wconf 82' lang='lat' dir='ltr'><strong>febr.</strong></span> <span class='ocrx_word' id='word_1_273' title='bbox 2379 3137 2429 3186; x_wconf 87' lang='lat' dir='ltr'><strong>p.</strong></span> <span class='ocrx_word' id='word_1_274' title='bbox 2458 3136 2507 3170; x_wconf 89' lang='grc' dir='ltr'><strong>ιι.</strong></span> <span class='ocrx_word' id='word_1_275' title='bbox 2534 3136 2580 3169; x_wconf 86' lang='lat' dir='ltr'><strong>a.</strong></span> <span class='ocrx_word' id='word_1_276' title='bbox 2606 3119 2655 3169; x_wconf 87' lang='lat'><strong>5.</strong></span> <span class='ocrx_word' id='word_1_277' title='bbox 2704 3118 2797 3181; x_wconf 83' lang='lat' dir='ltr'><strong>IV,</strong></span> <span class='ocrx_word' id='word_1_278' title='bbox 2840 3118 2939 3169; x_wconf 85' lang='lat'><strong>182</strong></span> <span class='ocrx_word' id='word_1_279' title='bbox 2976 3128 3031 3170; x_wconf 87' lang='lat' dir='ltr'><strong>et</strong></span> <span class='ocrx_word' id='word_1_280' title='bbox 3062 3119 3126 3170; x_wconf 80' lang='lat' dir='ltr'><strong>R.</strong></span> <span class='ocrx_word' id='word_1_281' title='bbox 3154 3119 3222 3169; x_wconf 79' lang='lat'><strong>67</strong></span> <span class='ocrx_word' id='word_1_282' title='bbox 3254 3118 3386 3170; x_wconf 84' lang='lat' dir='ltr'><strong>inter</strong></span> <span class='ocrx_word' id='word_1_283' title='bbox 3408 3118 3559 3170; x_wconf 71' lang='lat' dir='ltr'><strong>Mer-</strong></span> 
     </span>
     <span class='ocr_line' id='line_1_27' title="bbox 669 3206 3557 3274; baseline -0 -15"><span class='ocrx_word' id='word_1_284' title='bbox 669 3208 1053 3274; x_wconf 77' lang='lat' dir='ltr'><strong>genthemensia</strong></span> <span class='ocrx_word' id='word_1_285' title='bbox 1087 3226 1138 3259; x_wconf 89' lang='grc' dir='ltr'><strong>ιι.</strong></span> <span class='ocrx_word' id='word_1_286' title='bbox 1164 3208 1213 3260; x_wconf 89' lang='grc'><strong>8.</strong></span> <span class='ocrx_word' id='word_1_287' title='bbox 1268 3208 1354 3259; x_wconf 87' lang='lat' dir='ltr'><strong>Or.</strong></span> <span class='ocrx_word' id='word_1_288' title='bbox 1382 3225 1494 3259; x_wconf 89' lang='lat' dir='ltr'><strong>cum</strong></span> <span class='ocrx_word' id='word_1_289' title='bbox 1519 3207 1657 3259; x_wconf 83' lang='lat' dir='ltr'><strong>bulla</strong></span> <span class='ocrx_word' id='word_1_290' title='bbox 1691 3208 1744 3259; x_wconf 88' lang='lat' dir='ltr'><strong>in</strong></span> <span class='ocrx_word' id='word_1_291' title='bbox 1780 3206 1877 3259; x_wconf 85' lang='lat' dir='ltr'><strong>filis</strong></span> <span class='ocrx_word' id='word_1_292' title='bbox 1915 3208 2118 3259; x_wconf 84' lang='lat' dir='ltr'><strong>sericeis</strong></span> <span class='ocrx_word' id='word_1_293' title='bbox 2144 3208 2469 3274; x_wconf 83' lang='lat' dir='ltr'><strong>appendente</strong></span> <span class='ocrx_word' id='word_1_294' title='bbox 2486 3206 2822 3259; x_wconf 85' lang='lat' dir='ltr'><strong>Vindobonae</strong></span> <span class='ocrx_word' id='word_1_295' title='bbox 2857 3208 2909 3258; x_wconf 89' lang='lat' dir='ltr'><strong>in</strong></span> <span class='ocrx_word' id='word_1_296' title='bbox 2935 3208 3137 3259; x_wconf 76' lang='lat' dir='ltr'><strong>archivo</strong></span> <span class='ocrx_word' id='word_1_297' title='bbox 3163 3207 3353 3259; x_wconf 80' lang='lat' dir='ltr'><strong>ordinis</strong></span> <span class='ocrx_word' id='word_1_298' title='bbox 3378 3206 3557 3259; x_wconf 80' lang='lat' dir='ltr'><strong>Theu-</strong></span> 
     </span>
     <span class='ocr_line' id='line_1_28' title="bbox 667 3294 3557 3363; baseline 0 -16"><span class='ocrx_word' id='word_1_299' title='bbox 667 3296 838 3347; x_wconf 87' lang='lat' dir='ltr'><strong>tonici.</strong></span> <span class='ocrx_word' id='word_1_300' title='bbox 881 3326 942 3334; x_wconf 88' lang='lat'><strong>--</strong></span> <span class='ocrx_word' id='word_1_301' title='bbox 983 3298 1106 3347; x_wconf 86' lang='lat' dir='ltr'><strong>Cum</strong></span> <span class='ocrx_word' id='word_1_302' title='bbox 1145 3295 1286 3348; x_wconf 89' lang='lat' dir='ltr'><strong>dato:</strong></span> <span class='ocrx_word' id='word_1_303' title='bbox 1334 3298 1573 3347; x_wconf 79' lang='lat' dir='ltr'><strong>Laterani</strong></span> <span class='ocrx_word' id='word_1_304' title='bbox 1608 3297 1740 3362; x_wconf 77' lang='lat' dir='ltr'><strong>ydus</strong></span> <span class='ocrx_word' id='word_1_305' title='bbox 1776 3296 1990 3348; x_wconf 84' lang='lat' dir='ltr'><strong>ianuarii</strong></span> <span class='ocrx_word' id='word_1_306' title='bbox 2024 3314 2076 3363; x_wconf 91' lang='lat' dir='ltr'><strong>p.</strong></span> <span class='ocrx_word' id='word_1_307' title='bbox 2115 3314 2166 3348; x_wconf 91' lang='lat' dir='ltr'><strong>n.</strong></span> <span class='ocrx_word' id='word_1_308' title='bbox 2204 3314 2250 3347; x_wconf 85' lang='lat' dir='ltr'><strong>a.</strong></span> <span class='ocrx_word' id='word_1_309' title='bbox 2273 3296 2321 3347; x_wconf 82' lang='lat'><strong>7.</strong></span> <span class='ocrx_word' id='word_1_310' title='bbox 2385 3296 2449 3347; x_wconf 83' lang='lat' dir='ltr'><strong>R.</strong></span> <span class='ocrx_word' id='word_1_311' title='bbox 2474 3296 2543 3347; x_wconf 81' lang='lat'><strong>68</strong></span> <span class='ocrx_word' id='word_1_312' title='bbox 2579 3295 2711 3347; x_wconf 87' lang='lat' dir='ltr'><strong>inter</strong></span> <span class='ocrx_word' id='word_1_313' title='bbox 2746 3294 3247 3361; x_wconf 83' lang='lat' dir='ltr'><strong>Mergenthemensia</strong></span> <span class='ocrx_word' id='word_1_314' title='bbox 3283 3314 3334 3346; x_wconf 86' lang='grc' dir='ltr'><strong>ιι.</strong></span> <span class='ocrx_word' id='word_1_315' title='bbox 3364 3296 3445 3347; x_wconf 92' lang='grc'><strong>11.</strong></span> <span class='ocrx_word' id='word_1_316' title='bbox 3488 3326 3557 3337; x_wconf 89' lang='lat'><strong>—-</strong></span> 
     </span>
     <span class='ocr_line' id='line_1_29' title="bbox 673 3383 3559 3452; baseline 0 -17"><span class='ocrx_word' id='word_1_317' title='bbox 673 3385 720 3435; x_wconf 94' lang='lat'><strong>1.</strong></span> <span class='ocrx_word' id='word_1_318' title='bbox 759 3384 904 3436; x_wconf 85' lang='lat' dir='ltr'><strong>deest</strong></span> <span class='ocrx_word' id='word_1_319' title='bbox 927 3385 966 3437; x_wconf 88' lang='lat'><strong>1.</strong></span> <span class='ocrx_word' id='word_1_320' title='bbox 1109 3385 1159 3437; x_wconf 82' lang='lat'><strong>2.</strong></span> <span class='ocrx_word' id='word_1_321' title='bbox 1197 3384 1400 3451; x_wconf 86' lang='lat' dir='ltr'><strong>aliquod</strong></span> <span class='ocrx_word' id='word_1_322' title='bbox 1434 3385 1848 3451; x_wconf 83' lang='lat' dir='ltr'><strong>impedimentum</strong></span> <span class='ocrx_word' id='word_1_323' title='bbox 1885 3402 1995 3436; x_wconf 87' lang='lat' dir='ltr'><strong>can.</strong></span> <span class='ocrx_word' id='word_1_324' title='bbox 2020 3386 2111 3448; x_wconf 87' lang='lat' dir='ltr'><strong>IV,</strong></span> <span class='ocrx_word' id='word_1_325' title='bbox 2150 3384 2565 3452; x_wconf 88' lang='lat' dir='ltr'><strong>impedimentum</strong></span> <span class='ocrx_word' id='word_1_326' title='bbox 2600 3383 2895 3435; x_wconf 84' lang='lat' dir='ltr'><strong>canonicum</strong></span> <span class='ocrx_word' id='word_1_327' title='bbox 2931 3384 3134 3451; x_wconf 85' lang='lat' dir='ltr'><strong>aliquod</strong></span> <span class='ocrx_word' id='word_1_328' title='bbox 3158 3384 3225 3436; x_wconf 87' lang='lat'><strong>11.</strong></span> <span class='ocrx_word' id='word_1_329' title='bbox 3368 3385 3420 3436; x_wconf 86' lang='lat'><strong>3.</strong></span> <span class='ocrx_word' id='word_1_330' title='bbox 3456 3384 3559 3435; x_wconf 83' lang='lat' dir='ltr'><strong>ob-</strong></span> 
     </span>
     <span class='ocr_line' id='line_1_30' title="bbox 671 3472 3458 3540; baseline 0 -17"><span class='ocrx_word' id='word_1_331' title='bbox 671 3472 818 3523; x_wconf 82' lang='lat' dir='ltr'><strong>sistit.</strong></span> <span class='ocrx_word' id='word_1_332' title='bbox 871 3472 1012 3523; x_wconf 82' lang='lat' dir='ltr'><strong>Nulli</strong></span> <span class='ocrx_word' id='word_1_333' title='bbox 1047 3490 1168 3539; x_wconf 82' lang='lat' dir='ltr'><strong>ergo</strong></span> <span class='ocrx_word' id='word_1_334' title='bbox 1205 3482 1300 3525; x_wconf 90' lang='lat' dir='ltr'><strong>etc.</strong></span> <span class='ocrx_word' id='word_1_335' title='bbox 1355 3474 1411 3525; x_wconf 80' lang='lat' dir='ltr'><strong>Si</strong></span> <span class='ocrx_word' id='word_1_336' title='bbox 1448 3474 1558 3540; x_wconf 83' lang='lat' dir='ltr'><strong>quis</strong></span> <span class='ocrx_word' id='word_1_337' title='bbox 1595 3481 1764 3525; x_wconf 89' lang='lat' dir='ltr'><strong>autem</strong></span> <span class='ocrx_word' id='word_1_338' title='bbox 1801 3482 1897 3525; x_wconf 88' lang='lat' dir='ltr'><strong>etc.</strong></span> <span class='ocrx_word' id='word_1_339' title='bbox 1954 3474 2143 3525; x_wconf 82' lang='lat' dir='ltr'><strong>Datum</strong></span> <span class='ocrx_word' id='word_1_340' title='bbox 2179 3482 2275 3525; x_wconf 81' lang='lat' dir='ltr'><strong>etc.</strong></span> <span class='ocrx_word' id='word_1_341' title='bbox 2312 3472 2379 3525; x_wconf 91' lang='lat'><strong>11.</strong></span> <span class='ocrx_word' id='word_1_342' title='bbox 2560 3474 2610 3524; x_wconf 88' lang='lat'><strong>4.</strong></span> <span class='ocrx_word' id='word_1_343' title='bbox 2648 3474 2761 3525; x_wconf 80' lang='lat' dir='ltr'><strong>Lat.</strong></span> <span class='ocrx_word' id='word_1_344' title='bbox 2792 3482 2888 3525; x_wconf 88' lang='lat' dir='ltr'><strong>etc.</strong></span> <span class='ocrx_word' id='word_1_345' title='bbox 2915 3474 2940 3524; x_wconf 96' lang='lat' dir='ltr'>I</span> <span class='ocrx_word' id='word_1_346' title='bbox 2977 3474 3202 3539; x_wconf 81' lang='lat' dir='ltr'><strong>(caetera</strong></span> <span class='ocrx_word' id='word_1_347' title='bbox 3237 3472 3458 3540; x_wconf 87' lang='lat' dir='ltr'><strong>desunt).</strong></span> 
     </span>
    </p>
   </div>
   <div class='ocr_carea' id='block_1_10' title="bbox 679 3721 3561 4025">
    <p class='ocr_par' dir='ltr' id='par_1_10' title="bbox 679 3721 3561 4025">
     <span class='ocr_line' id='line_1_31' title="bbox 679 3721 3557 3810; baseline -0.001 -17"><span class='ocrx_word' id='word_1_348' title='bbox 679 3721 772 3793; x_wconf 77' lang='lat'><strong>32</strong></span> <span class='ocrx_word' id='word_1_349' title='bbox 789 3722 854 3793; x_wconf 89' lang='grc'><strong>1.</strong></span> <span class='ocrx_word' id='word_1_350' title='bbox 897 3726 1068 3792; x_wconf 90' lang='grc'><em>1221</em></span> <span class='ocrx_word' id='word_1_351' title='bbox 1115 3728 1406 3792; x_wconf 78' lang='lat' dir='ltr'><strong>ianuarii</strong></span> <span class='ocrx_word' id='word_1_352' title='bbox 1431 3726 1520 3793; x_wconf 88' lang='lat'><strong>16</strong></span> <span class='ocrx_word' id='word_1_353' title='bbox 1565 3725 1891 3791; x_wconf 71' lang='lat' dir='ltr'><strong>Laterani.</strong></span> <span class='ocrx_word' id='word_1_354' title='bbox 1970 3724 2298 3790; x_wconf 70' lang='lat' dir='ltr'><strong>Honorius</strong></span> <span class='ocrx_word' id='word_1_355' title='bbox 2330 3723 2455 3790; x_wconf 92' lang='lat' dir='ltr'><strong>III</strong></span> <span class='ocrx_word' id='word_1_356' title='bbox 2491 3726 2734 3789; x_wconf 73' lang='lat' dir='ltr'><strong>ordini-5</strong></span> <span class='ocrx_word' id='word_1_357' title='bbox 2788 3723 3160 3791; x_wconf 74' lang='lat' dir='ltr'><strong>Theutonici</strong></span> <span class='ocrx_word' id='word_1_358' title='bbox 3200 3724 3557 3810; x_wconf 68' lang='lat' dir='ltr'><strong>benefacto-</strong></span> 
     </span>
     <span class='ocr_line' id='line_1_32' title="bbox 893 3832 3561 3917; baseline -0 -21"><span class='ocrx_word' id='word_1_359' title='bbox 893 3833 1069 3897; x_wconf 65' lang='lat' dir='ltr'><strong>ribus</strong></span> <span class='ocrx_word' id='word_1_360' title='bbox 1101 3835 1380 3898; x_wconf 76' lang='lat' dir='ltr'><strong>concedit</strong></span> <span class='ocrx_word' id='word_1_361' title='bbox 1405 3832 1864 3917; x_wconf 70' lang='lat' dir='ltr'><strong>indulqentiam</strong></span> <span class='ocrx_word' id='word_1_362' title='bbox 1885 3834 2136 3917; x_wconf 62' lang='lat' dir='ltr'><strong>speique</strong></span> <span class='ocrx_word' id='word_1_363' title='bbox 2146 3832 2547 3917; x_wconf 77' lang='lat' dir='ltr'><strong>facultatem,</strong></span> <span class='ocrx_word' id='word_1_364' title='bbox 2574 3846 2641 3897; x_wconf 75' lang='lat' dir='ltr'><strong>ut</strong></span> <span class='ocrx_word' id='word_1_365' title='bbox 2670 3834 2741 3897; x_wconf 80' lang='lat' dir='ltr'><strong>in</strong></span> <span class='ocrx_word' id='word_1_366' title='bbox 2752 3833 3045 3916; x_wconf 75' lang='lat' dir='ltr'><strong>fratrum</strong></span> <span class='ocrx_word' id='word_1_367' title='bbox 3076 3834 3349 3898; x_wconf 78' lang='lat' dir='ltr'><strong>adventu</strong></span> <span class='ocrx_word' id='word_1_368' title='bbox 3370 3832 3561 3896; x_wconf 75' lang='lat' dir='ltr'><strong>semel</strong></span> 
     </span>
     <span class='ocr_line' id='line_1_33' title="bbox 892 3940 2681 4025; baseline -0.001 -22"><span class='ocrx_word' id='word_1_369' title='bbox 892 3942 964 4003; x_wconf 74' lang='lat' dir='ltr'><strong>in</strong></span> <span class='ocrx_word' id='word_1_370' title='bbox 1008 3962 1175 4005; x_wconf 78' lang='lat' dir='ltr'><strong>anno</strong></span> <span class='ocrx_word' id='word_1_371' title='bbox 1224 3940 1512 4005; x_wconf 74' lang='lat' dir='ltr'><strong>ecclesiae</strong></span> <span class='ocrx_word' id='word_1_372' title='bbox 1555 3942 1886 4004; x_wconf 75' lang='lat' dir='ltr'><strong>interdicto</strong></span> <span class='ocrx_word' id='word_1_373' title='bbox 1933 3942 2242 4006; x_wconf 77' lang='lat' dir='ltr'><strong>subiectae</strong></span> <span class='ocrx_word' id='word_1_374' title='bbox 2287 3943 2681 4025; x_wconf 74' lang='lat' dir='ltr'><strong>aperiantur.</strong></span> 
     </span>
    </p>
   </div>
   <div class='ocr_carea' id='block_1_11' title="bbox 674 4078 3559 5022">
    <p class='ocr_par' dir='ltr' id='par_1_11' title="bbox 674 4078 3559 5022">
     <span class='ocr_line' id='line_1_34' title="bbox 895 4078 3559 4166; baseline 0 -21"><span class='ocrx_word' id='word_1_375' title='bbox 895 4078 1212 4145; x_wconf 88' lang='lat' dir='ltr'><strong>Honorius</strong></span> <span class='ocrx_word' id='word_1_376' title='bbox 1271 4080 1602 4166; x_wconf 88' lang='lat' dir='ltr'><strong>episcopus</strong></span> <span class='ocrx_word' id='word_1_377' title='bbox 1661 4098 1878 4147; x_wconf 87' lang='lat' dir='ltr'><strong>servus</strong></span> <span class='ocrx_word' id='word_1_378' title='bbox 1935 4100 2261 4148; x_wconf 85' lang='lat' dir='ltr'><strong>servorum</strong></span> <span class='ocrx_word' id='word_1_379' title='bbox 2308 4080 2411 4146; x_wconf 90' lang='lat' dir='ltr'><strong>dei</strong></span> <span class='ocrx_word' id='word_1_380' title='bbox 2472 4078 2935 4147; x_wconf 86' lang='lat' dir='ltr'><strong>venerabilibus</strong></span> <span class='ocrx_word' id='word_1_381' title='bbox 2992 4078 3296 4145; x_wconf 83' lang='lat' dir='ltr'><strong>fratribus</strong></span> <span class='ocrx_word' id='word_1_382' title='bbox 3354 4078 3559 4145; x_wconf 86' lang='lat' dir='ltr'><strong>archi-</strong></span> 
     </span>
     <span class='ocr_line' id='line_1_35' title="bbox 677 4185 3559 4273; baseline -0.001 -20"><span class='ocrx_word' id='word_1_383' title='bbox 677 4187 992 4273; x_wconf 87' lang='lat' dir='ltr'><strong>episcopis</strong></span> <span class='ocrx_word' id='word_1_384' title='bbox 1039 4192 1105 4253; x_wconf 89' lang='lat' dir='ltr'><strong>et</strong></span> <span class='ocrx_word' id='word_1_385' title='bbox 1150 4187 1462 4273; x_wconf 87' lang='lat' dir='ltr'><strong>episcopis</strong></span> <span class='ocrx_word' id='word_1_386' title='bbox 1509 4191 1574 4252; x_wconf 91' lang='lat' dir='ltr'><strong>et</strong></span> <span class='ocrx_word' id='word_1_387' title='bbox 1619 4186 1865 4253; x_wconf 90' lang='lat' dir='ltr'><strong>dilectis</strong></span> <span class='ocrx_word' id='word_1_388' title='bbox 1909 4186 2059 4255; x_wconf 90' lang='lat' dir='ltr'><strong>filiis</strong></span> <span class='ocrx_word' id='word_1_389' title='bbox 2108 4185 2461 4271; x_wconf 82' lang='lat' dir='ltr'><strong>abbatibus,</strong></span> <span class='ocrx_word' id='word_1_390' title='bbox 2518 4185 2855 4273; x_wconf 87' lang='lat' dir='ltr'><strong>prioribus,</strong></span> <span class='ocrx_word' id='word_1_391' title='bbox 2912 4185 3393 4267; x_wconf 54' lang='lat' dir='ltr'><strong>archidiaconia</strong></span> <span class='ocrx_word' id='word_1_392' title='bbox 3448 4186 3559 4251; x_wconf 88' lang='lat' dir='ltr'><strong>de—</strong></span> 
     </span>
     <span class='ocr_line' id='line_1_36' title="bbox 674 4286 3559 4380; baseline -0.001 -22"><span class='ocrx_word' id='word_1_393' title='bbox 674 4295 848 4359; x_wconf 84' lang='lat' dir='ltr'><strong>canis</strong></span> <span class='ocrx_word' id='word_1_394' title='bbox 897 4298 962 4359; x_wconf 89' lang='lat' dir='ltr'><strong>et</strong></span> <span class='ocrx_word' id='word_1_395' title='bbox 1005 4293 1148 4361; x_wconf 88' lang='lat' dir='ltr'><strong>aliis</strong></span> <span class='ocrx_word' id='word_1_396' title='bbox 1195 4292 1598 4360; x_wconf 88' lang='lat' dir='ltr'><strong>ecclesiarum</strong></span> <span class='ocrx_word' id='word_1_397' title='bbox 1645 4293 1941 4380; x_wconf 73' lang='lat' dir='ltr'><strong>prelatiS,</strong></span> <span class='ocrx_word' id='word_1_398' title='bbox 1990 4294 2071 4361; x_wconf 87' lang='lat' dir='ltr'><strong>ad</strong></span> <span class='ocrx_word' id='word_1_399' title='bbox 2118 4314 2274 4378; x_wconf 89' lang='lat' dir='ltr'><strong>quos</strong></span> <span class='ocrx_word' id='word_1_400' title='bbox 2317 4293 2528 4361; x_wconf 87' lang='lat' dir='ltr'><strong>littere</strong></span> <span class='ocrx_word' id='word_1_401' title='bbox 2572 4294 2695 4359; x_wconf 88' lang='lat' dir='ltr'><strong>iste</strong></span> <span class='ocrx_word' id='word_1_402' title='bbox 2724 4286 3149 4379; x_wconf 81' lang='lat' dir='ltr'><strong>pervenerint,</strong></span> <span class='ocrx_word' id='word_1_403' title='bbox 3194 4290 3463 4359; x_wconf 84' lang='lat' dir='ltr'><strong>salutem</strong></span> <span class='ocrx_word' id='word_1_404' title='bbox 3493 4296 3559 4359; x_wconf 87' lang='lat' dir='ltr'><strong>et</strong></span> 
     </span>
     <span class='ocr_line' id='line_1_37' title="bbox 677 4398 3553 4487; baseline -0.001 -20"><span class='ocrx_word' id='word_1_405' title='bbox 677 4399 1083 4487; x_wconf 90' lang='lat' dir='ltr'><strong>apostolicam</strong></span> <span class='ocrx_word' id='word_1_406' title='bbox 1131 4400 1648 4467; x_wconf 87' lang='lat' dir='ltr'><strong>benedictionem.</strong></span> <span class='ocrx_word' id='word_1_407' title='bbox 1853 4400 2090 4467; x_wconf 86' lang='lat' dir='ltr'><strong>Milites</strong></span> <span class='ocrx_word' id='word_1_408' title='bbox 2143 4400 2476 4487; x_wconf 86' lang='lat' dir='ltr'><strong>hospitalis</strong></span> <span class='ocrx_word' id='word_1_409' title='bbox 2522 4405 2737 4467; x_wconf 89' lang='lat' dir='ltr'><strong>sancte</strong></span> <span class='ocrx_word' id='word_1_410' title='bbox 2782 4398 2983 4466; x_wconf 89' lang='lat' dir='ltr'><strong>Marie</strong></span> <span class='ocrx_word' id='word_1_411' title='bbox 3027 4398 3553 4465; x_wconf 86' lang='lat' dir='ltr'><strong>Theutonicorum</strong></span> 
     </span>
     <span class='ocr_line' id='line_1_38' title="bbox 675 4504 3555 4592; baseline -0.001 -18"><span class='ocrx_word' id='word_1_412' title='bbox 675 4506 1160 4575; x_wconf 88' lang='lat' dir='ltr'><strong>lerosolimitani</strong></span> <span class='ocrx_word' id='word_1_413' title='bbox 1215 4508 1364 4574; x_wconf 82' lang='lat' dir='ltr'><strong>novi</strong></span> <span class='ocrx_word' id='word_1_414' title='bbox 1421 4505 1536 4573; x_wconf 87' lang='lat' dir='ltr'><strong>sub</strong></span> <span class='ocrx_word' id='word_1_415' title='bbox 1597 4512 1882 4592; x_wconf 85' lang='lat' dir='ltr'><strong>tempore</strong></span> <span class='ocrx_word' id='word_1_416' title='bbox 1936 4508 2140 4591; x_wconf 83' lang='lat' dir='ltr'><strong>gratie</strong></span> <span class='ocrx_word' id='word_1_417' title='bbox 2184 4506 2543 4591; x_wconf 84' lang='lat' dir='ltr'><strong>Machabei,</strong></span> <span class='ocrx_word' id='word_1_418' title='bbox 2605 4507 2987 4591; x_wconf 80' lang='lat' dir='ltr'><strong>abnegantes</strong></span> <span class='ocrx_word' id='word_1_419' title='bbox 3040 4505 3351 4573; x_wconf 86' lang='lat' dir='ltr'><strong>secularia</strong></span> <span class='ocrx_word' id='word_1_420' title='bbox 3394 4504 3555 4573; x_wconf 81' lang='lat' dir='ltr'><strong>desi·</strong></span> 
     </span>
     <span class='ocr_line' id='line_1_39' title="bbox 676 4612 3553 4701; baseline -0.001 -20"><span class='ocrx_word' id='word_1_421' title='bbox 676 4614 853 4683; x_wconf 88' lang='lat' dir='ltr'><strong>deria</strong></span> <span class='ocrx_word' id='word_1_422' title='bbox 902 4620 967 4681; x_wconf 88' lang='lat' dir='ltr'><strong>et</strong></span> <span class='ocrx_word' id='word_1_423' title='bbox 1010 4615 1272 4701; x_wconf 89' lang='lat' dir='ltr'><strong>propria</strong></span> <span class='ocrx_word' id='word_1_424' title='bbox 1328 4613 1785 4698; x_wconf 88' lang='lat' dir='ltr'><strong>relinquentes,</strong></span> <span class='ocrx_word' id='word_1_425' title='bbox 1843 4614 2135 4682; x_wconf 88' lang='lat' dir='ltr'><strong>tollentes</strong></span> <span class='ocrx_word' id='word_1_426' title='bbox 2194 4634 2443 4681; x_wconf 90' lang='lat' dir='ltr'><strong>crucem</strong></span> <span class='ocrx_word' id='word_1_427' title='bbox 2488 4634 2701 4698; x_wconf 85' lang='lat' dir='ltr'><strong>suam,</strong></span> <span class='ocrx_word' id='word_1_428' title='bbox 2762 4614 3085 4681; x_wconf 86' lang='lat' dir='ltr'><strong>dominum</strong></span> <span class='ocrx_word' id='word_1_429' title='bbox 3134 4616 3284 4679; x_wconf 88' lang='lat' dir='ltr'><strong>sunt</strong></span> <span class='ocrx_word' id='word_1_430' title='bbox 3326 4612 3553 4691; x_wconf 80' lang='lat' dir='ltr'><strong>secuti3</strong></span> 
     </span>
     <span class='ocr_line' id='line_1_40' title="bbox 675 4718 3554 4809; baseline -0.001 -21"><span class='ocrx_word' id='word_1_431' title='bbox 675 4722 800 4809; x_wconf 90' lang='lat' dir='ltr'><strong>ipsi</strong></span> <span class='ocrx_word' id='word_1_432' title='bbox 847 4729 1014 4805; x_wconf 87' lang='lat' dir='ltr'><strong>sunt,</strong></span> <span class='ocrx_word' id='word_1_433' title='bbox 1058 4743 1173 4809; x_wconf 91' lang='lat' dir='ltr'><strong>per</strong></span> <span class='ocrx_word' id='word_1_434' title='bbox 1218 4740 1375 4806; x_wconf 88' lang='lat' dir='ltr'><strong>quos</strong></span> <span class='ocrx_word' id='word_1_435' title='bbox 1422 4721 1575 4788; x_wconf 88' lang='lat' dir='ltr'><strong>deus</strong></span> <span class='ocrx_word' id='word_1_436' title='bbox 1621 4720 1995 4787; x_wconf 88' lang='lat' dir='ltr'><strong>orientalem</strong></span> <span class='ocrx_word' id='word_1_437' title='bbox 2042 4721 2371 4789; x_wconf 87' lang='lat' dir='ltr'><strong>ecclesiam</strong></span> <span class='ocrx_word' id='word_1_438' title='bbox 2420 4742 2457 4789; x_wconf 86' lang='lat' dir='ltr'><strong>a</strong></span> <span class='ocrx_word' id='word_1_439' title='bbox 2498 4741 2893 4809; x_wconf 79' lang='lat' dir='ltr'><strong>paganorum</strong></span> <span class='ocrx_word' id='word_1_440' title='bbox 2940 4719 3261 4806; x_wconf 87' lang='lat' dir='ltr'><strong>spurcitiis</strong></span> <span class='ocrx_word' id='word_1_441' title='bbox 3306 4718 3554 4801; x_wconf 86' lang='lat' dir='ltr'><strong>liberat,</strong></span> 
     </span>
     <span class='ocr_line' id='line_1_41' title="bbox 674 4825 3555 4916; baseline -0.002 -21"><span class='ocrx_word' id='word_1_442' title='bbox 674 4834 743 4895; x_wconf 87' lang='lat' dir='ltr'><strong>et</strong></span> <span class='ocrx_word' id='word_1_443' title='bbox 787 4829 1114 4895; x_wconf 87' lang='lat' dir='ltr'><strong>christiani</strong></span> <span class='ocrx_word' id='word_1_444' title='bbox 1161 4828 1434 4894; x_wconf 89' lang='lat' dir='ltr'><strong>nominis</strong></span> <span class='ocrx_word' id='word_1_445' title='bbox 1478 4828 1767 4895; x_wconf 87' lang='lat' dir='ltr'><strong>inimicos</strong></span> <span class='ocrx_word' id='word_1_446' title='bbox 1815 4834 2209 4916; x_wconf 81' lang='lat' dir='ltr'><strong>expungnat3</strong></span> <span class='ocrx_word' id='word_1_447' title='bbox 2256 4828 2383 4914; x_wconf 88' lang='lat' dir='ltr'><strong>ipsi</strong></span> <span class='ocrx_word' id='word_1_448' title='bbox 2412 4848 2528 4914; x_wconf 88' lang='lat' dir='ltr'><strong>pro</strong></span> <span class='ocrx_word' id='word_1_449' title='bbox 2556 4825 2861 4895; x_wconf 84' lang='lat' dir='ltr'><strong>fratribus</strong></span> <span class='ocrx_word' id='word_1_450' title='bbox 2891 4829 3135 4893; x_wconf 84' lang='lat' dir='ltr'><strong>animas</strong></span> <span class='ocrx_word' id='word_1_451' title='bbox 3166 4844 3405 4913; x_wconf 84' lang='lat' dir='ltr'><strong>ponere</strong></span> <span class='ocrx_word' id='word_1_452' title='bbox 3430 4844 3555 4891; x_wconf 90' lang='lat' dir='ltr'><strong>non</strong></span> 
     </span>
     <span class='ocr_line' id='line_1_42' title="bbox 675 4928 3555 5022; baseline -0.002 -21"><span class='ocrx_word' id='word_1_453' title='bbox 675 4932 1022 5001; x_wconf 84' lang='lat' dir='ltr'><strong>formidant</strong></span> <span class='ocrx_word' id='word_1_454' title='bbox 1075 4941 1140 5002; x_wconf 89' lang='lat' dir='ltr'><strong>et</strong></span> <span class='ocrx_word' id='word_1_455' title='bbox 1193 4936 1556 5021; x_wconf 84' lang='lat' dir='ltr'><strong>peregrinos</strong></span> <span class='ocrx_word' id='word_1_456' title='bbox 1614 4935 1696 5003; x_wconf 87' lang='lat' dir='ltr'><strong>ad</strong></span> <span class='ocrx_word' id='word_1_457' title='bbox 1753 4942 1975 5003; x_wconf 88' lang='lat' dir='ltr'><strong>sancta</strong></span> <span class='ocrx_word' id='word_1_458' title='bbox 2033 4935 2174 5002; x_wconf 87' lang='lat' dir='ltr'><strong>loca</strong></span> <span class='ocrx_word' id='word_1_459' title='bbox 2234 4934 2701 5022; x_wconf 86' lang='lat' dir='ltr'><strong>proficiscentes</strong></span> <span class='ocrx_word' id='word_1_460' title='bbox 2758 4940 2891 5001; x_wconf 88' lang='lat' dir='ltr'><strong>tam</strong></span> <span class='ocrx_word' id='word_1_461' title='bbox 2946 4935 3015 5001; x_wconf 89' lang='lat' dir='ltr'><strong>in</strong></span> <span class='ocrx_word' id='word_1_462' title='bbox 3070 4933 3277 5000; x_wconf 87' lang='lat' dir='ltr'><strong>eundo</strong></span> <span class='ocrx_word' id='word_1_463' title='bbox 3336 4928 3555 5018; x_wconf 74' lang='lat' dir='ltr'><strong>quain&#39;</strong></span> 
     </span>
    </p>
   </div>
   <div class='ocr_carea' id='block_1_12' title="bbox 3829 3390 3830 5285">
    <p class='ocr_par' dir='ltr' id='par_1_12' title="bbox 3829 3390 3830 5285">
     <span class='ocr_line' id='line_1_43' title="bbox 3829 3390 3830 5285; baseline 0 0"><span class='ocrx_word' id='word_1_464' title='bbox 3829 3390 3830 5285; x_wconf 95' lang='lat' dir='ltr'><strong> </strong></span> 
     </span>
    </p>
   </div>
  </div>
 </body>
</html>
