3892 5609
1361 277 1748 362 varmmi
1795 311 2184 362 cananum
3042 302 3193 372 407

345 476 574 542 fratres
604 473 936 560 hospitalis
967 479 1182 540 sancte
1209 473 1408 540 Marie
1439 473 1963 540 Theutonicorum
1994 473 2109 540 illa
2138 475 2215 541 de
2244 493 2433 541 causa
2461 473 2787 561 potissime
2814 478 3197 559 reputamus,

349 584 498 668 quia
541 583 646 668 pie
689 582 1178 648 conversationis
1225 586 1290 647 et
1331 581 1460 646 vite
1506 581 1714 647 studio
1759 582 1896 648 sine
1940 582 2405 648 intermissione
2450 580 2759 647 desudant
2802 585 2866 646 et
2908 601 3023 666 pro
3054 581 3199 646 sub-

350 689 510 755 sidio
555 694 722 755 terre
767 694 980 754 sancte
1025 707 1098 754 ac
1143 707 1258 774 pro
1299 685 1446 754 fidei
1485 689 1736 771 negotio
1781 690 1849 754 in
1876 687 2141 756 Livonie
2181 695 2245 755 et
2272 688 2529 756 Pruscie
2558 687 2843 773 partibus
2872 687 3199 771 magnifice

347 795 771 883 promovendo
816 795 1062 862 labores
1109 793 1412 880 plurimos
1459 801 1522 860 et
1567 793 1844 862 infinitas
1891 797 2215 880 angustias
2264 815 2337 862 ac
2380 796 2569 862 etiam
2602 795 2823 860 mortis
2855 794 3199 881 periculum

351 904 430 970 ad
477 905 774 970 honorem
821 902 1017 968 divini
1063 900 1335 967 nominis
1381 902 1568 968 corde
1613 903 1925 989 intrepido
1970 903 2477 988 frequentissime
2519 903 2863 988 patiuntur.
2911 901 3062 968 Inde
3106 900 3197 986 fit,

350 1010 514 1096 quod
561 1029 672 1076 nos
720 1009 870 1075 olim
915 1009 1092 1075 vobis
1137 1014 1386 1075 nostras
1431 1009 1698 1076 dicimur
1741 1009 2047 1076 direxisse
2091 1011 2333 1078 litteras
2380 1009 2799 1092 continentes,
2846 1015 2917 1074 ut
2961 1014 3199 1075 vestros

350 1117 616 1183 decanos
672 1122 736 1182 et
781 1116 1248 1182 archidiaconos
1297 1117 1580 1199 arceatis,
1635 1136 1716 1181 ne
1760 1116 2043 1183 homines
2090 1118 2394 1186 dictorum
2441 1116 2707 1182 fratrum
2750 1135 2867 1201 pro
2914 1115 3045 1180 suis
3092 1135 3199 1180 ex·-

349 1224 626 1291 eessibus
679 1222 1044 1310 pecuniaria
1099 1241 1264 1308 pena
1319 1223 1616 1309 puniant,
1675 1224 1816 1307 sed,
1877 1225 2174 1310 imposita
2226 1225 2353 1290 illis
2408 1223 2757 1309 penitentia
2800 1223 3197 1308 competenti,

349 1331 515 1398 bona
559 1350 774 1398 eorum
821 1330 899 1396 ad
943 1349 1096 1395 usus
1123 1329 1390 1396 fratrum
1421 1332 1700 1417 ipsorum
1730 1329 1798 1395 in
1829 1350 1983 1417 pace
2012 1331 2351 1415 dimittant,
2399 1329 2673 1396 maxime
2702 1349 2843 1395 cum
2872 1328 3201 1412 indignum

351 1439 467 1524 sit,
523 1439 698 1524 quod·
744 1437 935 1502 iidem
983 1437 1243 1520 fratres,
1304 1439 1411 1522 qui
1457 1437 1538 1502 ad
1582 1437 2009 1506 defensionem
2054 1436 2199 1504 fidei
2244 1440 2395 1504 totis
2440 1435 2677 1504 viribus
2724 1437 3075 1520 elaborant,
3132 1436 3201 1502 in

351 1544 538 1611 rebus
594 1545 676 1611 ad
729 1545 902 1630 ipsos
961 1543 1388 1628 spectantibus
1449 1543 1700 1628 aliquod
1745 1545 2097 1611 sustineant
2140 1543 2603 1612 detrimentum.
2693 1543 2855 1622 Quia
2896 1563 3044 1609 vero
3090 1562 3201 1609 vos

349 1652 496 1738 ipsi,
538 1656 726 1738 prout
753 1652 1054 1717 mirantes
1087 1651 1458 1735 audivimus,
1503 1652 1788 1718 homines
1819 1651 2129 1719 dictorum
2156 1653 2421 1718 fratrum
2455 1651 2811 1717 huiusmodi
2840 1651 3203 1736 pecuniaria

349 1778 517 1845 pena
569 1758 807 1845 punitis
823 1807 842 1840 ,
902 1762 1162 1843 propter
1207 1759 1371 1843 quod
1427 1758 1618 1824 iidem
1663 1759 1892 1826 fratres
1939 1759 2021 1825 ad
2066 1759 2405 1846 apostolice
2451 1759 2617 1824 sedis
2662 1757 3056 1824 clementiam
3100 1777 3199 1824 re-

351 1885 602 1932 currere
656 1869 804 1930 sunt
847 1867 1043 1932 coacti
1057 1915 1076 1948 ,
1133 1885 1248 1931 nos
1294 1866 1762 1932 universitatem
1809 1871 2084 1932 vestram
2132 1870 2368 1932 attente
2412 1865 2752 1949 rogandam
2800 1864 3091 1930 duximus
3136 1870 3203 1931 et

350 1971 748 2057 monendam,
774 1992 886 2058 per
910 1971 1252 2058 apostolica
1271 1972 1448 2038 vobis
1481 1973 1716 2058 scripta
1744 1973 2027 2052 districte
2050 1971 2447 2060 precipiendo
2470 1972 2858 2055 mandantes,
2884 1972 3200 2056 quatinuS,

353 2081 518 2147 circa
560 2079 788 2146 fratres
833 2079 1082 2146 eosdem
1130 2075 1417 2144 affectum
1463 2079 1820 2146 benivolum
1865 2100 1979 2166 pro
2028 2081 2243 2146 divina
2285 2085 2349 2145 et
2392 2085 2609 2145 nostra
2652 2081 3005 2146 reverentia
3048 2079 3200 2146 diri-

352 2193 602 2270 gentes,
663 2185 940 2271 prefatos
993 2186 1274 2271 ipsorum
1332 2186 1617 2254 homines
1669 2187 2025 2254 nullatenus
2084 2187 2159 2252 de
2204 2193 2410 2254 cetero
2466 2185 2679 2253 taliter
2723 2187 3031 2273 puniatis,
3090 2187 3201 2254 sed

353 2293 442 2359 eis
473 2297 662 2378 prout
689 2291 831 2376 hiis,
865 2293 929 2357 in
963 2291 1185 2378 quibus
1217 2295 1618 2378 excesserint,
1649 2294 1829 2362 iuxta
1857 2295 2123 2360 formam
2154 2293 2331 2360 vobis
2361 2294 2659 2359 traditam
2690 2299 2911 2359 contra
2933 2294 3200 2360 decanos

355 2404 418 2466 et
481 2399 948 2467 archidiaconos
1007 2405 1386 2467 memoratos
1443 2401 1726 2468 iniuncta
1779 2401 2129 2487 penitentia
2184 2401 2559 2487 competenti
2612 2399 2778 2466 bona
2822 2398 3074 2466 illorum
3118 2402 3200 2468 ad

353 2525 504 2571 usus
551 2506 887 2573 eorundem
934 2507 1201 2573 fratrum
1248 2507 1504 2594 pacifice
1549 2507 1938 2594 relinquatis,
1984 2509 2075 2573 ita
2122 2507 2285 2591 quod
2331 2527 2445 2574 nos
2494 2528 2682 2593 super
2726 2505 2844 2574 hoc
2874 2526 3000 2573 non
3032 2507 3201 2574 aliud

354 2612 648 2680 adhibere
694 2614 1042 2700 consilium,
1090 2614 1201 2680 sed
1246 2619 1571 2681 teneamur
1613 2615 1790 2681 vobis
1835 2615 1918 2681 ad
1966 2615 2240 2680 actiones
2272 2613 2491 2681 uberes
2522 2615 2887 2698 gratiarum.
2964 2613 3196 2681 Datum

351 2720 640 2804 Anagnie
684 2721 796 2787 viii
839 2721 1140 2788 kalendas
1183 2721 1482 2788 februarii
1529 2721 1928 2809 pontificatus
1974 2723 2175 2788 nostri
2220 2741 2381 2788 anno
2432 2727 2627 2788 sexto.

563 2861 886 2914 Transsumta
923 2863 1021 2914 duo
1057 2861 1106 2912 d.
1133 2862 1181 2912 d.
1217 2863 1410 2914 Romae
1439 2861 1570 2913 1427
1608 2862 1730 2913 iunii
1754 2863 1787 2913 6
1823 2863 2029 2914 iubente
2065 2864 2303 2928 magistro
2339 2863 2574 2914 Heinrico
2612 2863 2819 2924 Gedde,
2856 2862 3043 2914 ordinis
3077 2879 3197 2928 pro-

352 2956 580 3000 curatore
615 2951 865 3016 generali,
902 2951 968 3001 ad
1003 2967 1177 3016 preces
1213 2949 1450 3002 Iohannis
1485 2950 1746 3016 Timar-th,
1782 2950 2144 3017 procuratoris,
2182 2951 2498 3003 Curoniensis
2534 2951 2785 3017 episcopi,
2830 2967 2922 3016 per
2957 2950 3201 3002 Iulianum

353 3037 420 3089 de
445 3038 711 3102 Conuiuis,
745 3041 778 3092 i.
803 3057 852 3090 u.
879 3039 950 3100 d„
985 3055 1151 3105 papae
1187 3039 1500 3106 capellanum
1535 3057 1596 3090 ac
1631 3040 1758 3090 sacri
1793 3039 1975 3105 palacii
1999 3039 2259 3105 apostolici
2283 3057 2543 3092 causarum
2566 3041 2772 3104 eiusque
2796 3040 3054 3090 camerarii
3074 3055 3198 3090 nec-

353 3143 454 3180 non
490 3129 656 3180 curiae
691 3145 952 3180 causarum
985 3145 1214 3180 camerae
1249 3127 1554 3194 apostolicae
1588 3127 1876 3194 gener-*alem
1911 3128 2203 3180 auditorem.
2258 3129 2353 3179 Ed.
2391 3129 2443 3178 in
2480 3127 2605 3180 Livl.
2631 3129 2693 3180 U.
2718 3127 2777 3180 B.
2804 3127 2844 3190 1,
2869 3127 2973 3179 443
3010 3146 3059 3180 n.
3078 3128 3199 3180 349.

359 3429 398 3500 6
416 3430 533 3502 10.
574 3433 750 3499 1260
793 3435 1080 3498 ianuarii
1113 3433 1206 3497 25
1247 3431 1604 3518 Anaqm’ae.
1685 3432 2052 3498 Ale-vander
2098 3432 2139 3496 I
2146 3432 2207 3500 V
2243 3433 2458 3498 ordini
2508 3431 2881 3498 Tkeutonico
2944 3432 3080 3496 loca
3124 3435 3201 3498 de

571 3541 860 3606 manibus
899 3562 1296 3626 payanorum
1341 3551 1551 3625 erepta
1597 3540 1934 3622 confirmat.

578 3680 939 3747 Alexander
987 3682 1318 3768 episcopus
1365 3699 1582 3746 servus
1628 3699 1949 3745 servorum
1997 3680 2099 3745 dei
2145 3678 2387 3745 dilectis
2430 3677 2577 3744 filiis
2622 3680 2923 3762 magistro
2970 3684 3034 3745 et
3073 3679 3200 3745 fra-

353 3789 554 3855 tribus
600 3785 928 3874 hospitalis
974 3794 1186 3854 sancte
1215 3787 1414 3854 Marie
1445 3787 1967 3852 Theutonicorum
2012 3786 2490 3852 lerosolimitani
2537 3787 2801 3853 salutem
2848 3791 2911 3852 et
2950 3791 3199 3871 aposto-

353 3897 535 3962 licam
569 3895 1083 3962 benedictionem.
1294 3894 1517 3980 Operis
1547 3894 1862 3960 evidentia
1891 3893 2266 3976 declarante,
2298 3893 2462 3976 quod
2492 3913 2603 3959 vos
2634 3893 2713 3958 ad
2743 3894 2859 3960 hoc
2886 3894 3199 3959 ferventer

351 4003 673 4085 insistitis,
719 4009 792 4068 ut
835 4001 1069 4068 cultum
1113 4000 1416 4068 catholice
1458 4001 1602 4068 fidei
1650 4007 1776 4066 tam
1821 4001 1890 4066 in
1935 4001 2195 4066 orientis
2234 4020 2420 4085 quam
2452 3999 2707 4067 Pruscie
2748 4007 2811 4068 et
2837 3999 3097 4066 Livonie
3136 4007 3198 4066 et

353 4111 420 4176 in
463 4109 866 4176 conterminis
909 4109 998 4175 eis
1035 4109 1321 4195 partibus
1363 4108 1442 4174 ad
1485 4108 1582 4174 dei
1624 4107 1890 4192 gloriam
1921 4107 2256 4194 amplietis,
2304 4106 2437 4173 sedi
2469 4107 2806 4193 apostolice
2834 4107 3200 4175 delectabile

359 4217 672 4300 redditur,
728 4221 801 4282 ut
845 4235 954 4281 vos
1011 4217 1274 4298 gratiosi
1314 4215 1548 4281 favoris
1594 4214 1914 4282 affluentia
1964 4222 2399 4302 prosequatur.
2486 4204 2649 4281 Hinc
2694 4221 2819 4300 est,
2876 4215 3039 4300 quod
3083 4236 3199 4282 nos

361 4325 588 4390 vestris
619 4322 1179 4409 supplicationibus
1209 4321 1492 4388 inclinati
1521 4341 1736 4388 omnes
1765 4327 1989 4406 terras,
2018 4323 2325 4406 regiones,
2358 4328 2585 4404 castra,
2616 4322 2796 4388 villas
2828 4343 2937 4390 seu
2968 4324 3200 4410 oppida

360 4437 424 4498 et
467 4450 832 4516 quecunque
874 4430 1032 4513 loca,
1079 4449 1198 4514 que
1229 4449 1338 4494 vos
1385 4429 1580 4494 adiuti
1620 4428 1896 4495 subsidio
1944 4431 2254 4496 exercitus
2285 4430 2609 4496 christiani
2642 4430 2883 4516 eripere
2912 4432 3199 4516 poteritis

356 4540 434 4605 de
477 4539 766 4605 manibus
812 4557 1230 4624 paganorum,
1289 4535 1622 4601 dummodo
1677 4555 1800 4600 non
1862 4537 2219 4622 pertineant
2274 4538 2355 4602 ad
2400 4537 2640 4621 aliquos
2684 4537 3056 4604 christianos
3100 4537 3200 4605 vel

359 4645 682 4712 christiani
731 4663 806 4710 ea
848 4663 975 4710 non
1018 4643 1412 4729 possederint
1459 4663 1496 4708 a
1540 4647 1841 4729 tempore,
1897 4643 2073 4709 cuius
2130 4644 2435 4710 memoria
2486 4664 2611 4710 non
2657 4646 2901 4728 existit,
2956 4665 3203 4712 exnunc

355 4753 422 4818 in
469 4753 566 4817 ius
613 4757 678 4818 et
732 4751 1182 4837 proprietatem
1242 4750 1410 4816 beati
1454 4749 1626 4816 Petri
1673 4751 2047 4837 suscipimus
2092 4757 2157 4816 et
2200 4751 2311 4817 illa
2356 4751 2471 4817 sub
2518 4752 2775 4838 speciali
2816 4753 3203 4838 protectione

359 4877 432 4925 ac
473 4858 830 4926 defensione
861 4857 1202 4945 apostolice
1231 4856 1416 4942 sediS,
1463 4863 1794 4944 postquam
1837 4859 1916 4924 ad
1944 4857 2355 4924 christianum
2386 4858 2624 4925 cultum
2661 4859 2921 4925 reducta
2946 4859 3200 4943 fuerint,

361 4965 684 5053 perpetuis
729 4963 1116 5052 temporibus
1161 4983 1529 5052 permanere
1575 4965 1908 5050 sancimus,
1954 4966 2217 5052 ipsaque
2248 4965 2425 5032 vobis
2466 4971 2529 5033 et
2570 4965 2783 5032 domui
2810 4970 3019 5032 vestre
3060 4985 3203 5032 cum
