3892 5609
1923 254 1932 259 -
2592 238 2611 271 Χ

1323 330 1712 381 rammam
1757 330 2148 380 canamus
2492 382 2495 389 ,
3019 320 3060 392 3
3075 323 3110 392 1
3126 321 3165 391 7

311 487 488 556 Petri
519 492 583 557 et
610 487 790 557 Pauli
823 488 1246 575 apostolorum
1281 490 1414 557 eius
1455 512 1523 558 se
1565 493 1810 559 noverit
1838 491 2255 564 incursurum.
2316 490 2553 557 Datum
2579 489 2880 557 Laterani
2926 490 2991 557 vi
3031 490 3173 559 idus

312 596 616 663 februarii
659 594 1058 683 pontificatus
1102 598 1305 665 nostri
1349 618 1510 667 anno
1555 620 1616 667 v.

529 737 650 788 Sine
696 737 840 789 dato:
888 738 1156 801 11,113v.
1204 757 1254 790 n.
1283 738 1378 799 65;
1424 739 1487 790 A.
1514 738 1579 791 16
1614 738 1788 805 p.ll2
1829 708 2138 803 „havit-is&
2184 739 2339 791 A.20
2374 757 2425 791 n.
2442 739 2511 791 73
2546 738 2726 790 Latine
2762 746 2817 789 et
2850 738 3174 800 Germanice3

313 824 380 877 D.
401 823 486 877 75.
515 856 576 863 -
617 826 740 877 cnm
776 825 919 878 dato:
955 827 1046 891 IV,
1077 827 1176 879 189
1211 846 1262 879 ιι.
1287 827 1384 889 22;
1420 828 1485 880 R.
1515 826 1614 877 142
1651 828 1780 879 inter
1804 828 2149 881 Treverensia.
2203 828 2478 895 Originale,
2516 844 2627 879 cum
2662 826 2801 878 bulla
2834 827 2885 877 in
2922 826 3019 878 filis
3044 827 3171 879 seri-

315 914 420 965 ceis
456 913 795 981 appendente,
834 915 1084 981 quondam
1111 916 1471 978 Confluentiae,
1509 932 1641 967 nunc
1665 915 1997 967 vindobonae
2032 917 2083 969 in
2110 917 2309 969 archivo
2334 918 2521 969 ordinis
2546 915 2839 967 Theutonici
2875 925 3172 967 asservatur.

315 1002 513 1055 Ibidem
547 1010 904 1055 transsumtum
939 1022 1000 1055 ex
1038 1006 1184 1057 domo
1209 1006 1269 1056 E.
1297 1006 1364 1073 (Ἰ)
1383 1023 1483 1072 per
1506 1004 1875 1057 Montanarium
1889 1043 1903 1065 ,
1940 1004 2180 1056 Friderici
2216 1004 2529 1073 imperatoris
2552 1005 2604 1056 Π
2628 1005 2901 1066 notarium,
2940 1004 3180 1055 Ottonem

317 1092 449 1143 sacri
485 1092 658 1159 palatii
693 1093 968 1156 notarium,
1016 1094 1270 1147 Aldricum
1305 1094 1653 1147 'tridentinum
1687 1094 1977 1160 episcopum
2014 1093 2079 1145 de
2120 1094 2271 1147 1222.
2488 1094 2534 1144 1.
2581 1092 2896 1155 elericorum,
2946 1094 3177 1144 altarium

319 1180 468 1233 deest
501 1180 592 1245 IV,
628 1181 692 1233 R.
723 1180 839 1233 142.

324 1474 502 1547 360.
540 1478 714 1544 1221
742 1478 1075 1563 februar-ii
1113 1482 1158 1545 9
1201 1480 1526 1546 Laterani.
1595 1482 1922 1548 Honorius
1952 1481 2077 1547 ΙΙΙ
2112 1493 2275 1547 vetat
2316 1481 2558 1545 ordinis
2604 1476 2973 1545 Theutoniei
3014 1501 3175 1567 apo-

541 1596 736 1651 statas
762 1584 1001 1671 foveri.

499 1707 812 1775 Honorius
873 1710 1200 1797 episcopus
1269 1730 1486 1777 servus
1541 1730 1864 1778 servorum
1924 1710 2027 1777 dei
2087 1708 2546 1777 venerabilibus
2610 1709 2913 1776 fratribus
2972 1708 3174 1775 archi-

319 1815 634 1902 episcopis
691 1822 754 1883 et
809 1817 1120 1903 episcopis
1177 1822 1242 1883 et
1284 1816 1528 1884 dilectis
1583 1816 1728 1884 filiis
1786 1818 2115 1885 abbatibus
2171 1823 2286 1884 etc.
2342 1815 2609 1883 salutem
2656 1821 2719 1881 et
2766 1814 3173 1902 apostolicam

319 1922 838 1989 benedictionem.
1041 1924 1200 1990 Cum
1243 1945 1427 1991 nemo
1471 1946 1727 1991 manum
1773 1926 2032 1991 mittens
2075 1924 2155 1990 ad
2200 1931 2475 1991 aratrum
2520 1932 2583 1989 et
2624 1928 2793 1989 retro
2837 1920 3175 2008 aspiciens¹

322 2034 509 2115 aptus
555 2030 640 2096 sit
680 2050 872 2113 regno
921 2029 1041 2114 dei,
1083 2052 1216 2115 nec,
1251 2032 1358 2117 qui
1404 2052 1596 2118 supra
1639 2038 1870 2099 tectum
1920 2033 2220 2117 ascendit,
2269 2030 2643 2098 descendere
2688 2029 2912 2096 debeat
2952 2030 3021 2095 in
3066 2024 3176 2095 d'o-

318 2156 518 2221 mum,
563 2142 636 2202 ut
676 2141 956 2204 resumat
997 2138 1276 2205 tunicam
1323 2138 1706 2222 derelictam,
1753 2158 1946 2223 grave
1992 2140 2179 2205 nimis
2220 2139 2495 2223 gerimus
2526 2143 2589 2203 et
2616 2136 2962 2220 indignum,
3010 2136 3175 2221 quod

321 2243 575 2329 quidam
630 2244 858 2311 fratres
918 2243 1139 2312 domus
1208 2246 1536 2333 hospitalis
1594 2251 1810 2313 sancte
1864 2246 2064 2313 Marie
2118 2246 2640 2312 Theotonicorum
2695 2243 3177 2310 Ierosolimitani

321 2355 547 2437 sponte
591 2370 630 2417 a
675 2350 772 2417 sui
815 2352 1123 2439 propositi
1167 2354 1422 2420 tramite
1467 2354 1854 2420 discedentes
1898 2353 2120 2420 habitu
2162 2352 2483 2437 religionis
2530 2352 2769 2419 abiecto
2812 2351 2891 2417 ad
2920 2351 3175 2437 nuptias

319 2463 653 2524 transeunt
707 2458 1017 2526 seculares
1082 2465 1145 2526 et
1197 2465 1502 2547 ponentes
1544 2460 1614 2528 in
1669 2460 1959 2528 cordibus
2004 2460 2154 2545 suiS,
2201 2459 2370 2546 quod
2410 2479 2539 2525 non
2582 2459 2667 2525 sit
2711 2459 2865 2525 deus
2922 2478 3038 2525 nec
3092 2459 3177 2524 sit

321 2565 586 2631 scientia
627 2566 696 2631 in
741 2566 1006 2650 excelsO,
1052 2586 1167 2634 nec
1208 2569 1491 2653 requirat
1534 2569 1677 2652 ista,
1724 2567 1832 2653 qui
1877 2574 2187 2635 scrutator
2233 2573 2331 2635 est
2372 2568 2652 2635 cordium
2700 2571 2765 2633 et
2808 2566 3000 2632 etiam
3042 2586 3174 2633 me-

322 2670 659 2757 dullarum,
705 2672 955 2739 deserta
998 2672 1244 2740 celestis
1288 2675 1456 2758 regis
1501 2675 1736 2741 milicia
1777 2675 2095 2759 cingulum
2126 2674 2423 2741 secularis
2464 2674 2696 2741 milicie
2740 2673 3017 2759 recipere
3046 2691 3174 2739 non
3286 2748 3289 2751 ⁴

322 2785 638 2863 verentur,
695 2783 759 2846 et
813 2780 1176 2865 frequenter
1219 2781 1471 2866 quidam
1534 2781 1611 2848 de
1663 2782 1821 2869 ipsis
1874 2782 2175 2849 fratribus
2230 2782 2561 2849 exterioris
2620 2780 2942 2863 religionis
2995 2780 3173 2863 signo

319 2891 586 2971 retento,
644 2906 786 2952 cum
838 2888 1009 2954 intus
1055 2908 1124 2955 se
1178 2909 1215 2954 a
1257 2890 1457 2955 tocius
1514 2887 1836 2971 religionis
1889 2890 2287 2956 observantia
2332 2888 2698 2972 abdicarint,
2748 2886 2827 2953 ad
2870 2906 3173 2973 personas
3222 2902 3225 2905 ’

321 3014 392 3060 se
435 2992 825 3059 transferunt
876 2994 1326 3062 ecclesiasticas
1386 2995 1484 3062 vel
1538 2996 1908 3079 mundanas,
1965 3016 2085 3081 que
2129 2997 2302 3083 ipsos
2346 3015 2472 3062 non
2516 3000 2647 3061 tam
2692 2994 2908 3061 fovent
2951 2996 3016 3061 in
3063 3014 3175 3062 sue

323 3099 682 3167 rebellionis
735 3098 1160 3169 contumacia²
1221 3123 1408 3187 quam
1465 3102 1823 3170 defendunt.
1927 3102 2393 3188 Nonnunquam
2453 3102 2643 3168 etiam
2696 3101 2889 3167 iidem
2944 3102 3171 3169 fratres

322 3207 495 3274 ducti
541 3206 734 3273 animi
777 3206 1033 3275 levitate
1086 3210 1296 3295 potius
1313 3204 1335 3238 ³
1391 3229 1579 3296 quam
1623 3209 1944 3294 religionis
2002 3210 2254 3293 ardore,
2312 3214 2382 3275 ut
2426 3209 2663 3275 evitent
2704 3207 3011 3291 regularis
3065 3208 3173 3275 ob-

321 3314 639 3382 servantie
683 3314 1113 3401 disciplinam,
1171 3336 1314 3382 cum
1357 3316 1574 3403 pocius
1633 3317 1826 3383 velint
1865 3316 2233 3401 religionem
2288 3316 2504 3399 fugere
2548 3336 2734 3400 quam
2782 3320 3047 3399 mutare,
3094 3315 3176 3381 ad

323 3421 516 3488 aliam
559 3422 840 3505 regulam
887 3422 1187 3489 simulant
1231 3444 1298 3491 se
1343 3424 1702 3508 transferre,
1747 3423 1858 3490 ubi
1897 3424 1989 3490 sic
2030 3424 2292 3490 mentito
2340 3423 2659 3507 religionis
2705 3421 2927 3489 habitu
2964 3422 3175 3490 fructu

322 3530 516 3616 primi
561 3529 872 3616 propositi
913 3526 1200 3597 careant⁴
1244 3536 1308 3597 et
1351 3532 1623 3599 secundi.
1693 3531 1850 3598 Cum
1895 3532 2088 3615 igitur
2117 3529 2536 3617 plantationes
2579 3529 2935 3595 huiusmodi
2980 3529 3175 3615 pesti-

320 3634 526 3703 lentes
570 3634 648 3703 de
693 3656 842 3721 agro
889 3636 1126 3704 domini
1171 3638 1300 3704 sint
1343 3639 1734 3725 extirpande,
1779 3658 1858 3705 ne
1902 3638 2085 3721 forte,
2133 3637 2299 3724 quod
2343 3637 2526 3721 absit,
2575 3635 2729 3703 alios
2776 3641 3034 3723 aspectu
3076 3636 3173 3703 in-

319 3741 539 3809 ficiant
566 3763 904 3825 venenos03
949 3744 1421 3811 universitatem
1454 3752 1726 3812 vestram
1772 3766 2097 3812 monemus
2144 3750 2208 3812 et
2249 3740 2606 3811 hortamur⁶
2654 3745 2953 3810 attentius
2966 3738 3014 3829 ⁶,
3060 3765 3173 3831 per

323 3849 671 3937 apostolica
714 3850 891 3917 vobis
936 3851 1173 3937 scripta
1218 3848 1654 3938 precipiendo⁷
1701 3853 2100 3935 mandantes,
2162 3852 2486 3937 quatinus,
2532 3851 2655 3917 nisi
2694 3850 2852 3917 tales
2908 3851 2987 3917 ad
3040 3872 3174 3917 mo-

321 3957 628 4024 nitionem
671 3962 944 4025 vestram
991 3978 1059 4024 se
1104 3959 1490 4026 correxerint
1534 3966 1598 4026 et
1641 3959 1720 4025 ad
1766 3980 1951 4026 suum
2008 3959 2290 4027 ordinem
2348 3964 2413 4025 et
2456 3958 2623 4024 viam
2667 3958 2971 4025 redierint
3014 3958 3173 4025 veri-

322 4065 504 4149 tatis,
560 4066 732 4151 ipsos
779 4065 1436 4132 excommunicationis
1483 4066 1727 4132 vinculo
1785 4065 2034 4152 publice
2088 4066 2435 4150 innodetiS,
2496 4066 2610 4132 sub
2666 4066 3175 4133 interminatione

323 4170 744 4239 anathematis
802 4172 1090 4239 omnibus
1147 4172 1580 4259 prohibenteS,
1641 4194 1720 4239 ne
1775 4173 1973 4241 dictos
2031 4180 2350 4262 apostatas
2394 4173 2673 4259 recipere
2718 4168 2850 4240 vel⁸
2902 4173 3176 4241 retinere

311 4280 610 4366 ¹receptos
671 4286 780 4345 aut
830 4278 898 4344 in
955 4299 1070 4345 sua
1125 4278 1376 4346 malicia
1421 4280 1748 4347 confovere
1792 4279 1927 4366 vel,
1986 4281 2155 4367 quod
2208 4281 2404 4365 absit,
2461 4280 2551 4348 eis
2594 4281 2661 4347 in
2722 4300 2976 4347 suarum
3039 4280 3175 4347 ani-

320 4406 570 4455 marum
615 4385 960 4473 periculum
1005 4388 1464 4455 communicare
1509 4393 1894 4475 presumant.
1965 4389 2201 4456 Datum
2232 4386 2529 4455 Laterani
2570 4408 2611 4453 v
2640 4387 2781 4455 idus
2824 4386 3174 4453 februarias

323 4493 723 4582 pontificatus
768 4494 968 4561 nostri
1012 4514 1176 4561 anno
1221 4496 1459 4580 quinto.

475 4624 480 4633 ’
534 4625 655 4679 Sine
691 4626 834 4678 dato:
872 4627 938 4689 11,
965 4626 1091 4677 93v.
1128 4643 1179 4678 n.
1209 4627 1299 4688 163
1335 4628 1400 4679 A.
1425 4626 1496 4679 20
1531 4644 1580 4679 n.
1603 4626 1668 4679 16
1703 4627 1882 4679 Latine
1916 4636 1971 4678 et
1992 4627 2292 4679 Germanice
2328 4644 2439 4677 cum
2473 4635 2620 4679 nota:
2657 4628 2751 4678 Est
2785 4626 2836 4677 in
2863 4625 3176 4677 Confluentis

323 4724 422 4767 etc.
450 4745 513 4756 —
555 4716 677 4767 Cum
701 4714 843 4767 dato:
875 4714 1138 4780 „Colonie“
1179 4714 1242 4767 A.
1267 4715 1331 4766 16
1367 4734 1418 4782 p.
1443 4716 1529 4768 75.
1583 4716 1856 4783 originale,
1893 4715 2145 4783 quondam
2170 4714 2585 4779 Confluentinum,
2612 4715 2677 4767 de
2702 4732 2799 4781 quo
2821 4714 2959 4766 bulla
2981 4713 3173 4777 avulsa,

320 4818 456 4855 nune
480 4802 810 4856 vindobonae
841 4804 894 4856 in
928 4804 1127 4856 archivo
1163 4804 1350 4856 ordinis
1373 4804 1667 4857 'l'heutonici
1701 4812 2000 4858 asservatur.
2143 4806 2187 4857 1.
2224 4802 2344 4856 Luc.
2374 4804 2423 4856 9.
2450 4804 2536 4856 62.
2666 4804 2716 4857 2.
2754 4803 2963 4855 audacia
2998 4803 3061 4855 A.
3092 4802 3173 4856 16.

321 4894 374 4945 3.
412 4901 528 4960 post
561 4893 628 4957 11,
665 4892 729 4947 A.
747 4892 834 4947 20.
991 4892 1042 4945 4.
1079 4891 1114 4945 1.
1140 4896 1347 4946 carent?
1501 4895 1553 4946 5.
1589 4894 1906 4947 exhortamur
1938 4893 2007 4947 11.
2158 4892 2208 4947 6.
2244 4893 2484 4945 attentius
2518 4893 2585 4945 11.
2736 4891 2787 4945 7.
2824 4892 2969 4945 deest
3003 4891 3069 4943 A.
3091 4890 3172 4944 16.

323 4982 375 5034 8.
413 4982 560 5035 deest
590 4982 656 5034 11.
