3892 5609
686 308 833 381 382
1655 318 2077 367 ronrmouu
2122 318 2563 367 Rommomm

689 480 990 547 stolorum
1051 498 1118 544 se
1173 478 1420 543 noverit
1471 478 1885 543 incursurum.
1978 478 2211 544 Datum
2257 477 2526 545 viterbii
2580 498 2621 543 v
2674 496 2874 543 nonas
2930 476 3084 541 maii
3138 472 3545 562 pontificatus

686 588 887 653 nostri
933 606 1095 652 anno
1140 584 1354 651 tercio,

895 718 1014 769 Sine
1040 717 1184 769 dato:
1221 718 1284 768 R.
1303 717 1372 768 98
1395 718 1526 767 inter
1550 715 1776 767 Alsstica
1797 734 1848 768 n.
1865 716 1930 767 13
1956 716 2149 767 citatur.
2190 718 2247 767 In
2276 716 2623 783 designatione
2644 716 2967 767 Mitowiensis
2990 714 3177 765 archivi
3202 732 3288 781 ap.
3304 712 3543 765 Scbirren

683 826 736 875 p.
766 807 866 859 130
900 826 951 858 ιι.
975 807 1062 859 99.
1099 838 1170 849 -
1216 806 1338 857 Oum
1375 806 1517 857 dato:
1564 805 1803 855 Laterani
1837 805 1870 855 5
1905 822 2023 856 non.
2060 805 2175 855 maii
2220 823 2271 872 p.
2294 824 2345 856 ιι.
2372 823 2417 856 a.
2442 806 2477 856 3
2510 806 2643 857 inter
2676 804 3003 856 Treverensia
3044 804 3151 869 „Cn
3184 806 3280 854 ex‘
3318 803 3384 854 B..
3414 802 3545 861 136;

685 898 748 949 A.
777 896 841 947 16
876 914 927 963 p.
958 896 1058 947 116
1089 894 1316 961 „Baruli“
1357 912 1409 961 p.
1433 894 1506 945 44
1529 911 1603 959 sq.
1659 894 1746 945 Or.
1773 910 1882 945 cum
1919 893 2058 945 bulla
2092 894 2142 944 in
2178 894 2277 945 filis
2312 894 2473 945 rubris
2510 903 2564 945 et
2595 894 2743 945 luteis
2768 910 2996 960 appensa
3018 892 3272 958 quondam
3296 892 3547 943 Iuncense

685 985 1144 1053 (Confluentinum)
1191 985 1244 1035 in
1281 983 1480 1034 archivo
1515 983 1701 1035 ordinis
1738 982 2035 1033 Tbeutonici
2067 982 2461 1035 vindobonensi.
2496 1012 2557 1021 —-
2608 984 2729 1035 Cum
2765 982 2911 1035 dato:
2958 982 3171 1033 viterbii
3204 983 3241 1033 3
3278 982 3393 1033 idus
3422 980 3547 1031 iunii

687 1093 738 1142 p.
763 1093 814 1125 n.
841 1093 886 1125 a.
911 1075 961 1125 3.
1010 1072 1252 1139 originale
1300 1072 1440 1137 (cum
1489 1072 1606 1123 dato
1653 1072 1852 1133 mutil03
1900 1088 2135 1122 numerus
2178 1073 2311 1123 enim
2347 1081 2463 1123 aute
2499 1073 2611 1123 idus
2648 1080 2725 1123 est
2760 1072 3017 1137 corrosus)
3053 1072 3105 1121 in
3140 1070 3345 1121 archivo
3378 1069 3541 1135 Regi·

686 1172 948 1223 montaum
997 1162 1060 1213 R.
1086 1161 1153 1212 87
1190 1162 1320 1212 inter
1354 1160 1848 1227 Mergenthemensia
1892 1178 1944 1210 ιι.
1969 1161 2066 1221 45;
2113 1160 2176 1212 A.
2203 1161 2272 1211 20
2306 1179 2357 1213 ιι.
2382 1161 2445 1212 91
2496 1161 2675 1212 Latine
2720 1170 2771 1211 et
2808 1159 3103 1211 Germanice
3138 1175 3253 1209 cum
3288 1166 3439 1209 nota:
3480 1158 3543 1207 In

683 1250 890 1313 Buken,
933 1251 987 1301 in
1022 1251 1252 1312 Treveri,
1296 1250 1349 1300 in
1387 1248 1592 1301 Colonia
1635 1258 1687 1300 et
1732 1249 1783 1299 in
1820 1248 2191 1316 Mergintheim.
2228 1279 2291 1288 —
2340 1251 2463 1301 Cum
2508 1251 2649 1301 dato:
2696 1248 2909 1299 viterbii
2944 1250 2976 1299 5
3010 1248 3080 1299 id.
3114 1264 3232 1313 aug.
3268 1264 3322 1314 p.
3345 1266 3397 1297 n.
3424 1247 3541 1298 ι3.

687 1340 928 1406 originale
965 1356 1076 1390 cum
1113 1339 1248 1390 bulla
1281 1340 1334 1389 in
1371 1338 1570 1391 archivo
1595 1338 1980 1404 Regimontano.
2035 1338 2292 1405 originale
2328 1356 2439 1390 cum
2476 1338 2615 1389 bulla
2646 1338 2699 1389 in
2732 1338 2832 1389 filis
2868 1337 3068 1388 sericeis
3092 1352 3339 1403 appensa,
3376 1352 3540 1401 quon·

688 1429 806 1483 dam
833 1428 1247 1489 confluentinum,
1272 1428 1323 1478 in
1351 1427 1548 1479 archivo
1569 1426 1964 1489 Vindobonensi,
1989 1428 2124 1479 unde
2148 1428 2228 1480 ed.
2240 1428 2449 1479 Hennes
2470 1428 2513 1489 1,
2542 1427 2644 1481 154
2666 1445 2718 1479 ιι.
2736 1424 2853 1479 167.
2894 1426 3001 1479 Sed
3022 1427 3073 1478 in
3096 1424 3329 1492 catalogo
3354 1424 3541 1477 ambivi

685 1516 802 1585 lego
839 1516 873 1568 6
897 1516 1008 1568 idus
1033 1533 1148 1582 aug.
1199 1515 1262 1567 A.
1293 1515 1358 1565 16
1391 1533 1442 1582 p.
1467 1515 1537 1566 69
1578 1515 1840 1581 „Colonie“
1881 1516 1935 1566 in
1971 1516 2140 1583 duplo.

693 1776 866 1846 541.
909 1776 1093 1844 1257
1120 1778 1280 1840 maii
1297 1777 1385 1842 29
1421 1776 1683 1841 Viam-bii
1711 1774 1826 1861 (qs.
1851 1780 2012 1841 maii
2031 1776 2140 1857 30,
2173 1777 2349 1843 1258
2376 1780 2545 1841 iunii
2564 1778 2653 1843 25
2677 1789 2732 1842 et
2752 1799 2892 1842 nov.
2910 1776 3001 1858 1).
3047 1774 3417 1840 Alexander
3438 1772 3547 1839 IV

906 1887 1128 1973 repetit
1177 1881 1476 1970 Greqorii
1504 1883 1610 1949 IX
1650 1907 1715 1948 n.
1747 1884 1880 1949 427
1926 1886 2003 1948 de
2048 1884 2227 1949 1227
2272 1884 2420 1949 iulii
2460 1884 2567 1950 31.

903 2025 1266 2092 Alexander
1321 2028 1435 2091 ete.
1683 2024 2031 2107 Religiosos
2090 2024 2258 2091 viros
2326 2062 2393 2073 --
2456 2023 2889 2111 compescatis.
2986 2023 3223 2091 Datum
3270 2022 3545 2089 Viterbii

686 2134 753 2199 iv
795 2133 920 2200 kal.
952 2134 1110 2200 iunii
1155 2152 1217 2219 p.
1250 2152 1313 2198 n.
1347 2152 1402 2198 a.
1436 2132 1526 2197 iii.

861 2312 872 2321 ,
899 2265 1020 2316 Sine
1059 2266 1202 2316 dato:
1239 2265 1304 2326 11,
1337 2264 1492 2315 120v.
1530 2282 1580 2314 n.
1605 2263 1743 2325 82113
1791 2264 1854 2315 A.
1887 2264 1950 2315 16
1987 2281 2037 2329 p.
2068 2263 2165 2314 115
2206 2264 2504 2329 „Treviri-³⁵.
2536 2294 2593 2303 —
2638 2266 2759 2315 Cum
2795 2265 2939 2317 daeo:
2976 2264 3189 2315 viterbii
3222 2264 3261 2313 4
3294 2262 3403 2313 kal.
3424 2262 3549 2313 iunii

687 2373 739 2422 p.
764 2373 815 2406 ιι.
841 2373 888 2406 a.
911 2355 945 2405 3
983 2352 1225 2420 originale
1262 2370 1374 2404 cum
1407 2353 1546 2405 bulla
1578 2353 1631 2402 in
1667 2352 1764 2402 filis
1801 2352 2003 2403 sericeis
2042 2352 2201 2403 rubris
2238 2362 2291 2403 et
2323 2352 2473 2403 luteis
2510 2370 2739 2420 appensa
2774 2353 2961 2404 dudum
2984 2354 3035 2403 in
3061 2353 3207 2403 domo
3233 2352 3549 2403 Theutonica

689 2443 1094 2503 Vindobonensi,
1141 2442 1423 2492 etiamnunc
1459 2442 1510 2492 in
1548 2440 1747 2493 archivo
1784 2440 1971 2491 ordinis
2008 2440 2208 2491 ibidem.
2238 2470 2302 2479 —
2342 2442 2464 2491 Cum
2500 2442 2644 2493 dato:
2682 2442 2897 2493 viterbii
2930 2442 2963 2492 3
2998 2441 3101 2492 kal.
3126 2442 3251 2491 iunii
3286 2458 3338 2507 p.
3361 2457 3414 2490 ιι.
3438 2458 3485 2490 ι.
3513 2439 3548 2489 3

687 2532 931 2599 originale
969 2549 1078 2582 cum
1115 2530 1253 2582 bulla
1287 2531 1339 2581 in
1376 2530 1576 2581 archivo
1615 2528 2011 2596 Regimontan03
2050 2530 2113 2580 cf.
2139 2529 2427 2595 Napiersky
2462 2529 2621 2581 Index
2645 2529 2685 2591 1,
2710 2530 2780 2581 33
2817 2548 2866 2581 ιι.
2896 2530 3023 2591 133;
3059 2532 3110 2580 iu
3136 2530 3315 2581 eodem
3344 2528 3549 2579 archivo

685 2628 1044 2671 transsumtum
1079 2620 1128 2671 d.
1155 2620 1204 2670 d.
1241 2620 1412 2670 Accon
1454 2618 1588 2669 1277
1628 2620 1782 2670 octbr.
1813 2620 1876 2669 19
1913 2618 2208 2670 auctoritate
2244 2618 2517 2670 Benacursi
2553 2619 2791 2684 'Pyrensis
2832 2617 3194 2686 archiepiscopi
3228 2628 3284 2668 et
3320 2616 3549 2669 Gailardi

687 2708 1075 2759 Betlebemitani
1097 2708 1323 2773 episcopi
1346 2725 1437 2774 per
1460 2707 1734 2759 Iohannem
1758 2707 1989 2759 clericum
2015 2707 2357 2759 Acconensem
2382 2706 2689 2769 confectum3
2726 2708 2863 2759 cuius
2888 2708 3178 2759 transsumti
3199 2706 3551 2773 apographum

688 2797 752 2849 R.
769 2798 840 2847 40
864 2799 995 2848 iuter
1013 2796 1325 2863 Ellingensia
1347 2814 1398 2847 n.
1417 2796 1485 2849 25
1497 2814 1513 2857 ς
1549 2797 1612 2847 Β.
1633 2796 1702 2847 58
1729 2796 1862 2847 inter
1885 2796 2273 2861 Ratisponensia
2295 2813 2345 2847 ιι.
2369 2796 2451 2847 14.
2498 2797 2595 2847 Ed.
2620 2796 2847 2847 Duellius
2862 2796 2929 2859 11,
2954 2798 3011 2847 11
3052 2814 3103 2847 ιι.
3127 2796 3191 2847 16
3216 2794 3547 2861 (passagium,

688 2886 1017 2953 caucagium).
1046 2916 1106 2924 —
1149 2886 1271 2937 Cum
1295 2885 1472 2937 eodem
1497 2885 1613 2935 dato
1637 2885 1690 2936 in
1714 2885 1778 2937 A.
1801 2885 1866 2936 16
1901 2903 1953 2952 p.
1971 2886 2041 2935 26
2075 2902 2137 2936 ex
2161 2894 2461 2937 transsumto
2482 2886 2707 2937 Venetiis
2732 2896 3005 2947 asservato,
3030 2887 3121 2937 sub
3146 2884 3325 2951 sigillis
3342 2884 3549 2950 Angeli,

689 2974 967 3027 Gradensis
991 2973 1569 3051 ecclesiae-patriarchae
1593 2972 1942 3039 Delmatisque
1980 2974 2221 3040 primatis,
2258 2982 2311 3024 et
2337 2974 2534 3025 Alberti
2570 2975 2793 3041 episcopi
2817 2975 3064 3025 Tarvisini
3100 2973 3148 3024 d.
3181 2974 3315 3024 1257
3350 2990 3419 3023 ιιι.
3442 2972 3549 3023 iulii

689 3153 835 3205 domo
859 3152 1162 3218 Emingensi
1172 3152 1218 3217 ⁴2)
1255 3152 1459 3203 devenit
1491 3151 1543 3200 in
1578 3149 1832 3201 archivum
1853 3150 2042 3202 ordinis
2067 3152 2361 3203 Tbeutonici
2377 3152 2786 3213 Vindoboncnsc,
2808 3153 2896 3203 ubi
2919 3152 2998 3202 vel
3022 3152 3171 3203 hodie
3195 3159 3377 3201 exstat.
3425 3150 3547 3200 Cum

691 3242 833 3293 dato:
869 3240 1082 3291 Viterbii
1105 3238 1138 3291 7
1164 3239 1265 3291 kal.
1290 3240 1396 3290 iulii
1431 3257 1482 3305 p.
1507 3258 1558 3290 ιι.
1583 3258 1630 3291 a.
1656 3239 1706 3291 4.
1743 3256 1816 3290 or.
1851 3238 1952 3290 iam
1977 3240 2165 3292 dudum
2188 3242 2363 3293 domus
2389 3240 2809 3302 vindobonensis,
2846 3258 2957 3292 cum
2982 3240 3119 3293 bulla
3144 3241 3196 3291 in
3220 3240 3319 3291 filis
3344 3240 3547 3291 sericeis

689 3329 850 3380 rubris
876 3337 931 3379 et
950 3328 1099 3380 luteis
1123 3345 1352 3395 appensa
1371 3329 1424 3379 in
1450 3328 1649 3379 archivo
1672 3328 1860 3379 ordinis
1879 3328 2175 3381 Theutonici
2194 3330 2584 3381 vindobonensi.
2634 3330 2825 3380 citatur
2848 3347 2931 3397 ap.
2947 3330 3200 3381 Duellium
3223 3328 3256 3381 l.
3274 3328 3310 3381 1.
3334 3330 3387 3380 in
3410 3336 3547 3379 nota.

689 3416 769 3468 De
792 3418 970 3469 eodem
1005 3418 1147 3469 dato:
1185 3420 1249 3469 A.
1279 3418 1344 3469 16
1381 3436 1430 3484 p.
1460 3416 1524 3467 13
1566 3416 1872 3482 „Venetiis“.
1904 3448 1965 3455 —
2017 3418 2137 3468 Cum
2176 3419 2319 3471 dato:
2356 3418 2587 3483 Anagnie
2622 3418 2655 3467 5
2695 3418 2851 3485 (sici)
2890 3437 3049 3470 nonas
3081 3418 3365 3469 novembris
3402 3419 3541 3485 (pas-

691 3505 902 3572 sagium,
939 3508 1315 3573 pontonagium‚
1351 3505 1642 3567 thelonium,
1678 3506 1959 3571 tantagium
1997 3507 2086 3572 (.-.-..
2109 3508 2429 3573 caucagium)
2467 3506 2557 3569 IV,
2582 3506 2685 3557 213
2700 3524 2745 3557 r.
2780 3507 2945 3568 n.12;
2980 3508 3045 3559 R.
3066 3508 3167 3558 139
3202 3508 3333 3557 inter
3369 3506 3543 3557 Trevi-

690 3595 859 3647 rensia
893 3595 974 3646 ed.
997 3596 1167 3661 Lunig
1202 3594 1478 3647 Teutsches
1501 3594 1856 3647 Reichsarchiv
1893 3595 2033 3657 XVI,
2058 3594 2091 3646 7
2094 3596 2127 3647 9
2162 3614 2213 3647 ιι.
2232 3596 2301 3647 73
2337 3604 2390 3647 et
2422 3595 2601 3647 Notice
2631 3596 2904 3661 historique
2928 3614 3011 3647 sur
3033 3596 3315 3647 l'ancicnnc
3341 3595 3547 3647 Grande

693 3683 1070 3735 Commenderie
1117 3684 1222 3735 dite
1267 3685 1359 3736 des
1396 3683 1776 3735 vien-Jonas.
1835 3684 1989 3735 Gand
2027 3684 2179 3737 1849.
2238 3684 2315 3737 8⁰.
2370 3684 2439 3735 45
2476 3702 2527 3736 n.
2552 3685 2603 3735 5.
2654 3685 2739 3736 Or.
2776 3702 2889 3735 cum
2922 3684 3061 3737 bulla
3100 3685 3155 3736 in
3198 3684 3299 3735 filis
3346 3684 3545 3737 sericeis

691 3772 854 3825 rubris
889 3782 943 3824 et
975 3772 1124 3825 luteis
1162 3790 1416 3841 appensa,
1453 3773 1704 3839 quondam
1737 3773 2002 3834 Iuncense‚
2038 3774 2089 3823 in
2126 3772 2325 3825 archivo
2362 3773 2549 3826 ordinis
2586 3773 2881 3825 Theutonici
2906 3774 3301 3825 vindobonensi.

698 3976 872 4049 542.
914 3980 1095 4047 1257
1139 3984 1300 4045 maii
1325 3980 1413 4045 30
1458 3979 1719 4045 Viterhii
1745 3978 1860 4065 (of.
1891 3981 2062 4045 iunii
2087 3978 2227 4061 16).
2286 3981 2653 4047 Alemander
2676 3980 2786 4047 IV
2806 3994 2994 4069 πίεραι
3022 3983 3308 4047 ordinem
3343 3980 3547 4047 Theu-

915 4089 1190 4153 tonioum
1235 4087 1466 4173 absque
1509 4088 1773 4173 speciali
1815 4089 2111 4153 mandato
2158 4090 2500 4173 apostolico
2548 4092 3175 4157 excommunicatione
3218 4112 3327 4155 seu
3352 4092 3549 4155 inter-

913 4196 1077 4261 dicto
1113 4216 1304 4281 posse
1330 4194 1550 4278 fem-i.

911 4326 1274 4394 Alexander
1317 4332 1577 4412 quartus
1623 4327 1952 4413 episcopus
1999 4346 2221 4393 servus
2266 4348 2589 4394 servorum
2635 4328 2737 4394 dei
2782 4328 3025 4395 dilectis
3068 4328 3215 4395 filiis
3246 4329 3547 4412 magistro

695 4439 759 4501 et
812 4434 1110 4501 fratribus
1165 4433 1494 4520 hospitalis
1549 4438 1764 4501 sancte
1807 4433 2007 4501 Mario
2054 4433 2581 4501 Theutonicorum
2635 4433 3131 4502 Ierosolomitani
3174 4434 3440 4503 salutem
3484 4440 3551 4502 et

694 4541 1102 4628 apostolicam
1162 4540 1676 4608 benedictionem.
1903 4540 2063 4607 Cum
2120 4560 2231 4607 vos
2276 4548 2576 4627 tanquam
2623 4542 2926 4629 speciales
2972 4542 3231 4609 ecclesie
3272 4542 3549 4609 Romane

693 4647 854 4715 filios
914 4654 1120 4715 vestre
1171 4647 1493 4731 religionis
1549 4647 1782 4714 intuitu
1839 4654 1902 4713 et
1954 4646 2453 4715 consideratione
2496 4649 2809 4735 obsequii,
2868 4651 3033 4735 quod
3076 4650 3191 4717 deo
3236 4650 3549 4717 ferventer

694 4756 1059 4842 impenditis
1102 4756 1170 4821 in
1211 4755 1640 4821 ultramarinis
1683 4756 1971 4842 partibus
2003 4758 2069 4821 in
2104 4754 2461 4823 defensione
2492 4756 2817 4823 christiani
2846 4758 3137 4842 nominiS,
3184 4756 3545 4841 diligamus;

693 4863 922 4929 vestris
943 4862 1234 4949 precibus
1259 4862 1544 4929 inclinati
1567 4863 1936 4930 auctoritate
1956 4862 2133 4929 vobis
2157 4865 2543 4950 presentium
2564 4862 2981 4948 indulgemuS,
3002 4870 3077 4931 ut
3094 4866 3335 4931 nemini
3364 4864 3549 4931 liceat

694 4969 832 5037 sine
884 4968 1145 5057 speciali
1199 4969 1495 5037 mandato
1539 4969 1806 5039 Romani
1859 4969 2175 5058 pontificis
2230 4972 2301 5037 in
2356 4991 2467 5039 vos
2513 4970 2895 5059 presbiteros
2940 4976 3007 5039 et
3048 4970 3243 5039 laicos
3286 4978 3547 5056 vesu-oe,
