3892 5609
748 374 788 445 3
802 376 897 445 54
1611 444 1618 450 ,
1723 387 2148 437 Ponrrmctm
2192 388 2635 438 Romanorum

705 498 919 614 464.
962 548 1139 615 1235
1183 548 1374 636 apra.
1406 547 1495 613 28
1539 548 1812 613 Parma.
1890 546 2233 636 aremius
2268 549 2373 615 [Χ
2414 553 2639 637 repetit
2678 574 2741 615 η.
2776 550 2911 617 460
2956 552 3035 615 de
3076 550 3257 618 1233
3300 554 3472 616 sans
3494 551 3601 615 28.

961 687 1298 772 Gregorius
1346 694 1462 757 etc.
1688 688 1995 767 Quociens
2042 710 2083 757 a
2125 697 2241 759 etc.
2319 690 2555 758 Datum
2600 690 2847 759 Perusn
2890 712 2987 759 un
3030 691 3158 758 kal.
3198 692 3355 758 maii
3398 693 3603 779 ponti-

739 793 958 863 ficatus
1004 796 1204 863 nostri
1251 816 1414 863 anno
1458 815 1642 862 nono.

739 1015 917 1087 465.
957 1021 1136 1087 1235
1178 1020 1394 1086 novbr.
1425 1020 1515 1087 28
1561 1019 1836 1087 viterbii.
1907 1018 2252 1107 σημανέω
2282 1021 2391 1087 [Χ
2430 1026 2651 1109 repetit
2692 1046 2756 1087 n.
2789 988 2924 1089 2136
2967 1024 3055 1089 de
3082 1023 3268 1089 1227
3314 1023 3601 1109 any-18.

957 1158 1296 1245 Gregorius
1343 1166 1459 1229 etc.
1686 1160 1894 1241 Quieti
1937 1169 2147 1230 vestre
2190 1168 2305 1231 etc.
2376 1162 2612 1231 Datum
2644 1163 2909 1231 Viterbii
2950 1162 3049 1231 iiii
3091 1162 3217 1231 kal.
3252 1162 3603 1233 decembris

736 1266 1138 1353 pontificatus
1180 1269 1383 1335 nostri
1427 1288 1591 1336 anno
1636 1288 1821 1335 nono.

738 1488 916 1560 466.
957 1493 1141 1559 1237
1183 1496 1345 1559 maii
1369 1494 1462 1559 22
1501 1492 1778 1561 Viterhii.
1856 1489 2200 1579 Greqom‘as
2232 1494 2337 1559 IX
2372 1496 2651 1561 concedit
2679 1496 2896 1561 ordini
2930 1492 3335 1578 Theutonico,
3384 1508 3459 1563 ut
3484 1496 3601 1564 cle-

959 1602 1126 1665 ricos
1169 1622 1314 1665 suos
1359 1602 1447 1665 ad
1491 1602 1776 1666 ecclesias
1817 1613 1971 1689 pato
1973 1613 2194 1667 onatue
2239 1604 2345 1667 sui
2376 1614 2746 1689 praesmtet.

959 1730 1297 1816 Gregorius
1344 1734 1674 1821 episcopus
1709 1754 1927 1801 servus
1960 1753 2283 1800 servorum
2328 1732 2430 1801 dei
2476 1734 2719 1803 dilectis
2762 1732 2962 1801 filiis.
2992 1734 3349 1819 .magistro
3384 1740 3451 1801 et
3478 1735 3603 1801 fra-

736 1839 939 1906 tribus
984 1839 1314 1926 hospitalis
1361 1846 1575 1907 sancte
1619 1840 1818 1908 Marie
1851 1841 2375 1909 Theutonicorum
2422 1841 2905 1909 Ierosolimitani
2948 1840 3219 1909 salutem
3255 1846 3323 1908 et
3350 1848 3603 1928 aposto-

737 1946 923 2013 licam
969 1946 1482 2015 benedictionem.
1712 1946 2047 2033 Signorum
2094 1949 2417 2017 evidencia
2455 1948 2833 2034 declarante,
2880 1949 3046 2036 quod
3076 1948 3285 2015 studio
3316 1949 3601 2016 caritatis

735 2053 1062 2121 intenditis
1110 2061 1173 2121 et
1217 2056 1431 2122 sedem
1479 2056 1885 2142 apostolicam
1931 2056 2267 2141 benignam
2306 2056 2483 2123 vobis
2514 2056 2775 2123 reddere
2806 2054 2979 2123 cultu
3008 2056 3416 2139 gratitudinis
3444 2057 3599 2141 vigi-

734 2160 900 2245 latis,
949 2162 1135 2245 digne
1183 2162 1262 2229 ad
1308 2163 1773 2230 concedendum
1819 2163 1995 2230 vobis
2024 2164 2398 2250 inducimur,
2444 2185 2559 2250 per
2591 2164 2757 2248 quod
2787 2164 3185 2231 universitati
3212 2168 3429 2231 vestre
3456 2184 3597 2251 pro—

736 2268 1004 2355 speritas
1050 2275 1372 2353 augeatur.
1447 2268 1836 2357 Eaproptcr,
1883 2270 2097 2338 dilecti
2141 2271 2209 2337 in
2254 2270 2508 2338 domino
2552 2269 2701 2355 filii,
2748 2272 2975 2337 vestris
3019 2270 3262 2338 devotis
3306 2271 3597 2357 precibus

733 2375 1016 2442 inclinati
1074 2378 1469 2463 presencium
1524 2375 1702 2443 vobis
1763 2378 2136 2444 auctoritate
2179 2378 2577 2445 concedimus
2592 2428 2611 2463 ,
2666 2382 2740 2444 ut
2780 2378 3011 2445 fiatres
3054 2376 3315 2445 clericos
3364 2378 3597 2445 ordinis

619 2518 626 2525 ·
733 2482 930 2549 vestri
975 2484 1056 2550 ad
1105 2484 1417 2570 ecclesiaS,
1463 2485 1532 2551 in
1577 2482 1802 2569 quibus
1845 2484 1944 2551 ius
1991 2490 2360 2571 patronatus
2405 2485 2672 2570 habetis,
2719 2485 3069 2552 diocesanis
3113 2484 3432 2572 episcopis
3462 2505 3602 2571 pre-

733 2595 983 2657 sentare
1039 2592 1326 2677 possitiS,
1383 2591 1505 2658 sibi
1563 2591 1638 2657 de
1696 2592 2129 2677 spiritualibus
2188 2598 2253 2660 et
2305 2592 2483 2660 vobis
2543 2593 2621 2660 de
2664 2591 3118 2679 temporalibus
3161 2612 3599 2678 responsuros.

731 2697 904 2764 Nulli
952 2718 1098 2781 ergo
1144 2699 1397 2765 omnino
1442 2698 1768 2765 hominum
1813 2698 2002 2766 liceat
2038 2699 2201 2765 hanc
2228 2700 2527 2786 paginam
2560 2704 2775 2765 nostre
2804 2698 3225 2767 concessionis
3254 2698 3602 2783 infringere

731 2805 833 2871 vel
879 2806 937 2871 ei
986 2825 1140 2871 ausu
1185 2798 1518 2873 temerario
1565 2806 1896 2874 contraire.
1977 2805 2049 2872 Si
2093 2806 2233 2893 quis
2281 2812 2489 2873 autem
2534 2805 2654 2873 hoc
2699 2810 3077 2893 attemptare
3120 2808 3602 2893 presumpserit,

731 2911 1238 2997 indignacionem
1293 2913 1740 2999 omnipotentis
1798 2913 1900 2981 dei
1955 2920 2020 2980 et
2063 2913 2391 2980 beatorum
2436 2912 2607 2980 Petri
2654 2918 2719 2980 et
2759 2912 2943 2981 Pauli
2989 2913 3420 3000 apostolorum
3468 2914 3603 2981 eius

734 3038 802 3086 se
861 3020 1110 3086 noverit
1163 3020 1580 3085 incursurum.
1674 3019 1910 3087 Datum
1953 3020 2221 3088 Viterbii
2274 3022 2343 3087 xi
2400 3020 2705 3089 kalendas
2748 3019 2907 3087 iunii
2950 3020 3353 3107 pontificatus
3398 3022 3605 3089 nostri

735 3146 898 3193 anno
947 3126 1292 3193 undecimo.

945 3251 1066 3302 Sine
1103 3250 1250 3302 dato:
1285 3250 1350 3302 R.
1381 3250 1478 3301 155
1514 3251 1646 3302 inter
1672 3251 1936 3303 Iuncensia
1976 3250 2193 3317 „Datum
2214 3250 2479 3303 viterbffl.
2530 3252 2595 3303 A.
2623 3249 2689 3303 16
2724 3268 2777 3318 p.
2805 3250 2904 3304 103
2940 3252 3071 3304 inter
3105 3252 3401 3313 Iuncensia3
3438 3252 3503 3303 A.
3528 3250 3599 3303 20

733 3356 784 3391 n.
809 3338 880 3389 84
924 3339 1104 3391 Latine
1153 3347 1206 3391 et
1241 3339 1538 3409 Germanice
1575 3357 1687 3391 cum
1719 3347 1842 3392 nota
1881 3340 1964 3405 „in
2002 3338 2364 3391 Confluentia“.
2402 3370 2465 3378 —
2507 3340 2628 3391 Cum
2664 3340 2807 3391 dato:
2845 3339 3057 3391 viterbii
3098 3340 3157 3391 11
3198 3340 3301 3391 kal.
3326 3339 3435 3391 iulii
3470 3358 3523 3406 p.
3546 3358 3597 3391 ιι.

735 3446 780 3480 a.
810 3428 893 3479 11.
946 3427 1036 3489 IV,
1061 3428 1224 3479 202v.
1261 3446 1312 3479 n.
1343 3428 1405 3479 15
1449 3428 1712 3495 „Colonie“
1753 3430 1817 3480 A.
1841 3428 1907 3481 16
1941 3445 1995 3496 p.
2013 3427 2098 3480 76.
2153 3426 2420 3499 ⁸originale
2466 3427 2717 3495 quondam
2754 3428 3155 3481 confluentinum
3202 3446 3317 3479 cum
3360 3428 3499 3480 bulla
3543 3430 3595 3479 in

733 3516 831 3567 filis
879 3516 1080 3569 sericeis
1124 3534 1352 3584 appensa
1393 3518 1446 3568 in
1495 3517 1695 3570 archivo
1740 3518 1928 3569 ordinis
1974 3517 2270 3569 Theutonici
2302 3516 2681 3569 vindobonensi
2692 3534 2709 3578 3
2756 3517 2917 3569 edidit
2959 3518 3169 3569 Hennes
3206 3518 3257 3580 1,
3288 3516 3390 3568 107
3430 3535 3483 3569 n.
3508 3516 3595 3569 9'1.

734 3604 992 3669 originale
1045 3605 1294 3671 quondam
1341 3606 1586 3657 Iunccnse
1639 3622 1750 3657 cum
1803 3606 1941 3657 bulla
1992 3607 2045 3657 in
2098 3605 2195 3657 filis
2249 3604 2449 3657 sericeis
2502 3606 2664 3656 rubris
2717 3613 2770 3656 et
2821 3604 2970 3657 luteis
3022 3622 3280 3672 appensa,
3334 3616 3392 3657 ut
3444 3606 3593 3657 etiam

733 3701 1090 3745 transsumtum
1123 3693 1291 3746 fratris
1316 3692 1546 3761 Hugonis
1580 3694 1712 3746 tituli
1747 3714 1788 3747 s.
1813 3695 2034 3747 Sabinae
2070 3695 2355 3762 presbyteri
2388 3692 2671 3755 cardinalis,
2709 3702 2871 3759 apost.
2896 3694 3005 3747 sed.
3028 3694 3201 3761 legati,
3238 3694 3289 3746 d.
3314 3694 3365 3746 d.
3390 3694 3595 3746 colonie

733 3782 816 3833 xiv
850 3781 952 3833 kal.
979 3784 1165 3834 octobr.
1201 3800 1250 3849 p.
1276 3783 1556 3835 Innocentii
1578 3783 1652 3835 IV
1686 3802 1816 3835 anno
1853 3800 2014 3845 nono,
2048 3800 2162 3835 cum
2198 3784 2363 3849 sigillo
2398 3799 2543 3834 cereo
2580 3781 2695 3833 albo
2718 3800 2944 3849 appenso
2973 3782 3138 3836 laeso:
3176 3783 3253 3850 (S.
3278 3782 3469 3850 HmG.
3492 3784 3596 3835 ss.

733 3870 874 3923 SCE.
894 3870 1161 3924 SABINE.
1177 3870 1329 3924 PBR.
1358 3872 1576 3934 cABD„
1601 3872 1854 3938 quondam
1870 3872 2345 3940 Mergenthcmense
2367 3872 2421 3923 in
2446 3870 2647 3923 archivo
2671 3871 2859 3924 ordinis
2883 3870 3179 3925 Theutonici
3198 3872 3595 3925 vindobonensi.

736 4042 914 4147 467.
957 4081 1133 4146 1238
1175 4082 1432 4166 unqu-sti
1455 4080 1546 4145 26
1591 4079 1947 4166 Anagniae.
2024 4078 2367 4168 Greqovius
2402 4078 2509 4145 IX
2548 4082 2772 4165 repetit
2796 4103 2862 4144 π.
2884 4079 3019 4147 453
3048 4080 3126 4145 de
3154 4079 3329 4146 1231
3362 4102 3505 4167 apr.
3527 4082 3589 4146 9.

957 4218 1294 4303 Gregorius
1325 4225 1440 4287 etc.
1663 4220 1823 4289 Cum
1853 4220 2097 4289 dilectis
2130 4226 2248 4290 etc.
2276 4258 2359 4268 -
2394 4221 2705 4288 amittant.
2775 4219 3014 4287 Datum
3042 4214 3333 4304 Anagnis
3360 4220 3447 4287 vii
3482 4221 3592 4287 ka-

733 4327 950 4395 lendas
997 4326 1370 4414 septembris
1416 4326 1816 4413 pontificatus
1861 4330 2064 4396 nostri
2109 4350 2271 4397 anno
2318 4328 2703 4396 duodecimo.

734 4583 912 4655 468.
953 4586 1132 4653 1240
1174 4574 1463 4652 ianuarii
1499 4588 1590 4653 12
1633 4586 1957 4654 Laterani.
2042 4584 2387 4675 Greyoriuo
2428 4586 2536 4654 IX
2569 4586 2817 4673 fratres
2872 4586 3203 4673 hospitalis
3258 4608 3309 4650 s.
3340 4586 3591 4653 Mariae

962 4694 1483 4761 Theutonicorum
1532 4697 1604 4759 in
1648 4694 1866 4761 Accon
1917 4698 2069 4762 citat
2111 4716 2307 4781 usque
2350 4696 2439 4759 ad
2461 4695 2705 4779 festum
2748 4717 2799 4759 s.
2831 4694 3163 4759 Michaelis
3202 4696 3583 4780 procinctam,

954 4814 1024 4867 ut
1065 4803 1142 4867 de
1184 4803 1601 4869 subtractione
1645 4802 1723 4868 ab
1769 4802 2099 4890 hospitalis
2144 4825 2194 4867 s.
2230 4802 2534 4867 Iohannis
2580 4802 2927 4868 obediencia
2967 4802 3404 4887 respondeant.

955 4932 1293 5021 Gregorius
1354 4936 1684 5023 episcopus
1743 4956 1962 5003 servus
2020 4956 2343 5003 servorum
2399 4934 2501 5002 dei
2556 4920 2799 5001 dilectis
2842 4930 2991 5000 filiis
3033 4933 3338 5001 fratribus
3380 4932 3585 5021 hospi·

733 5039 878 5107 talis
923 5047 1136 5109 sancte
1164 5040 1364 5110 Marie
1393 5042 1921 5111 Theutonicorum
1965 5042 2035 5110 in
2078 5042 2293 5111 Accon
2338 5042 2605 5111 salutem
2650 5046 2717 5111 et
2762 5040 3171 5129 apostolicam
3212 5041 3583 5111 benedictio-
