3892 5609
1311 349 1702 400 Pnrvrnucm
1743 349 2135 398 cummis
2998 335 3095 406 42
3110 336 3149 405 7

292 511 468 581 667.
512 560 526 576 .
555 559 572 576 .
601 561 615 576 .
645 559 661 576 .
690 560 705 575 .
733 560 748 576 .
776 559 792 575 .
821 559 836 575 .
865 559 880 575 .
909 558 923 574 .
952 561 967 575 .
997 559 1012 575 .
1041 545 1100 575 ε.
1163 511 1469 577 Nicolaus
1502 511 1612 577 IV
1646 514 1866 597 repetit
1901 507 2201 594 G'reyorii
2226 508 2333 574 IX
2372 509 2618 574 n.469.

467 705 474 710 .
509 653 804 719 Nicolaus
849 660 965 720 etc.
1146 651 1304 718 Cum
1352 673 1391 718 a
1433 653 1614 718 nobis
1661 657 1776 719 etc.
1825 687 1906 698 —
1957 649 2435 718 communimus.
2484 685 2569 696 -
2614 647 2851 715 Datum
2902 653 3017 715 etc.

507 776 628 828 Sine
664 777 810 828 dato:
849 776 998 826 A.20
1035 794 1083 827 n.
1108 775 1206 826 117
1245 775 1424 826 Latine
1461 785 1513 826 et
1549 775 1861 827 Germanice.

295 946 472 1018 668.
516 948 692 1014 1294
747 947 1098 1013 novembris
1144 947 1240 1012 27
1287 945 1584 1032 Neapoli.
1665 943 2040 1012 Coelestinus
2085 945 2146 1011 V
2194 946 2477 1010 ordinem
2528 941 2974 1010 Theutonioum
3027 946 3160 1008 iam

518 1055 802 1120 omnibus
869 1055 1306 1118 ultramarinis
1368 1055 1863 1140 possessionibus
1927 1056 2253 1139 privatum
2304 1064 2493 1138 neqat
2549 1053 2636 1117 ad
2680 1054 3161 1137 procurationes

519 1162 880 1247 apostolicis
933 1164 1172 1226 nuntiis
1226 1163 1644 1248 praestandas
1705 1159 2049 1246 obliqatum
2106 1181 2233 1224 esse
2288 1162 2420 1224 nisi
2463 1181 2755 1246 eoepressa
2800 1161 3158 1224 exemtionis
3242 1195 3249 1206 =

431 1291 440 1298 ·
501 1269 696 1354 facta
739 1271 1066 1334 mentione.

515 1391 868 1459 Celestinus
935 1391 1266 1477 episcopus
1323 1411 1540 1458 servus
1599 1409 1920 1457 servorum
1978 1388 2079 1456 dei
2138 1389 2381 1456 dilectis
2434 1387 2581 1454 filiis
2629 1438 2643 1454 .
2672 1438 2687 1454 .
2736 1389 3037 1473 magistro
3098 1393 3163 1455 et

289 1497 596 1565 fratribus
651 1499 874 1566 domus
929 1496 1260 1583 hospitalis
1317 1518 1366 1563 e.
1427 1496 1626 1564 Maris
1670 1497 2195 1564 Theutonicorum
2244 1496 2722 1564 [erosolimitani
2776 1494 3041 1563 salutem
3100 1501 3163 1563 et

293 1604 704 1692 apostolicam
749 1603 1263 1672 benedictionem.
1535 1603 1836 1670 Gerentes
1883 1603 1963 1668 ad
2008 1623 2119 1669 vos
2163 1622 2243 1669 ex
2288 1623 2361 1670 eo
2408 1607 2667 1689 paterne
2711 1595 3163 1689 compassionis

293 1711 614 1796 effectum,
673 1713 840 1798 quod
885 1732 999 1797 per
1043 1709 1326 1798 perfidos·
1363 1709 1762 1795 Sarracenos,
1809 1710 2097 1776 inimicos
2143 1709 2416 1776 nominis
2461 1710 2809 1794 christiani,
2856 1713 3008 1778 estis
3051 1710 3162 1777 bo-

292 1821 396 1886 nis
443 1818 753 1903 omnibus,
799 1839 922 1904 que
965 1818 1292 1886 habebatis
1337 1818 1406 1884 in
1439 1817 1866 1884 ultramarinis
1898 1817 2207 1903 partibus,
2231 1815 2527 1904 spoliati,
2573 1837 2648 1884 ac
2678 1817 2957 1884 volentes
2985 1817 3165 1884 vobis

295 1925 562 1992 alicuius
619 1926 1049 1992 subventionis
1105 1925 1452 1992 remedium
1497 1945 1614 2011 pro
1660 1925 2013 1992 relevandis
2056 1925 2283 1993 vestris
2328 1925 2803 1992 necessitatibus
2849 1924 3163 2008 exhibere,
3218 2003 3223 2010 Ι

295 2033 695 2100 universitati
751 2037 960 2100 vestre
1007 2033 1378 2099 auctoritate
1422 2033 1804 2118 presentium
1851 2031 2247 2114 indulgemus
2260 2080 2280 2115 ‚
2339 2035 2411 2098 ut
2453 2051 2565 2098 vos
2612 2038 2722 2100 aut
2765 2039 3163 2118 preceptores
3208 2039 3219 2056 ⁸

299 2146 362 2207 et
414 2141 643 2206 fratres
700 2139 1029 2206 domorum
1085 2125 1506 2206 subiectarum
1565 2139 1777 2205 domui
1833 2144 2041 2205 vestre
2096 2138 2177 2204 ad
2232 2139 2641 2224 prestandum
2692 2140 3166 2226 procurationes

297 2247 692 2334 pecuniarias
746 2247 970 2330 legatis
983 2295 1004 2329 ‚
1061 2247 1300 2312 nuntiis
1345 2253 1410 2313 et
1454 2245 1812 2313 cursoribus
1857 2245 2025 2312 sedis
2072 2245 2443 2331 apostolice,
2498 2247 2600 2314 vel
2645 2247 2725 2316 ad
2770 2247 3167 2314 contribuen-

300 2355 452 2420 dum
509 2355 576 2420 in
631 2353 988 2420 huiusmodi
1046 2353 1590 2439 procurationibus
1647 2373 1788 2420 cum
1843 2351 2105 2439 prelatis
2158 2358 2221 2420 et
2264 2354 2509 2420 clericis
2554 2354 2863 2440 aliquibus
2908 2355 3167 2422 minime

300 2461 642 2529 teneamini
682 2481 800 2528 nec
841 2460 921 2526 ad
973 2461 1040 2527 id
1085 2459 1374 2547 compelli
1429 2460 1820 2545 aliquatenus
1865 2459 2131 2526 valeatis
2176 2481 2289 2548 per
2329 2461 2573 2528 litteras
2618 2461 2994 2550 apostolicas
3036 2462 3167 2527 iam

300 2587 628 2636 concessas
658 2567 760 2634 vel
790 2569 857 2634 in
903 2572 1228 2654 posterum
1275 2566 1722 2651 concedendas,
1770 2567 1895 2632 nisi
1937 2566 2147 2652 littere
2192 2568 2551 2635 huiusmodi
2596 2569 2989 2636 concedende
3032 2568 3169 2655 ple-

302 2697 450 2744 nam
481 2677 558 2742 de
591 2677 780 2742 verbo
811 2674 892 2740 ad
923 2675 1180 2742 verbum
1220 2675 1299 2743 de
1342 2675 1586 2741 indulto
1633 2673 1992 2741 huiusmodi
2038 2695 2111 2741 ac
2155 2676 2235 2741 de
2278 2677 2455 2743 vobis
2502 2683 2566 2744 et
2609 2675 2895 2742 domibus
2942 2676 3169 2743 vestris

301 2803 667 2870 expressam
725 2783 964 2851 faciant
1007 2783 1410 2850 mentionem.
1493 2781 1622 2848 Nos
1671 2783 1838 2848 enim
1883 2784 2545 2850 excommunicationis
2560 2833 2579 2866 ‚
2632 2783 3061 2869 suspensionis
3107 2789 3171 2850 et

301 2890 620 2958 interdicti
673 2891 1051 2973 sententias,
1107 2891 1162 2955 si
1208 2909 1362 2975 quas
1407 2890 1475 2956 in
1521 2908 1632 2955 vos
1678 2890 1779 2956 vel
1821 2897 2103 2958 vestrum
2152 2890 2393 2975 aliquos
2438 2897 2549 2958 aut
2592 2891 2809 2957 domos
2854 2891 3170 2976 predictas

301 3002 524 3066 contra
551 2997 908 3064 huiusmodi
937 2996 1168 3063 indulti
1195 3002 1478 3062 tenorem
1507 2997 1895 3083 promulgari
1935 2997 2314 3080 contingerit
2356 2996 2455 3064 vel
2499 2997 2895 3084 promulgate
2934 2997 3173 3064 fuerint

301 3101 719 3191 temporibus¹
750 3104 1208 3190 predecessoris
1237 3104 1460 3186 nostri,
1507 3124 1754 3170 exnunc
1781 3105 2171 3172 decernimus
2202 3105 2414 3170 irritas
2455 3109 2519 3170 et
2560 3105 2799 3171 inanes.
2868 3105 3171 3174 Volumus

305 3217 516 3278 autem
529 3261 548 3295 ,
607 3211 772 3296 quod
814 3211 1117 3279 fratribus
1162 3211 1396 3286 nostris
1441 3230 1616 3278 sacre
1659 3211 1938 3278 Romane
1984 3210 2243 3278 ecclesie
2286 3211 2707 3279 cardinalibus
2754 3211 2957 3278 officio
3001 3212 3173 3296 lega-

303 3319 494 3386 tionis
558 3318 964 3403 fungentibus
1019 3318 1448 3404 pecuniariam
1505 3318 1606 3384 vel
1661 3317 1818 3385 alias
1871 3318 2376 3406 procurationes,
2445 3322 2634 3403 prout
2689 3320 3171 3406 acceptaverint,

305 3425 704 3512 impendatis.
785 3425 960 3491 Nulli
1015 3445 1162 3508 ergo
1217 3425 1472 3492 omnino
1517 3425 1838 3492 hominum
1882 3425 2073 3492 liceat
2114 3425 2277 3492 hanc
2320 3425 2618 3511 paginam
2664 3435 2877 3493 nostre
2920 3433 3177 3494 concesss

308 3533 504 3602 sionis
535 3539 600 3600 et
641 3533 1108 3599 constitutionis
1151 3533 1494 3616 infringere
1539 3532 1640 3598 vel
1685 3539 1802 3600 etc.
1883 3532 1953 3598 Si
1998 3533 2139 3617 quis
2186 3537 2396 3599 autem
2442 3539 2557 3600 etc.
2638 3532 2875 3600 Datum
2908 3534 3175 3622 Neapoli

307 3663 353 3708 x
397 3639 522 3708 kal.
572 3639 920 3708 decembris
964 3638 1366 3725 pontificatus
1413 3640 1614 3706 nostri
1659 3659 1822 3706 anno
1867 3640 2093 3725 primo.

513 3765 896 3816 ¹l'ranssumtum
920 3779 1012 3828 per
1035 3761 1272 3814 iudicium
1295 3763 1568 3814 'l'ranensis
1591 3761 1957 3828 archiepiscopi
1982 3761 2325 3813 Barolitanum
2350 3763 2487 3829 apud
2510 3761 2747 3816 Barolum
2776 3763 2913 3816 1336
2948 3765 3065 3816 maii
3088 3765 3175 3825 31,

310 3861 518 3921 petente
553 3852 779 3904 Iohanne
803 3851 1064 3903 Overstolz
1099 3869 1282 3918 magno
1321 3861 1650 3918 praeceptore
1675 3851 1890 3917 Apuliae
1925 3869 1991 3902 ex
2026 3851 2258 3918 originali
2292 3852 2471 3903 domus
2508 3853 2628 3904 dicti
2661 3853 2924 3920 hospitalis
2958 3854 3011 3906 in
3041 3853 3175 3918 „Ba-

311 3943 448 3994 rnlo“
492 3942 770 3994 confectum
815 3941 866 3991 in
911 3941 1112 3990 archivo
1148 3941 1542 4007 Regimontan05
1589 3939 1653 3990 cs.
1689 3939 1979 4006 Napicrsky
2026 3939 2175 3990 indic.
2202 3940 2253 4000 1,
2279 3939 2347 3991 62
2394 3957 2444 3992 n.
2476 3939 2597 3992 249.
2667 3939 2727 3992 In
2764 3942 2941 3994 eodem
2977 3941 3177 3992 archivo

311 4031 522 4084 alterum
558 4039 722 4082 exstat
757 4039 1113 4082 transsumtum
1148 4028 1334 4080 factum
1371 4028 1606 4079 Panormi
1653 4028 1719 4079 ad
1765 4029 2052 4078 instantiam
2094 4028 2437 4094 praeceptoris
2474 4029 2649 4081 domus
2685 4030 2955 4082 mansionis
2992 4030 3179 4082 ibidem

317 4119 452 4172 1487
487 4119 644 4171 octbr.
663 4120 712 4169 5.
766 4119 844 4168 Ex
879 4125 1218 4183 transsumpto
1255 4117 1304 4168 d.
1331 4118 1380 4168 d.
1417 4115 1588 4169 Baroli
1618 4116 1752 4167 1346
1786 4115 1894 4166 iulii
1918 4117 1953 4166 8
1986 4117 2121 4168 facto
2140 4154 2155 4177 ,
2204 4116 2338 4183 quod
2379 4117 2583 4169 exhibet
2616 4119 2813 4170 datum:
2860 4119 3075 4185 Neapoli
3113 4117 3178 4169 10

315 4209 416 4308 ψ.
451 4208 620 4260 decbr.
657 4225 710 4275 p.
745 4224 795 4258 n.
833 4225 878 4256 a.
912 4206 956 4256 1.
1023 4207 1086 4256 A.
1121 4205 1186 4257 16
1233 4223 1284 4272 p.
1315 4206 1380 4257 10
1422 4205 1729 4270 „Venetiis“.
1879 4207 1924 4254 1.
1962 4215 2187 4272 tempore
2225 4205 2282 4258 Τ.
2321 4206 2386 4257 de
2427 4206 2578 4258 148⁷.

321 4465 496 4537 669.
539 4467 714 4533 1296
759 4469 1048 4533 ianuarii
1075 4467 1162 4534 16
1208 4466 1450 4532 Romae
1495 4469 1671 4554 apud
1713 4490 1764 4532 s.
1791 4467 2051 4532 Petrum
2091 4464 2206 4553 (cf.
2233 4467 2410 4534 1298
2437 4467 2785 4533 novembris
2808 4466 2905 4549 5).
2973 4467 3179 4534 Βοκί-

521 4575 746 4660 facius
790 4573 967 4640 VIII
1002 4576 1224 4661 repetit
1267 4574 1532 4640 Nicolai
1569 4574 1680 4640 IV
1714 4599 1777 4639 n.
1811 4575 1944 4641 662
1990 4577 2067 4640 de
2116 4573 2289 4640 1288
2331 4577 2493 4640 maii
2528 4575 2637 4642 27.

537 4699 898 4766 Bonifacius
944 4704 1058 4765 etc.
1273 4697 1446 4766 Solet
1491 4717 1766 4766 annuere
1810 4705 1926 4765 etc.
1998 4698 2235 4765 Datum
2278 4697 2475 4764 Rome
2520 4699 2689 4785 apud
2734 4705 3019 4767 sanctum
3064 4699 3182 4766 Pe-

317 4813 484 4874 trum
531 4807 663 4872 xvii
709 4804 1010 4872 kalendas
1055 4806 1359 4872 februarii
1403 4805 1801 4892 pontificatus
1846 4805 2049 4872 nostri
2094 4825 2258 4872 anno
2304 4804 2595 4874 secundo.

475 4909 492 4949 ⁸
531 4931 652 4981 Cum
689 4930 832 4982 dato:
887 4930 1079 4982 Romae
1126 4945 1208 4996 ap.
1247 4947 1285 4979 s.
1321 4929 1528 4979 Petrum
1569 4929 1630 4980 17
1669 4929 1772 4980 kal.
1799 4929 1925 4980 febr.
1964 4947 2015 4995 p.
2042 4947 2091 4980 n.
2118 4948 2164 4980 a.
2191 4929 2250 4980 2:
2299 4929 2544 4995 originale
2592 4947 2703 4980 cum
2750 4929 2889 4982 bulla
2934 4893 3184 4996 quondam

321 5019 614 5082 cracoviae,
655 5019 944 5081 Varsaviae,
980 5017 1204 5070 Berolini
1241 5027 1566 5079 asservatum,
1603 5035 1736 5069 nunc
1771 5017 2076 5086 Regimonti.
2140 5019 2331 5070 citatur
2366 5018 2417 5070 in
2454 5019 2741 5074 Inventario
2777 5018 2964 5072 archivi
3000 5019 3183 5072 cmo-
