3892 5609
733 358 906 430 460·
1699 369 2119 418 scammum
2162 369 2603 419 Romanorum

737 535 1022 616 ceptores
1068 534 1132 596 et
1174 535 1448 596 rectores
1493 534 1680 614 atque
1721 549 2023 616 personas
2066 529 2375 616 hospitale
2420 529 2737 614 ecclesias,
2794 530 3069 596 oratoria
3120 549 3369 598 necnon
3412 531 3587 598 eius-

731 637 872 703 dem
932 637 1261 723 hospitalis
1307 637 1444 702 loca
1486 636 1842 704 huiusmodi
1889 638 2213 705 occasione
2259 638 2707 724 premissorum
2761 637 3001 704 scilicet
3057 657 3185 703 non
3238 637 3587 704 solucionis

731 744 1111 812 decimarum
1159 749 1268 810 aut
1311 742 1725 810 subsidiorum
1774 745 2199 831 predictorum
2244 743 2359 811 sub
2406 745 2624 830 quavis
2668 736 3000 812 verborum
3052 744 3259 810 forma
3310 745 3585 810 forsitan

731 851 1027 918 hactenus
1073 851 1500 938 promulgatas
1531 857 1596 918 ct
1626 851 1680 916 si
1714 871 1868 936 quas
1898 851 2285 938 promulgari
2314 852 2647 935 contigerit
2675 850 3137 937 quomodolibet
3173 851 3243 916 in
3271 851 3581 918 futurum.

729 958 901 1024 Nulli
948 979 1095 1042 ergo
1141 957 1394 1023 omnino
1439 956 1762 1024 hominum
1807 957 1995 1024 liceat
2038 959 2199 1026 hanc
2244 958 2535 1044 paginam
2580 965 2797 1025 nostre
2838 957 3289 1037 concessionis,
3346 959 3585 1024 consti·

730 1066 996 1132 tucionis
1043 1070 1105 1131 et
1147 1063 1485 1130 voluntatis
1529 1064 1868 1148 infringere
1913 1064 2012 1132 vel
2058 1067 2118 1132 ei
2148 1087 2305 1132 ausu
2336 1064 2665 1132 temerario
2696 1065 3025 1132 contraire.
3094 1063 3165 1130 Si
3193 1064 3335 1150 quis
3366 1071 3581 1131 autem

731 1172 850 1239 hoc
894 1175 1269 1258 attemptare
1297 1172 1768 1258 presumpserit,
1814 1171 2315 1255 indignacionem
2349 1173 2794 1259 omnipotentis
2823 1172 2925 1239 dei
2956 1177 3019 1238 et
3045 1171 3373 1238 beatorum
3406 1171 3584 1238 Petri

735 1284 797 1346 et
841 1277 1018 1345 Pauli
1066 1278 1488 1364 apostolorum
1534 1278 1667 1346 eius
1713 1297 1780 1344 se
1832 1280 2079 1346 noverit
2134 1281 2546 1347 incursurum.
2623 1278 2854 1345 Datum
2902 1277 2951 1344 F
2953 1277 3223 1346 lorencie
3279 1279 3389 1344 xvi
3446 1277 3579 1344 kal.

733 1387 890 1454 iunii
931 1384 1330 1472 pontificatus
1374 1385 1574 1452 nostri
1619 1404 1782 1452 anno
1829 1387 2119 1453 secundo.

942 1525 1032 1588 IV,
1067 1525 1228 1578 243v.
1273 1527 1324 1576 in
1369 1525 1740 1578 confirmatione
1775 1525 1979 1577 Martini
2006 1527 2054 1577 V
2090 1527 2153 1578 de
2194 1525 2328 1578 1423
2364 1526 2528 1578 martii
2557 1526 2639 1578 11.
2710 1526 2800 1588 IV,
2828 1525 2947 1578 245.
2996 1525 3195 1578 Initium
3238 1542 3303 1576 cx
3344 1524 3583 1591 originali

733 1625 852 1667 tunc
885 1614 1342 1680 Mergenthemensi
1377 1615 1535 1666 edidit
1571 1615 1634 1665 de
1653 1615 1768 1666 wal
1801 1615 2120 1666 Becherches
2147 1615 2213 1678 11,
2230 1615 2339 1668 350
2372 1633 2423 1666 n.
2440 1617 2491 1666 4.
2548 1615 2681 1666 Citat
2710 1613 2937 1666 Duellius
2969 1613 3037 1676 11,
3055 1615 3105 1664 5.
3161 1613 3583 1680 Traussumpmm

735 1706 828 1756 sub
853 1703 1014 1770 sigillo
1039 1705 1204 1754 curiae
1229 1703 1531 1770 apostolicae
1555 1703 1820 1755 autoritate
1845 1703 2092 1755 Dominici
2115 1703 2177 1754 de
2203 1704 2256 1755 S.
2282 1703 2595 1765 Geminiauo,
2632 1703 2696 1755 D.
2718 1703 2799 1766 D.‚
2834 1719 2960 1754 cam.
2986 1710 3147 1768 apost.
3172 1701 3417 1753 auditoris
3442 1719 3581 1767 gen„

735 1791 906 1844 datum
941 1793 1100 1843 Rome
1142 1791 1273 1843 1422
1309 1792 1470 1844 martii
1507 1793 1593 1853 20,
1630 1801 1793 1842 exstat
1827 1793 1877 1843 in
1914 1790 2113 1843 archivo
2150 1791 2532 1858 Regimontano‚
2566 1791 2653 1843 ubi
2688 1791 2823 1842 aliud
2857 1799 3246 1857 transsumptum
3284 1789 3335 1840 d.
3362 1789 3413 1840 cl.
3444 1790 3581 1840 1488

735 1881 888 1932 octbr.
920 1882 942 1930 1
984 1897 1045 1930 ex
1069 1889 1405 1946 transsumpto
1430 1881 1654 1947 Spirensi
1689 1881 1724 1931 f.
1760 1881 1866 1931 1011.
1887 1881 1971 1931 51.
2026 1879 2156 1930 Edd.
2184 1881 2447 1932 Caorsinus
2482 1881 2545 1931 D.
2565 1882 2616 1931 4.
2670 1879 2866 1932 Senuer
2901 1879 2958 1930 F.
2984 1879 3075 1930 cv.
3128 1877 3445 1930 Entdeekter
3470 1877 3579 1928 Un-

736 1969 902 2034 grund
937 1987 988 2020 n.
1012 1969 1112 2020 103
1127 1969 1176 2020 b.
1213 1985 1274 2020 ex
1311 1969 1554 2035 originali.
1737 1971 1781 2019 1.
1819 1968 2137 2020 effoderimus
2173 1967 2233 2020 Β.
2376 1969 2425 2020 2.
2462 1968 2691 2020 concludi
2726 1970 2784 2020 Τ.
2922 1969 2973 2020 3.
3009 1983 3069 2020 ιο
3102 1967 3162 2018 Β.

743 2207 916 2280 709.
956 2213 1132 2278 1419
1175 2213 1335 2276 maii
1374 2209 1466 2276 17
1511 2209 1883 2277 Florentiae.
1967 2212 2287 2277 Martinus
2335 2211 2391 2278 V
2427 2214 2641 2278 ordini
2691 2210 3066 2278 Theutonico
3112 2209 3451 2294 Bonifatii
3478 2209 3585 2273 IX

956 2320 1446 2384 constitutionem
1489 2341 1550 2382 n.
1584 2319 1717 2384 692
1760 2321 1836 2384 de
1870 2319 2041 2384 1396
2083 2321 2243 2383 maii
2270 2320 2351 2385 11
2401 2321 2477 2385 de
2514 2332 2889 2407 patronatus
2932 2321 3069 2382 iure
3094 2319 3379 2396 innovat,
3427 2338 3575 2382 con-

941 2425 1181 2508 firmat,
1232 2427 1519 2490 eoetendic.

955 2557 1263 2624 Martinus
1310 2558 1637 2644 episcopus
1683 2577 1900 2624 servus
1945 2577 2270 2624 servorum
2312 2557 2412 2625 dei
2460 2558 2540 2624 ad
2581 2559 2857 2627 futuram
2884 2557 2979 2624 rei
3007 2555 3396 2623 memoriam.

736 2664 1162 2750 Dispositione
1205 2663 1418 2731 divina
1461 2664 1636 2748 gregi
1682 2662 1993 2731 dominico
2038 2665 2324 2749 quamvis
2366 2665 2666 2732 immeriti
2693 2664 3081 2752 presidentes
3112 2663 3262 2729 dum
3291 2661 3577 2750 preclara

737 2772 1104 2838 dilectorum
1147 2770 1421 2838 filiorum
1465 2771 1752 2854 magistri
1796 2777 1860 2841 et
1900 2772 2167 2838 fratrum
2213 2771 2539 2859 hospitalis
2592 2773 2771 2840 beate
2816 2771 3011 2838 Marie
3054 2771 3573 2838 Theotonicorum

739 2877 1219 2945 lerosolimitani
1272 2878 1498 2945 merita
1549 2879 1718 2944 intra
1759 2885 1973 2946 nostre
2018 2879 2244 2944 mentis
2288 2898 2682 2946 recensemus
2728 2880 3000 2946 archana
3050 2883 3113 2946 et
3156 2877 3237 2943 ad
3282 2897 3575 2943 conmen-

736 2984 996 3069 dabiles,
1042 2985 1265 3070 quibus
1313 2987 1588 3072 operosis
1633 3004 1848 3052 eorum
1893 2985 2259 3052 ministeriis
2304 3005 2453 3069 erga
2476 2987 2681 3072 deum
2727 2992 2793 3053 et
2834 2986 3117 3052 homines
3150 2983 3575 3050 indesinenter

737 3092 1102 3177 exuberant,
1147 3092 1419 3177 fructus,
1465 3094 1651 3176 digne
1694 3099 1940 3158 nostros
1987 3091 2390 3159 diffundimus
2436 3094 2773 3176 cogitatus,
2828 3093 2990 3160 votis
3033 3091 3161 3158 illis
3204 3097 3455 3174 gratum
3500 3090 3575 3156 li-

737 3201 954 3267 benter
1001 3198 1313 3266 efferimus
1361 3199 1662 3284 auditum,
1708 3219 1820 3286 per
1867 3218 1987 3283 que
2030 3200 2311 3286 ipsorum
2356 3200 2548 3267 statui
2593 3220 2667 3267 ac
2709 3198 3266 3286 indempnitatibus
3302 3196 3574 3264 consuli·-

735 3312 840 3374 tur
884 3312 947 3373 et
990 3326 1083 3390 ea,
1129 3326 1249 3391 que
1293 3326 1408 3393 pro
1451 3305 1703 3372 illorum
1748 3306 2073 3373 commodo
2118 3306 2619 3393 profectibusque
2652 3307 2964 3392 exquisita
2992 3305 3431 3393 comperimus,
3474 3325 3573 3370 so-

732 3414 975 3480 lidioris
1043 3412 1317 3500 presidio
1384 3412 1748 3479 muniminis
1819 3413 2147 3500 apostolici
2202 3412 2429 3497 iugiter
2492 3420 2911 3498 perseverent.
3004 3412 3169 3479 Sane
3224 3430 3339 3498 pro
3394 3419 3573 3499 parte

736 3521 1042 3588 dictorum
1089 3519 1374 3603 magistri
1420 3524 1484 3586 et
1533 3519 1797 3586 fratrum
1852 3519 2031 3586 nobis
2086 3539 2285 3606 nuper
2342 3520 2619 3587 exhibita
2671 3521 2900 3606 peticio
2959 3518 3349 3600 continebat,
3410 3517 3573 3604 quod

739 3627 884 3694 olim
954 3627 1152 3695 felicis
1218 3626 1672 3693 recordacionis
1731 3625 2045 3693 Honorius
2112 3627 2373 3710 tercius,
2432 3627 2789 3694 Alexander
2846 3631 3104 3712 quartus
3162 3631 3226 3694 et
3278 3625 3575 3692 Nicolaus

737 3740 992 3820 quartus
1035 3734 1302 3800 Romani
1346 3732 1668 3820 pontifices
1715 3734 2183 3820 predecessores
2228 3736 2429 3801 nostri
2457 3740 2848 3802 recensentes
2878 3733 3198 3816 attentius,
3244 3733 3414 3818 quod
3450 3733 3577 3818 ipsi

737 3843 1036 3927 magister
1081 3846 1144 3907 et
1185 3841 1410 3907 fratres
1456 3841 1647 3907 veluti
1692 3840 1964 3907 nominis
2010 3841 2331 3908 christiani
2376 3841 2620 3928 pugiles
2652 3863 2767 3928 pro
2796 3841 2942 3908 fidei
2970 3841 3244 3906 tuicione
3272 3839 3575 3906 catholice

738 3969 952 4016 eorum
995 3967 1294 4035 personas
1341 3953 1406 4014 et
1449 3949 1690 4013 animas
1735 3967 1968 4034 ponere
2013 3947 2367 4014 nullatenus
2395 3948 2825 4032 formidarent,
2870 3947 3035 4014 unde
3064 3947 3393 4014 nonnulli
3374 3967 3573 4033 impe·

722 4061 1008 4139 ratores,
1053 4074 1252 4139 reges,
1299 4054 1486 4121 duces
1533 4055 1913 4138 comitesque
1960 4060 2025 4122 et
2066 4055 2175 4122 alii
2218 4054 2528 4122 seculares
2574 4055 2885 4141 principes
2930 4074 3004 4120 ac
3029 4053 3283 4121 laicales
3310 4073 3575 4140 persone

736 4163 844 4250 pia
887 4163 1221 4228 devocione
1265 4163 1419 4228 moti
1465 4162 1906 4248 cupientesque
1950 4162 2107 4248 ipsis
2153 4162 2453 4245 magistro
2500 4167 2565 4228 et
2604 4161 2903 4229 fratribus
2946 4161 3014 4227 in
3058 4181 3275 4228 eorum
3305 4161 3573 4228 necessi-

737 4270 970 4336 tatibus
1015 4268 1344 4335 subvenire
1387 4269 1484 4334 ius
1527 4273 1896 4354 patronatus
1943 4268 2330 4335 diversarum
2374 4268 2771 4335 ecclesiarum
2820 4273 3007 4356 prout
3062 4268 3143 4334 ad
3196 4269 3369 4354 ipsos
3424 4273 3573 4334 tuuc

739 4376 1061 4464 spectabat
1104 4396 1220 4462 pro
1262 4375 1632 4442 fundacione
1677 4375 2003 4442 domorum
2036 4377 2189 4444 dicti
2218 4375 2543 4464 hospitalis
2575 4381 2638 4443 et
2666 4375 3003 4442 eorundem
3031 4375 3299 4442 fratrum
3330 4381 3569 4441 susten—

737 4484 974 4550 tatione
1019 4483 1200 4548 dictis
1245 4482 1546 4565 magistro
1592 4486 1656 4548 et
1697 4481 1996 4549 fratribus
2041 4485 2148 4570 pia
2189 4483 2520 4568 largitione
2565 4482 2878 4550 donarunt
2936 4481 3015 4548 ad
3072 4483 3323 4550 eosdem
3374 4483 3569 4566 magi-

739 4597 938 4657 strum
983 4595 1046 4656 et
1086 4589 1313 4656 fratres
1358 4588 1614 4676 speciali
1659 4589 1968 4656 destinato
2012 4591 2224 4658 favore
2268 4611 2379 4677 per
2410 4590 2708 4676 quasdam
2752 4590 3147 4657 indulserunt
3186 4589 3439 4674 eisdem,
3483 4597 3567 4672 ut,

739 4698 1298 4784 quocienscumque
1352 4697 1623 4782 aliquam
1681 4717 1760 4763 ex
1813 4696 2113 4783 predictis
2168 4697 2478 4780 ecclesiiS,
2545 4718 2808 4783 quarum
2863 4699 2987 4784 ipsi
3050 4699 3149 4764 ius
3202 4701 3569 4784 patronatus

737 4825 854 4891 pro
899 4810 1179 4891 tempore
1223 4804 1594 4886 obtinerent,
1639 4823 1862 4870 vacare
1905 4805 2302 4889 contingerit,
2349 4805 2588 4889 aliquos
2634 4805 2909 4891 ydoneos
2960 4824 3039 4871 ex
3084 4805 3318 4871 eisdem
3362 4805 3569 4872 fratri-

739 4911 854 4978 bus
897 4911 998 4978 vel
1041 4910 1197 4976 alios
1241 4910 1496 4978 clericos
1540 4911 1817 4978 locorum
1865 4912 2195 4978 ordinariis
2244 4917 2605 4999 presentare
2654 4918 2941 4998 possent,
3001 4913 3110 4996 qui
3162 4911 3377 4979 taliter
3430 4934 3569 4999 pre-

739 5025 1015 5086 sentatos
1060 5019 1126 5085 in
1170 5019 1428 5106 prefatis
1473 5019 1771 5103 ecclesiis,
1814 5018 1893 5086 ad
1939 5039 2093 5104 quas
2138 5021 2479 5106 presentati
2514 5019 2736 5102 forent,
2784 5019 3129 5102 instituere,
3174 5020 3423 5107 ipsique
3448 5019 3571 5088 cle-
