3892 5609
1592 322 1913 371 nomm
3046 312 3191 384 137

328 483 507 554 138.
549 483 727 552 1240
764 486 955 549 maio.
1046 481 1469 548 Exeeutomm
1524 489 1851 570 processus
1912 487 1990 550 de
2047 486 2323 551 uniendo
2385 485 2691 572 hospitali
2741 483 2812 552 S.
2851 483 3076 550 Iao-obi
3121 486 3200 550 de

548 585 929 655 Andr-ovilla
989 593 1206 656 ordini
1254 589 1653 656 Theutonioo.
1737 591 1817 657 In
1855 593 1993 675 fine
2037 595 2522 658 tramsumtoria
2560 591 2858 677 formula
2902 593 2980 657 do
3021 591 3200 658 1240

550 697 807 764 octobri.

550 828 876 896 Universis
933 831 1257 915 presentes
1312 812 1559 896 litteras
1613 829 1993 915 inspecturis
2045 827 2271 897 Petrus
2331 831 2676 915 dechanus,
2735 828 2938 896 Guido
2993 829 3198 896 archi-

323 937 629 1004 diaconus
659 934 1156 1002 Monovasiensis
1188 934 1454 1001 salutem
1501 939 1570 1001 in
1599 935 1873 1002 domino.
1943 935 2249 1002 Noverint
2277 937 2576 1022 universi,
2627 937 2795 1023 quod
2823 925 3198 1004 venerabilis

248 1059 265 1068 ‘
323 1047 511 1130 pater
554 1042 626 1108 P.
673 1043 836 1110 bone
883 1043 1184 1108 memorie
1230 1042 1541 1127 quondam
1591 1041 1990 1110 Coroniensis
2037 1043 2391 1129 episcopua,
2438 1091 2455 1108 .
2483 1094 2497 1109 .
2547 1043 2741 1111 abbas
2795 1048 2859 1110 et
2901 1043 3076 1128 prior
3121 1042 3199 1109 de

326 1147 601 1215 Saracaz
646 1149 892 1215 litteras
937 1149 1175 1214 domini
1222 1169 1387 1234 pape
1432 1147 1548 1214 sub
1593 1148 1713 1215 hac
1756 1149 1965 1216 forma
2004 1155 2410 1235 receperunt:

554 1254 896 1338 Gregorius
941 1255 1273 1341 episcopus
1320 1260 1437 1320 etc.
1485 1255 1799 1342 (sequitur
1842 1258 2026 1322 electo
2075 1255 2470 1338 Ueroniensi,
2518 1256 2735 1322 abbati
2777 1269 2832 1322 et
2865 1259 3084 1342 priori
3124 1257 3202 1321 de

328 1363 619 1429 Saracaz
647 1366 843 1428 missa
872 1363 1044 1427 bulla
1076 1363 1152 1426 de
1183 1361 1363 1427 1237
1394 1375 1545 1448 sept.
1572 1363 1660 1428 16
1696 1361 1962 1428 Viterbiz·
1985 1386 2184 1450 supra
2209 1387 2282 1450 p.
2301 1363 2432 1430 136
2461 1387 2523 1428 π.
2541 1361 2723 1443 136).
2781 1359 3016 1427 Verum
3052 1360 3202 1446 quia

324 1467 598 1554 predicti
655 1469 987 1553 episcopus
1035 1474 1100 1533 et
1155 1467 1288 1532 eius
1344 1467 1579 1550 college
1632 1466 1913 1550 legitime
1969 1467 2260 1553 impediti
2315 1469 2684 1534 mandatum
2745 1467 2984 1534 domini
3037 1487 3201 1554 pape

326 1575 557 1658 exequi
602 1573 863 1640 minime
908 1577 1267 1659 potuerunt,
1315 1577 1387 1638 ut
1431 1572 1760 1657 debebant,
1808 1575 1977 1640 vices
2007 1595 2154 1641 suas
2200 1575 2382 1640 nobis
2412 1573 2692 1642 totaliter
2733 1574 3198 1657 delegaverunt.

306 1679 625 1746 volentes
670 1682 865 1763 igitur
910 1679 1257 1746 eorundum
1304 1679 1557 1746 obedire
1614 1680 1960 1764 mandatiS,
2021 1681 2100 1747 ad
2159 1681 2394 1746 dictam
2453 1680 2709 1747 domum
2765 1679 2935 1746 beati
2992 1679 3201 1748 Iacobi

326 1807 495 1852 anno
542 1786 785 1852 domini
825 1797 919 1851 m⁰
948 1796 1043 1851 cc⁰
1076 1795 1233 1850 xxx⁰
1263 1786 1400 1851 viii⁰
1442 1806 1656 1852 mense
1701 1787 2045 1873 septembri
2091 1807 2232 1854 cum
2280 1788 2433 1854 viris
2479 1787 2760 1874 providis
2807 1794 2869 1853 et
2913 1786 3201 1854 discretis

328 1893 708 1960 accessimus
774 1887 1192 1979 personaliter
1260 1891 1739 1975 diligentissime
1804 1893 2228 1979 inquirentes,
2295 1901 2510 1959 utrum
2568 1893 2790 1959 domus
2844 1893 2988 1978 ipsa
3038 1897 3205 1959 esset

328 2006 629 2086 exempta
650 2000 753 2065 vel
784 1999 966 2065 alteri
998 1997 1203 2064 ordini
1233 1998 1531 2065 subiecta.
1598 1997 1798 2083 Unde,
1831 2020 1974 2067 cum
2003 2000 2186 2067 nobis
2218 2001 2524 2067 veraciter
2553 1999 2942 2066 constitisset
2967 1998 3202 2065 dictam

327 2106 589 2171 domum
634 2127 770 2172 esse
816 2110 1176 2191 exemptam
1222 2110 1287 2170 et
1332 2104 1515 2171 alteri
1558 2105 1766 2171 ordini
1810 2126 1936 2171 non
1983 2106 2350 2190 subiectam,
2397 2106 2560 2173 sicut
2601 2106 2852 2188 iratres,
2907 2106 3014 2188 qui
3058 2124 3201 2190 pre-

328 2216 543 2278 sentes
590 2217 788 2296 erant,
835 2217 1129 2278 oretenus
1158 2209 1635 2297 confitebantur,
1668 2211 1973 2278 fratribus
2003 2213 2284 2299 predicte
2314 2213 2537 2279 domus
2569 2212 2652 2278 ad
2681 2211 2967 2278 ordinem
2997 2210 3201 2278 Theu-

326 2319 685 2386 tonicorum
740 2318 1068 2385 licenciam
1134 2318 1316 2384 iuxta
1382 2318 1620 2386 domini
1677 2338 1843 2405 pape
1900 2320 2266 2386 mandatum
2323 2321 2745 2386 concessimus
2812 2316 3198 2386 transeundi.

329 2425 617 2504 Quedam
668 2445 819 2492 vero
878 2423 1028 2510 pars
1097 2426 1406 2491 dictorum
1474 2425 1741 2492 fratrum
1800 2426 2005 2491 sancti
2060 2424 2268 2492 Iacobi
2331 2427 2616 2493 habitum
2675 2425 3202 2492 Theotonicorum

327 2531 592 2618 pacifice
636 2536 1066 2618 susceperunt.
1137 2531 1374 2598 Datum
1422 2551 1586 2596 anno
1631 2530 1871 2597 domini
1915 2541 2006 2598 m⁰
2037 2541 2132 2598 cc⁰
2163 2531 2256 2597 111ο
2283 2553 2500 2599 11101180
2543 2533 2730 2598 maio.

555 2637 881 2705 Universis
913 2637 1148 2705 Christi
1177 2636 1485 2720 fidelibus,
1534 2636 1613 2702 ad
1644 2657 1799 2722 quos
1828 2638 2041 2706 littere
2076 2645 2399 2724 presentes
2428 2639 2851 2725 pervenerint,
2895 2638 3203 2706 Iohannes

332 2745 436 2812 dei
480 2745 697 2829 gracia
725 2745 1056 2831 episcopus
1103 2751 1168 2811 et
1194 2744 1491 2811 Albricus
1536 2744 1807 2811 decanus
1836 2744 2414 2814 Lacedemonenses
2455 2747 2722 2813 salutem
2759 2751 2823 2812 et
2866 2766 3203 2834 prosperos

332 2852 417 2917 ad
445 2857 595 2919 vota
638 2872 981 2920 successus.
1049 2851 1313 2918 Noverit
1356 2852 1734 2917 universitas
1779 2856 2011 2935 vestra,
2057 2846 2225 2937 quod
2253 2873 2369 2919 nos
2399 2853 2672 2919 vidimus
2704 2871 2919 2920 omnes
2957 2854 3202 2920 litteras

332 2957 664 3043 sigillatas,
711 2979 979 3044 quarum
1012 2960 1300 3045 superius
1332 2959 1747 3044 transscripta
1776 2959 1842 3024 in
1872 2959 2154 3045 presenti
2183 2956 2429 3026 sedula¹
2462 2961 2862 3026 continentur
2892 2965 2955 3026 et
2983 2959 3202 3026 eadem

331 3065 413 3131 de
456 3064 649 3132 verbo
695 3065 775 3131 ad
804 3065 1066 3132 verbum
1097 3065 1466 3132 transscribi
1496 3064 1778 3132 fecimus.
1844 3065 1917 3131 In
1949 3065 2126 3131 cuius
2156 3066 2251 3132 rei
2291 3067 2717 3133 testimonium
2751 3067 2960 3150 sigilla
2986 3073 3205 3134 nostra

331 3171 616 3258 presenti
659 3172 899 3238 cartule
946 3172 1373 3258 apposuimus.
1443 3172 1674 3239 Actum
1720 3192 1887 3238 anno
1935 3173 2176 3238 domini
2220 3183 2310 3239 m⁰
2342 3183 2436 3239 cc⁰
2467 3172 2560 3239 xl⁰
2597 3193 2815 3240 mense
2853 3173 3115 3241 octobri.

548 3285 591 3347 1,
613 3285 685 3336 54
707 3302 759 3336 n.
781 3283 884 3336 104
908 3294 960 3336 et
983 3283 1053 3335 57
1065 3302 1111 3336 v.
1136 3303 1186 3336 11.
1210 3285 1328 3336 111.
1474 3286 1521 3336 1.
1558 3286 1590 3336 i.
1614 3301 1658 3336 e.
1684 3285 1905 3337 scedula.
1961 3285 2062 3350 Agi
2086 3285 2283 3336 videtur
2318 3286 2384 3337 de
2419 3303 2469 3337 11.
2496 3285 2612 3338 131.
2644 3285 2760 3338 134.
2791 3287 2909 3339 135.
2938 3287 3056 3339 136.
3085 3288 3202 3350 138,
3303 3355 3320 3362 -

334 3391 467 3441 quae
503 3373 831 3440 praecedunt.

344 3543 379 3612 1
394 3541 519 3613 39.
560 3557 703 3609 ante
735 3542 906 3609 1241
952 3566 1095 3630 apr.
1128 3544 1235 3609 26.
1310 3540 1668 3628 Gaufridus
1712 3545 1789 3608 de
1824 3543 2316 3624 Villalmrduini,
2357 3544 2644 3610 Achaiae
2679 3548 3003 3632 princeps,
3050 3569 3202 3632 sup-

560 3651 761 3736 plicat
808 3646 1115 3736 Greyorio
1162 3672 1382 3736 papae
1411 3649 1547 3730 IX,
1606 3661 1677 3714 ut
1722 3649 1793 3715 S.
1830 3648 2050 3714 Iacobi
2102 3651 2180 3714 de
2218 3650 2596 3716 Andrevilla
2639 3652 2946 3738 hospitale
2991 3652 3209 3716 ordini

568 3756 947 3823 Theutonico
993 3757 1325 3838 confirmet.
1395 3755 1479 3820 In
1506 3756 1641 3838 fine
1666 3755 1964 3840 formula
2007 3759 2488 3822 tramsumton'a
2521 3758 2599 3822 de
2629 3757 2800 3822 1241
2835 3758 3064 3844 aprilis
3092 3758 3204 3824 26.

562 3887 972 3956 Sanctissimo
1004 3888 1172 3974 patri
1202 3907 1275 3953 ac
1319 3887 1572 3952 domino
1620 3906 1733 3952 suo
1765 3885 2071 3970 Gregorio
2107 3887 2208 3954 dei
2253 3889 2472 3971 gracia
2503 3895 2896 3956 sacrosancte
2925 3889 3207 3956 Romane

338 3995 601 4080 ecclesie
622 4015 867 4062 summo
892 4000 956 4062 et
976 3993 1318 4060 universali
1340 3991 1624 4080 pontifici
1643 3993 1905 4059 devotus
1930 3994 2065 4060 eius
2086 3992 2253 4061 filius
2267 3993 2606 4061 Gaufridus
2630 3995 2708 4062 de
2718 3995 3205 4079 Villeard(uini),

338 4103 599 4188 Achaye
656 4101 951 4187 princeps
1020 4105 1084 4167 et
1136 4097 1441 4166 Romanie
1499 4099 1921 4185 senescalcus,
1993 4099 2074 4165 ad
2129 4107 2490 4168 sanctorum
2559 4103 2790 4188 pedum
2859 4101 3074 4170 oscula
3137 4124 3206 4170 se

338 4205 655 4275 devotum.
738 4206 918 4291 Cum,
964 4207 1129 4274 sicut
1172 4206 1493 4272 sanctitati
1537 4212 1745 4273 vestre
1796 4207 2011 4293 sepius
2057 4207 2353 4292 innotuit,
2397 4208 2708 4295 hospitale
2752 4211 2956 4276 sancti
2999 4208 3208 4276 Iacobi

338 4315 418 4381 de
462 4312 835 4380 Andrevilla
878 4335 919 4379 a
961 4314 1068 4399 pie
1121 4312 1573 4380 recordationis
1619 4315 1901 4397 genitore
1944 4319 2163 4380 nostro
2210 4315 2288 4380 ad
2346 4314 2642 4380 honorem
2691 4317 2890 4382 divini
2935 4316 3206 4382 nominis

340 4425 404 4488 et
458 4439 811 4506 pauperum
870 4425 1301 4487 sustentamen
1345 4419 1676 4487 fundatum
1731 4421 1925 4487 fuerit
1971 4427 2036 4487 et
2062 4417 2310 4488 ‘ibidem
2368 4421 2754 4506 aliquamdiu
2809 4421 3207 4509 hospitalitas

339 4526 479 4592 visa
521 4526 715 4592 fuerit
756 4524 1068 4609 reflorere,
1116 4527 1370 4592 tandem
1418 4527 1482 4592 in
1530 4526 1747 4592 eodem
1776 4526 2152 4610 frigescente
2196 4528 2468 4594 karitate
2511 4547 2628 4613 pro
2657 4529 2904 4596 defectu
2945 4531 3207 4596 rectoris

338 4653 468 4700 11011
512 4632 715 4698 80111111
761 4631 1159 4719 hospitalitas
1206 4632 1539 4718 deperiret,
1586 4653 1807 4698 verum
1834 4633 1988 4700 dicti
2027 4633 2357 4720 hospitalis
2387 4633 2554 4700 bona
2581 4655 2620 4700 a
2647 4635 2948 4702 fratribus
2977 4636 3208 4702 distra-

338 4740 642 4807 herentur
669 4759 786 4806 nec
816 4738 899 4804 ad
925 4739 1127 4825 ipsius
1157 4739 1438 4823 regimen
1482 4741 1549 4804 in
1578 4739 1719 4826 ipso
1752 4759 2018 4826 persone
2049 4739 2432 4808 sufficientes
2461 4747 2527 4808 et
2554 4741 2776 4809 idonee
2804 4741 3206 4826 haberentur,

342 4865 457 4913 nos
514 4846 933 4933 prudencium
975 4846 1253 4912 virorum
1306 4847 1405 4911 usi
1451 4845 1711 4912 consilio
1724 4897 1745 4930 ,
1802 4847 1941 4912 iure
1997 4851 2402 4934 patronatus,
2463 4849 2572 4934 qui
2617 4849 2696 4914 ad
2741 4867 2856 4914 nos
2911 4849 3207 4934 pertinet,

346 4953 669 5040 cupientes
716 4952 920 5019 eidem
966 4952 1354 5019 commodius
1397 4951 1762 5038 providere,
1818 4953 2030 5041 ipsum
2073 4973 2216 5021 cum
2263 4956 2553 5023 omnibus
2603 4955 3010 5042 pertinenciis
3053 4955 3206 5040 suis,
