3892 5609
1296 272 1306 287 ι
1353 332 1746 393 Prummu
1791 332 2181 385 summm
2264 345 2267 358 ·
3040 324 3137 397 27
3152 326 3188 397 1

333 486 582 569 (Locus
639 489 1046 569 emblematis,-
1105 488 1372 559 Sanctus
1395 521 1400 536 ·
1426 491 1670 561 Petrus.
1752 492 2021 563 Sanetus
2076 492 2331 561 Paulus.
2420 493 2819 563 Innocentius
2874 515 3045 581 papa
3084 492 3193 563 ΠΙ.

1002 596 1048 679 †
1088 596 1218 666 Fac
1260 618 1506 667 mecum
1553 600 1803 669 domine
1848 602 2095 687 signum
2143 602 2212 669 in
2258 601 2536 685 bonum.)
2882 628 2889 638 ·

1381 708 1647 789 (Locust
1691 708 1862 777 Bene
1907 709 2157 791 valete.)

553 809 688 895 Ego
738 810 1136 879 Innocentius
1182 813 1486 881 catholice
1532 815 1790 883 ecclesie
1837 817 2170 905 episcopus
2218 816 2559 885 subscribo.

556 916 692 1002 Ego
737 916 1076 986 Nicbolaus
1124 918 1606 996 Tusculanensis
1653 924 1985 1011 episcopus
2032 925 2375 993 subscribo.

556 1024 691 1110 Ego
737 1023 942 1092 Guido
985 1024 1392 1096 Prenestinus
1440 1031 1770 1118 episcopus
1816 1031 2161 1100 subscribo.

554 1132 690 1217 Ego
733 1131 1135 1217 Hug(olinus)
1183 1136 1492 1204 Ostiensis
1539 1144 1601 1205 et
1629 1138 2037 1206 Velletrensis
2084 1140 2413 1227 episcopus
2458 1128 2799 1207 subscribo.

557 1238 691 1323 Ego
736 1239 1112 1309 Benedictus
1157 1242 1521 1311 Portuensis
1569 1250 1632 1313 et
1673 1245 2023 1314 Fardusine
2070 1247 2401 1335 episcopus
2445 1246 2785 1314 subscribo.

487 1382 496 1389 ·
553 1345 690 1429 Ego
736 1346 1027 1433 Pelagius
1071 1350 1452 1421 Albanensis
1499 1354 1828 1441 episcopus
1875 1354 2217 1422 subscribo.

558 1452 694 1538 Ego
765 1454 1052 1525 Cinthius
1119 1459 1290 1526 tituli
1365 1462 1566 1529 sancti
1631 1460 1959 1530 Laurentii
2031 1463 2100 1531 in
2165 1461 2407 1529 Lucina
2478 1460 2791 1547 presbiter
2858 1440 3193 1527 cardinalis

329 1559 694 1629 subscrib0.·
3066 1584 3069 1591 ·

553 1668 689 1753 Ego
735 1668 1000 1737 Oeneius
1047 1677 1408 1741 sanctorum
1451 1674 1746 1743 Iohannis
1791 1682 1856 1743 et
1898 1676 2082 1745 Pauli
2123 1675 2436 1763 presbiter
2478 1672 2815 1743 cardinalis
2862 1672 3030 1741 tituli
3073 1671 3194 1741 Pa-

327 1776 578 1845 machii
610 1777 952 1845 subscribo,

554 1884 690 1969 Ego
723 1884 852 1952 Leo
881 1885 1052 1953 tituli
1081 1892 1297 1955 sancte
1327 1889 1530 1974 crucis
1559 1890 1627 1956 in
1656 1890 2087 1977 lherosolyma
2128 1888 2441 1977 presbiter
2470 1887 2805 1955 cardinalis
2848 1886 3189 1955 subscribo.

556 1992 692 2077 Ego
723 1991 948 2060 Petrus
981 2000 1195 2061 sancte
1216 1994 1606 2065 Pudentiane
1635 1998 1805 2065 tituli
1828 1997 2109 2065 Pastoris
2138 1996 2451 2083 presbiter
2479 1995 2815 2065 cardinalis
2846 1993 3189 2062 subscribo.

556 2098 694 2184 Ego
739 2100 928 2169 Guila
971 2103 1174 2171 saneti
1216 2102 1476 2171 Martini
1519 2103 1830 2191 presbiter
1875 2104 2213 2173 cardinalis
2257 2102 2429 2171 tituli
2473 2102 2724 2190 Equicii
2768 2101 3112 2170 subscribo.

556 2207 694 2292 Ego
735 2208 1044 2277 Robertus
1090 2210 1260 2279 tituli
1305 2212 1506 2280 sancti
1552 2211 1857 2300 Stephani
1900 2214 1970 2281 iri
2014 2212 2185 2280 Celio
2232 2218 2445 2279 monte
2494 2210 2807 2299 presbiter
2852 2208 3190 2279 cardinalis

329 2314 676 2382 subscribo.

453 2408 460 2415 ⁵
553 2422 692 2508 Ego
738 2422 1092 2512 Stephanus
1149 2424 1406 2495 basilice
1451 2426 1777 2495 duodecim
1823 2426 2251 2515 apostolorum
2308 2426 2619 2513 presbiter
2662 2423 2999 2493 cardinalis
3045 2422 3193 2491 sub-

329 2530 560 2600 scribo.

555 2636 691 2723 Ego
724 2636 926 2705 Guido
957 2640 1162 2707 sancti
1187 2638 1433 2707 Nicolai
1461 2641 1530 2708 in
1561 2661 1808 2708 carcere
1831 2641 2121 2709 Tulliano
2153 2640 2451 2709 diaconus
2481 2639 2817 2708 cardinalis
2846 2639 3190 2707 subscribo.

553 2744 690 2831 Ego
739 2744 1078 2831 Gregorius
1124 2749 1326 2815 sancti
1371 2748 1682 2817 Theodori
1725 2749 2027 2817 diaconus
2072 2747 2408 2816 cardinalis
2454 2748 2797 2815 subscribo.

553 2852 690 2936 Ego
737 2853 1116 2923 Octavianus
1161 2860 1520 2923 sanctorum
1553 2856 1758 2941 Sergii
1803 2862 1866 2923 et
1897 2857 2094 2924 Bachi
2139 2857 2437 2925 diaconus
2468 2854 2804 2922 cardinalis
2848 2852 3189 2923 subscribo.

553 2961 692 3045 Ego
737 2961 962 3029 Petrus
1008 2968 1222 3031 sancte
1264 2961 1464 3031 Maris
1507 2964 1574 3030 in
1620 2964 1861 3050 Aquiro
1907 2965 2207 3033 diaconus
2252 2963 2591 3031 cardinalis
2636 2961 2976 3031 subscribo.

554 3067 691 3154 Ego
738 3067 1078 3155 Gregorius
1145 3070 1348 3138 sancti
1405 3069 1659 3155 Georgii
1729 3071 1807 3138 ad
1881 3072 2091 3141 velum
2162 3092 2421 3139 aureum
2489 3071 2787 3139 diaconus
2854 3068 3191 3137 cardinalis

330 3174 676 3245 subscribo.

554 3282 792 3353 Datum
834 3282 1132 3353 Laterani
1187 3304 1304 3371 per
1347 3306 1604 3353 manum
1652 3286 1888 3353 Thome
1931 3290 2149 3353 sancte
2190 3285 2473 3353 Romane
2516 3285 2775 3353 ecclesie
2828 3283 3193 3351 subdiaconi

327 3499 564 3566 minice
621 3518 784 3565 anno
842 3509 932 3565 m⁰
977 3510 1071 3567 cc⁰
1115 3508 1247 3584 xv⁰‚
1313 3499 1714 3587 pontificatus
1768 3521 1918 3569 vero
1976 3501 2215 3569 domini
2272 3500 2616 3568 Innocentii
2672 3519 2838 3587 pape
2884 3498 2970 3566 III
3028 3519 3191 3566 anno

331 3611 554 3674 octavo
599 3606 860 3674 decimo.

545 3748 923 3800 Transsumtum
933 3786 949 3811 ,
987 3747 1054 3799 ad
1090 3748 1228 3799 cuius
1264 3748 1452 3799 calcem
1485 3748 1696 3814 legitur:
1739 3750 1879 3816 „Ego
1915 3748 2165 3801 Radulfus
2200 3749 2487 3815 patriarcha
2519 3748 2793 3801 Ierusalem
2828 3748 2931 3799 vidi
2966 3755 3019 3799 et
3052 3746 3195 3799 tenui

329 3836 666 3889 autenticum“
709 3838 826 3903 (fuit
849 3836 1096 3889 Radulfus
1132 3838 1200 3889 de
1221 3836 1508 3890 Merencort
1541 3838 1828 3905 patriarcha
1861 3846 1980 3905 post
2006 3838 2145 3889 1214
2176 3846 2421 3889 mortuum
2458 3836 2913 3905 praedecessorem,
2951 3838 3061 3903 ipse
3098 3837 3189 3887 de-

329 3926 534 3978 functus
573 3926 739 3995 1225)
789 3927 1082 3979 adservatur
1129 3927 1180 3977 in
1217 3927 1419 3978 archivo
1454 3928 1849 3993 Regimontano,
1897 3926 2032 3978 unde
2082 3927 2241 3979 edidit
2276 3926 2483 3992 Hennig
2518 3926 2586 3979 ad
2620 3926 2807 3977 Lucam
2840 3926 3087 3977 Davidem
3124 3926 3191 3989 11,

330 4014 442 4066 204
477 4034 550 4081 sq.
610 4016 722 4067 Fila
757 4016 1054 4079 cannabino„
1091 4033 1122 4066 e
1158 4016 1336 4082 quibus
1373 4016 1490 4069 olim
1525 4016 1784 4082 pendebat
1821 4015 1956 4067 bulla
1992 4017 2323 4083 patriarchae,
2362 4024 2633 4081 supersunt
2666 4016 2816 4067 etiam
2852 4032 3001 4066 nunc.
3056 4014 3187 4065 Ver-

328 4105 536 4156 borum:
585 4103 938 4169 „Decernimus
975 4106 1124 4171 ergo“
1165 4122 1324 4171 usque
1365 4106 1573 4169 „Amem
1610 4106 1789 4156 Amen.
1826 4104 2021 4155 Amen‘·'
2070 4112 2464 4171 transsumptum
2511 4106 2603 4155 sub
2649 4104 2767 4157 dato
2806 4104 2943 4156 1413
2980 4122 3095 4171 aug.
3121 4102 3189 4155 27

328 4192 676 4259 Mariaeburgi
711 4202 919 4259 petente
953 4194 1192 4246 Heinrico
1230 4194 1294 4244 de
1317 4193 1511 4245 Plauen
1547 4194 1786 4260 magistro
1821 4194 2049 4260 generali
2082 4212 2175 4261 per
2204 4194 2479 4275 Iohannem
2513 4192 2955 4245 Pomesanienscm
2990 4193 3188 4259 episco-

329 4300 454 4349 pum
491 4290 543 4332 et
565 4282 828 4333 Nicolaum
851 4282 1227 4349 Polplinensem
1250 4284 1486 4335 abbatem
1523 4282 1637 4349 (sed
1671 4282 1788 4335 talis
1822 4290 1942 4335 tunc
1978 4300 2080 4335 non
2114 4282 2210 4334 fuit
2244 4284 2419 4346 abbas,
2457 4292 2510 4334 et
2543 4283 2597 4334 in
2630 4283 2742 4349 ipso
2780 4282 2942 4349 sigillo
2975 4282 3190 4349 legitur:

329 4390 374 4423 s.
401 4371 461 4423 fr.
485 4370 626 4423 Petri
661 4370 858 4423 abbatis
895 4371 959 4423 de
993 4371 1243 4439 Polpelyn
1255 4408 1271 4435 ,
1308 4372 1445 4423 unde
1481 4372 1702 4438 spurium
1737 4371 1936 4423 videtur
1971 4373 2347 4440 transsumtum)
2386 4372 2693 4435 confectum,
2742 4372 2828 4423 ubi
2860 4370 3044 4438 legitur
3078 4390 3189 4423 ma-

327 4458 544 4527 gistrum
580 4459 819 4511 obtulisse
857 4460 1098 4527 quasdam
1133 4461 1326 4512 litteras
1363 4461 1664 4527 apostolicas
1700 4460 1934 4513 videlicet
1956 4461 2237 4513 Innocentii
2269 4478 2403 4528 pape
2426 4461 2519 4523 111,
2557 4461 2665 4512 eius
2698 4478 2819 4512 vera
2852 4460 2991 4511 bulla
3023 4460 3189 4527 plum-

329 4550 432 4601 bea
467 4565 578 4600 cum
614 4548 710 4601 filis
746 4550 888 4600 rubei
925 4558 978 4601 et
1012 4549 1179 4616 glauci
1215 4550 1392 4602 coloris
1429 4566 1567 4602 more
1591 4550 1728 4600 curie
1751 4550 1980 4603 Romane
2015 4548 2233 4601 bullatas
2256 4567 2381 4601 cum
2415 4549 2781 4616 subscriptione
2816 4549 3034 4601 omnium
3068 4565 3189 4615 pro·

327 4646 454 4689 tunc
489 4656 529 4689 s.
555 4638 618 4690 R..
644 4656 690 4689 e.
717 4638 1058 4700 cardinalium,
1094 4656 1194 4690 non
1219 4638 1448 4701 abolitas,
1485 4656 1585 4690 non
1613 4640 1820 4690 abrasas
1857 4656 1952 4689 nec
1986 4639 2038 4689 in
2077 4640 2245 4705 aliqua
2280 4640 2357 4689 sui
2392 4647 2536 4704 parte
2573 4646 2849 4705 suspectas.
2902 4637 3103 4689 Initium
3140 4645 3191 4687 et

330 4726 506 4779 datum
531 4726 769 4779 Laterani
802 4726 870 4778 xii
903 4728 996 4778 cal.
1021 4736 1164 4777 mart.
1195 4728 1515 4779 concordant.
1569 4726 1784 4779 Omnino
1821 4726 2150 4793 depravatum
2186 4726 2359 4777 datum
2394 4728 2607 4794 praebet
2638 4727 2969 4778 inventarium
3006 4726 3193 4777 archivi

330 4816 540 4868 cracov.
563 4832 614 4883 p.
636 4816 731 4867 61:
775 4816 1148 4882 „subscriptum
1183 4816 1499 4882 privilegium
1522 4818 1587 4868 ab
1611 4817 1722 4885 ipso
1757 4834 1894 4883 papa
1915 4825 1971 4867 et
1998 4815 2061 4867 1⁷
2088 4816 2439 4869 cardinalibus.
2492 4816 2679 4867 Datum
2700 4816 2861 4869 Rome
2896 4829 3028 4867 anno
3058 4815 3191 4867 1215

335 4906 402 4957 15
435 4904 632 4957 calend.
653 4906 818 4957 martii
853 4923 903 4972 p.
930 4924 976 4957 a.
1001 4904 1116 4958 17⁴⁴.
