3892 5609
1372 323 1793 373 Αιιιιιιᾼιιιτιᾼ.
1863 324 2177 374 nonnum
3056 313 3201 385 189

332 480 499 548 mini
544 479 895 548 Bernhardi
940 479 1219 568 episcopi
1262 479 1655 549 Pataviensis
1702 481 1783 549 de
1842 487 1907 548 et
1949 503 2140 569 super
2183 482 2576 549 libertatibus
2621 481 2889 548 fratrum
2935 482 3204 550 Theuto-

332 586 627 654 nieorum
672 586 877 671 sigillo
924 607 1039 653 suo
1084 586 1349 671 oblongo
1406 589 1473 654 in
1530 587 1653 656 filis
1708 585 1998 657 sericeis⁴
2042 589 2436 676 appendente
2480 589 2738 674 muniti,
2795 589 2972 656 cuius
3025 595 3206 657 tenor

334 695 629 782 sequitur
670 695 739 761 in
782 695 949 760 hunc
995 693 1282 761 modum:

660 801 789 868 Nos
819 798 1249 869 Wernhardus
1294 805 1411 869 etc.
1460 801 1539 869 de
1588 803 1758 868 1299
1804 821 1947 869 nov.
1980 803 2026 867 4
2071 823 2128 868 v.
2163 822 2357 889 supra
2399 823 2462 868 n.
2500 803 2647 868 184.

767 907 973 974 Intus:
1020 907 1321 976 Albertus
1368 913 1485 976 etc.
1534 907 1613 975 de
1662 909 1833 974 1298
1878 908 2034 975 febr.
2070 909 2157 975 20
2201 929 2259 974 v.
2301 928 2496 995 supra
2537 929 2599 974 ιι.
2631 909 2777 974 183.

768 1013 973 1082 Intus:
1019 1011 1377 1082 Fridericus
1422 1019 1540 1082 etc.
1589 1014 1668 1081 de
1717 1015 1887 1080 1239
1933 1037 1994 1082 v.
2027 1034 2222 1101 supra
2263 1036 2326 1081 n.
2357 1017 2502 1081 179.

339 1117 643 1205 Sequitur
696 1125 878 1188 tenor
930 1120 1141 1188 littere
1199 1121 1439 1189 domini
1481 1119 1727 1189 Rudolfi
1775 1119 1941 1204 regis
1986 1120 2412 1189 Romanorum
2471 1119 2676 1205 sigillo
2733 1139 2848 1187 suo
2901 1121 3075 1204 regio
3134 1120 3202 1187 in

333 1225 631 1312 pressula
656 1227 1021 1315 pergameni
1054 1228 1448 1316 appendente
1477 1227 1769 1313 sigillate,
1816 1249 2006 1315 super
2035 1228 2516 1298 conservacione
2543 1227 2906 1294 libertatum
2935 1227 3201 1294 fratrum

336 1332 901 1402 Theutonicorum:

658 1439 963 1507 Rudolfus
1009 1445 1125 1508 etc.
1197 1441 1493 1510 Volentes
1536 1440 1933 1509 honorabiles
1979 1446 2096 1508 etc.
2144 1440 2222 1508 de
2271 1441 2437 1508 1277
2488 1440 2702 1506 martii
2737 1441 2770 1504 1
2822 1439 2898 1520 (s.
2931 1459 2995 1507 ιι.
3027 1441 3199 1523 182).

336 1543 642 1632 Sequitur
682 1551 865 1614 tenor
906 1547 1223 1634 privilegii
1268 1548 1507 1615 domini
1551 1547 1833 1616 Heinrici
1876 1548 2044 1630 regis
2087 1546 2388 1614 Bohemie
2435 1552 2586 1615 etc.:

242 1665 268 1680 ·
659 1651 791 1720 Nos
832 1653 1165 1722 Heinricus
1212 1660 1327 1723 etc.
1378 1656 1457 1722 de
1505 1655 1675 1722 1329
1720 1654 1877 1721 febr.
1908 1655 1954 1718 4
2001 1653 2222 1740 (supra
2265 1675 2328 1720 ιι.
2359 1653 2532 1735 185).

336 1756 642 1844 Sequitur
684 1759 1083 1846 privilegium
1130 1760 1369 1828 domini
1411 1760 1659 1830 Rudolfi
1704 1762 1914 1846 quarti
1958 1759 2134 1826 ducis
2166 1761 2421 1827 Austrie
2467 1765 2582 1827 etc.
2621 1763 3058 1845 transsumpta
3096 1759 3202 1826 lit-

331 1869 619 1932 terarum
650 1866 967 1933 ducalium
996 1867 1393 1935 dominorum
1422 1868 1672 1936 Alberti
1700 1867 1960 1934 Austrie
1991 1874 2056 1934 et
2083 1866 2363 1934 Udalrici
2390 1865 2722 1932 Karinthie
2753 1867 2980 1932 ducum
3021 1867 3089 1932 in
3133 1886 3200 1932 se

334 1972 690 2057 continens,
734 1973 939 2058 sigillo
976 1995 1091 2042 suo
1122 1975 1329 2043 ducali
1371 1976 1597 2042 maiori
1640 1975 1909 2042 rotundo
1954 1975 2024 2042 in
2069 1993 2232 2041 zona
2276 1974 2515 2042 sericea
2557 1972 2974 2060 appendente,
3019 1972 3198 2039 euius

334 2082 523 2146 tenor
565 2077 714 2146 talis
758 2085 883 2146 est:

658 2184 797 2254 wir
840 2185 1075 2254 Rudolf
1112 2191 1229 2256 etc.
1277 2187 1356 2255 de
1405 2189 1578 2254 1360
1620 2187 1837 2254 martii
1881 2188 1962 2253 27
2015 2187 2234 2274 (supra
2277 2207 2340 2254 ιι.
2370 2187 2540 2269 190).

764 2292 971 2361 Intus:
1017 2291 1156 2360 wir
1198 2294 1504 2362 Albrecht
1544 2295 1624 2362 de
1672 2294 1845 2360 1350
1886 2293 2029 2360 iulii
2062 2295 2144 2360 13
2193 2295 2412 2380 (supra
2453 2313 2516 2360 ιι.
2554 2292 2728 2375 186).

975 2399 1183 2468 Intus.
1229 2399 1366 2470 Wir
1410 2400 1662 2469 Ulreich
1707 2401 1927 2487 (supra
1968 2421 2032 2468 n.
2062 2401 2234 2480 180).

764 2503 969 2572 Intus:
1016 2504 1152 2574 Wir
1196 2508 1502 2576 Albrecht
1544 2508 1623 2574 de
1671 2507 1844 2573 1350
1885 2506 2026 2573 iulii
2060 2508 2142 2572 13
2189 2507 2410 2594 (supra
2451 2525 2514 2572 ιι.
2553 2505 2725 2587 187).

975 2611 1181 2680 Intus:
1228 2612 1367 2681 Wir
1407 2613 1661 2682 Ulreich
1714 2613 1933 2700 (supra
1974 2633 2039 2678 ιι.
2070 2613 2241 2696 181).

338 2667 639 2802 Sequitur
682 2723 865 2785 tener
907 2718 1405 2788 confirmacionis
1451 2720 1689 2788 domini
1732 2719 1990 2786 Ernesti
2032 2719 2207 2786 ducis
2251 2719 2538 2786 Austrie:

656 2822 795 2892 wir
836 2824 1035 2895 Ernst
1080 2832 1195 2896 etc.
1243 2827 1321 2894 de
1372 2829 1538 2894 1421
1592 2847 1730 2911 aug.
1768 2827 1851 2892 12
1899 2825 2120 2912 (supra
2161 2847 2225 2892 n.
2263 2826 2434 2907 192).

560 2928 648 2998 Et
690 2950 805 3016 ego
834 2930 1141 3002 Iohannes
1172 2933 1430 3002 Schawr
1475 2934 1554 3001 de
1581 2932 2050 3016 weissenburg,
2095 2931 2358 2999 clericus
2405 2930 2772 3013 coniugatus
2803 2928 3196 3015 Eystetensis

336 3033 639 3122 diocesis,
693 3038 980 3124 publicus
1024 3040 1340 3127 imperiali
1386 3041 1757 3108 auctoritate
1800 3039 2085 3105 notarius
2099 3087 2118 3123 ,
2177 3039 2328 3124 quia
2369 3037 2680 3104 dictorum
2723 3035 3196 3123 privilegiorum

334 3144 821 3230 presentacioni‚
864 3147 1237 3233 recepcioni,
1284 3147 1738 3234 supplicacioni
1768 3145 2182 3231 omnibusque
2213 3143 2354 3210 aliis
2399 3149 2464 3212 et
2508 3143 2792 3227 singulis,
2839 3142 2988 3208 dum
3035 3143 3198 3210 sicut

334 3248 730 3335 premittitur
774 3258 1139 3338 agerentur,
1198 3259 1263 3322 et
1305 3273 1516 3322 coram
1570 3253 1879 3341 prelibato
1932 3251 2454 3319 reverendissimo
2498 3250 2567 3316 in
2612 3248 2862 3316 Christo
2905 3254 3087 3334 patre
3133 3253 3198 3315 et

334 3355 615 3440 dominc,
659 3356 914 3425 domino
957 3359 1321 3445 patriarcha
1360 3359 1605 3445 fierent,
1648 3381 1777 3426 una
1820 3378 1964 3426 cum
2007 3356 2468 3426 venerabilibus
2511 3356 2688 3439 viris,
2733 3355 3056 3438 magistris
3083 3353 3196 3420 Ni-

336 3461 517 3530 colao
550 3461 843 3550 Speyser,
888 3466 1189 3533 canonico
1234 3466 1493 3534 ecclesie
1536 3467 1739 3534 sancti
1764 3464 2194 3534 Bartholomei
2231 3461 2473 3530 Frisaci
2518 3467 2584 3528 et
2611 3461 2944 3528 Wilhelmo
2985 3459 3195 3546 Polcz,

334 3568 609 3657 plebano
631 3567 922 3659 Wippaci
952 3571 1465 3656 Salczburgensis
1513 3577 1577 3640 et
1604 3571 2066 3659 Aquilegiensis
2097 3570 2439 3638 diocesium
2485 3589 2744 3656 presens
2789 3567 3048 3634 interfui
3094 3587 3197 3634 ea-

336 3695 461 3762 que
506 3677 599 3744 sic
640 3675 779 3745 fieri
808 3677 941 3744 vidi
984 3684 1047 3749 et
1092 3679 1331 3761 audivi3
1378 3679 1510 3765 sed,
1558 3681 1705 3766 quia
1740 3679 2190 3767 suprascriptis
2233 3676 2648 3762 transumptis
2679 3674 3007 3760 completis
3052 3693 3195 3758 pre·-

334 3780 699 3850 nonimatus
727 3784 1019 3852 dominus
1063 3786 1425 3872 patriarcha
1466 3807 1726 3873 presens
1770 3806 1899 3853 non
1945 3786 2242 3853 extiterat
2285 3789 2349 3852 et
2389 3788 2651 3870 propter
2695 3780 3054 3848 huiusmodi
3097 3781 3198 3847 sui

776 3891 1133 3958 absenciam
1190 3897 1254 3959 et
1304 3893 1605 3962 festinum
1658 3911 1978 3960 recessum
2021 3892 2262 3959 domini
2305 3889 2600 3958 Iohannis
2645 3889 2723 3956 de
2767 3885 3196 3954 Pomersheim

364 3992 638 4080 Siquam
772 3999 1158 4085 preceptoris
1206 3999 1411 4067 balive
1456 4000 1713 4068 Austrie
1760 3999 1996 4066 ordinis
2040 3998 2308 4066 fratrum
2354 3995 2882 4064 Theutonicorum
2926 3993 3197 4080 prescri-

367 4102 613 4166 παιωνίᾳ·
772 4107 886 4191 pta
939 4109 1340 4193 transumpta
1392 4127 1523 4174 ιιοιι
1576 4110 1872 4194 poterant
1924 4105 2220 4189 sigillari,
2281 4123 2476 4188 quare
2530 4105 2929 4188 transumpta
2980 4099 3194 4166 huius-

773 4211 947 4277 modi
988 4231 1105 4297 per
1146 4233 1250 4280 me
1291 4213 1587 4280 inchoata
1639 4216 1705 4278 et
1749 4232 1862 4300 per
1906 4211 2101 4278 alium
2144 4210 2428 4292 fidelem,
2486 4229 2589 4275 me
2633 4207 2774 4274 aliis
2817 4207 3009 4274 certis
3051 4227 3197 4294 pre,-

336 4317 557 4407 pedito
600 4317 897 4402 negociis,
942 4319 1303 4404 conscripta
1330 4319 1629 4405 conspexi
1664 4323 1727 4386 et
1758 4338 1899 4386 cum
1938 4318 2062 4386 alio
2091 4316 2262 4385 fideli
2293 4316 2500 4383 debite
2531 4313 2958 4398 collacionavi,
3003 4313 3197 4380 nichil

336 4424 666 4492 inveniens
688 4443 851 4496 ,cum
891 4423 1301 4508 originalibus
1332 4424 1711 4509 discordare,
1758 4425 1925 4511 quod
1961 4444 2212 4492 sensum
2259 4427 2534 4490 mutaret
2577 4441 2691 4488 seu
2718 4420 3010 4503 viciaret3
3052 4419 3196 4487 ideo

336 4531 419 4599 de
460 4531 760 4600 mandato
806 4529 959 4597 dicti
991 4530 1230 4597 domini
1258 4530 1553 4599 Iohannis
1584 4530 1662 4598 de
1690 4531 2120 4600 Pomersheim
2164 4550 2266 4598 me
2309 4527 2574 4616 propria
2614 4547 2807 4594 manu
2851 4526 3198 4612 subscripsi

338 4643 405 4708 et
446 4639 629 4722 signo
672 4656 814 4705 meo
858 4637 1046 4704 solito
1086 4643 1413 4724 presentes
1457 4637 1704 4722 signavi
1745 4643 2004 4723 rogatus
2051 4643 2114 4704 et
2157 4636 2498 4722 requisitus
2553 4635 2624 4701 in
2677 4631 2866 4700 fidem
2911 4638 2976 4702 et
3016 4633 3195 4700 testi-

334 4745 623 4812 monium
666 4744 949 4812 omnium
994 4747 1059 4812 et
1102 4743 1490 4828 singulorum
1534 4745 2007 4833 premissorum.

550 4866 643 4930 vl,
676 4865 979 4920 354—361
995 4883 1043 4919 v.
1095 4866 1155 4918 In
1188 4867 1384 4934 pagiua.
1415 4867 1521 4918 sss
1555 4841 1903 4934 leguminis
1936 4865 2204 4934 privilegia
2236 4865 2306 4932 hy
2342 4881 2426 4916 um
2458 4862 2780 4915 vembriben
2815 4861 2959 4914 viaet
2991 4877 3110 4914 man
3143 4861 3196 4914 ιιι

336 4956 454 5008 dem
487 4955 626 5008 haws
662 4971 721 5008 ze
756 4955 1011 5022 Fryesach
1046 4954 1153 5007 und
1187 4973 1249 5007 zu
1285 4955 1541 5022 haybach.
1712 4957 1759 5008 1.
1798 4955 1923 5008 Cum
1958 4955 2093 5007 enim
2127 4954 2187 5006 B.
2353 4952 2404 5004 2.
2443 4960 2496 5002 et
2529 4951 2629 5002 alia
2664 4967 2760 5017 que
2797 4949 2856 5000 B.
3015 4950 3064 5001 3.
3085 4967 3193 5002 .ex-

336 5051 631 5113 torquentur
664 5043 726 5097 B.
938 5043 991 5097 4.
1028 5043 1246 5111 oblongo
1280 5044 1334 5096 in
1369 5043 1475 5096 silis
1510 5043 1716 5097 sinceris
1750 5043 1814 5097 B.
