3892 5609
718 327 873 398 430
1689 334 2117 388 Pom-metm
2162 336 2603 385 Rouauoumu

619 475 635 510 ἶ
719 497 813 568 67
828 497 898 565 7.
933 499 1116 566 1319
1161 499 1310 563 iulii
1338 498 1427 564 12
1455 497 1788 564 Acinione.
1859 495 2171 564 Iohannes
2201 496 2422 563 XXII
2459 497 2761 582 quosdam
2806 495 3051 582 deleyat
3095 507 3573 574 conservatores,

937 608 1051 693 qui
1112 608 1273 670 iuris
1340 609 1794 692 ecceptionibus
1864 631 1904 670 a
1960 605 2300 690 Bonffacio
2347 603 2528 671 VIII
2572 606 2874 668 concessis
2938 606 3307 690 postpositis
3362 605 3581 668 ordini

945 711 1322 778 Theutonico
1340 773 1351 785 ,
1367 715 1732 778 subveniant
1777 726 1995 779 contra
2037 716 2164 778 vim
2209 725 2395 798 atque
2436 713 2759 776 iniuriam.

933 853 1238 920 lohannes
1297 854 1625 940 episcopus
1685 873 1902 920 servus
1961 872 2281 921 servorum
2340 853 2441 920 dei
2486 839 2944 920 venerabilibus
2986 849 3289 917 fratribus
3336 849 3469 916 Nsi.
3517 855 3583 915 et

713 961 848 1050 Nsi.
895 960 1383 1047 archiepiscopis
1430 979 1502 1026 ac
1547 960 1838 1046 episcopo
1883 959 2018 1027 Nsi.
2068 961 2332 1028 salutem
2381 968 2445 1027 et
2490 959 2897 1047 apostolicam
2944 957 3463 1027 benedictionem.

713 1069 854 1136 Etsi
911 1053 1291 1155 quibuslibet
1337 1066 1646 1149 religiosis
1693 1068 1977 1154 personis
2024 1075 2089 1134 et
2131 1069 2285 1134 locis
2332 1089 2409 1134 ex
2454 1068 2733 1134 iniuncto
2778 1066 2958 1134 nobis
3008 1065 3331 1132 servitutis
3376 1063 3579 1130 officio

715 1178 1008 1244 assistere
1049 1174 1426 1241 defensionis
1473 1174 1745 1260 presidio
1791 1181 2137 1259 teneamur,
2184 1175 2311 1241 illis
2354 1180 2569 1241 tamen
2615 1173 2951 1261 specialius
2997 1179 3065 1239 et
3104 1171 3423 1239 efficacius
3468 1172 3579 1238 ad-

716 1303 853 1352 esse
905 1304 1021 1348 nos
1075 1283 1394 1365 convenit,
1452 1281 1558 1367 qui
1611 1281 1748 1348 sedi
1803 1281 2141 1366 apostolice
2192 1283 2554 1349 immediate
2599 1281 2863 1348 subiecti
2908 1300 3035 1346 non
3078 1280 3315 1348 habent
3366 1285 3583 1366 preter

713 1389 1062 1456 Romanum
1111 1387 1465 1475 pontificem
1515 1387 1706 1453 alium
1755 1387 2161 1455 defensorem.
2242 1387 2407 1456 Sane
2452 1389 2817 1456 dilectorum
2863 1387 3133 1454 filiorum
3179 1435 3196 1453 .
3224 1438 3243 1452 .
3290 1386 3579 1470 magistri

715 1503 780 1564 et
821 1497 1085 1563 fratrum
1133 1494 1462 1582 hospitalis
1509 1500 1722 1562 sancte
1767 1493 1964 1561 Marie
2010 1495 2531 1562 Theutonicorum
2577 1495 3061 1562 Ierosolimitani
3102 1495 3183 1562 ad
3228 1494 3581 1560 Romanam

716 1603 1036 1670 ecclesiam
1105 1601 1276 1668 nullo
1343 1602 1546 1668 medio
1613 1603 1987 1688 pertinentis
2054 1604 2496 1687 conquestione
2561 1604 2989 1690 percepimus,
3063 1603 3229 1688 quod
3296 1599 3583 1668 nonnulli

717 1709 1200 1798 archiepiscopi,
1269 1709 1577 1796 episcopi,
1649 1709 1903 1776 abbates
1968 1717 2031 1776 et
2096 1709 2203 1776 alii
2262 1711 2474 1777 clerici
2528 1709 3069 1794 ecclesiasticaque
3123 1729 3397 1796 persone
3448 1716 3581 1774 tam

716 1818 1006 1900 religiose
1053 1837 1242 1902 quam
1289 1815 1634 1900 seculares,
1677 1837 1918 1883 necnon
1964 1818 2222 1884 comites
2271 1823 2333 1884 et
2378 1817 2673 1901 barones,
2719 1817 2981 1902 nobiles,
3026 1817 3281 1899 milites,
3328 1816 3585 1882 univer-

715 1926 933 1992 sitates
979 1929 1043 1990 et
1087 1922 1195 1989 alii
1243 1923 1552 1990 seculares
1597 1925 1920 2006 civitatum
1972 1929 2035 1992 01
2080 1924 2420 1991 diocesium
2466 1945 2543 2010 ac
2585 1924 2859 2010 partium
2906 1925 3277 2007 vicinarum,
3330 1924 3399 1988 in
3444 1924 3585 2008 qui-

715 2033 832 2099 bus
863 2032 1098 2098 dictum
1129 2030 1438 2116 hospitale
1469 2045 1711 2098 necnon
1743 2039 1805 2098 et
1835 2031 1962 2098 alia
2005 2030 2143 2097 loca
2186 2038 2250 2097 et
2293 2033 2577 2098 membra
2619 2031 2822 2098 eidem
2868 2029 3165 2116 hospitali
3208 2030 3401 2118 pleno
3444 2031 3585 2097 iure

713 2139 1076 2207 immediate
1107 2137 1388 2205 subiecta
1418 2137 1498 2204 ad
1542 2137 1804 2205 eandem
1851 2137 2062 2205 sedem
2109 2139 2419 2206 duntaxat
2460 2139 2815 2226 spectantia
2858 2139 3199 2204 consistere
3244 2139 3583 2206 dinoscun-

715 2253 849 2331 tur,
907 2249 1294 2332 occuparunt
1337 2251 1401 2312 et
1443 2246 1736 2331 occupari
1779 2246 2063 2312 fecerunt
2107 2245 2433 2330 ecclesias,
2490 2246 2817 2330 grangias,
2872 2245 3291 2329 obedientias,
3352 2251 3581 2328 castra,

715 2353 969 2438 casalia,
1013 2359 1238 2438 terras,
1283 2353 1521 2436 vineas,
1567 2354 2015 2438 possessioneS,
2064 2372 2306 2437 census,
2352 2353 2633 2419 redditus
2674 2358 2739 2419 et
2780 2357 3141 2439 proventus,
3188 2353 3348 2436 iura,
3394 2353 3585 2418 iuris—

715 2461 1021 2527 dictiones
1080 2465 1143 2526 et
1199 2459 1500 2525 nonnulla
1556 2459 1679 2525 alia
1731 2460 1896 2526 bona
1946 2458 2205 2525 mobilia
2257 2465 2321 2525 et
2361 2460 2711 2527 immobilia
2756 2459 2836 2525 ad
2880 2457 3115 2526 dictum
3158 2459 3475 2546 hospitale
3516 2465 3585 2527 et

717 2567 841 2634 alia
890 2567 1202 2653 prelibata
1247 2569 1379 2634 eius
1423 2567 1708 2633 membra
1751 2567 2128 2654 spectantia,
2186 2588 2296 2633 seu
2340 2566 2553 2633 eadem
2603 2566 3027 2633 detinentibus
3069 2573 3363 2653 prestant
3402 2568 3587 2634 auxi-

715 2675 871 2741 lium
921 2679 985 2740 et
1025 2674 1335 2759 favorem,
1392 2674 1675 2741 nonnulli
1722 2675 1916 2740 etiam
1961 2674 2289 2774 civitatum
2334 2679 2398 2741 et
2439 2675 2780 2770 diopesium
2827 2695 2902 2740 ac
2944 2675 3223 2760 partium
3268 2674 3587 2761 predicta-

713 2801 856 2848 rum
871 2831 890 2866 ,
945 2781 1054 2866 qui
1110 2801 1338 2847 nomen
1397 2781 1634 2848 domini
1689 2782 1757 2846 in
1802 2801 2067 2850 vacuum
2123 2783 2403 2868 recipere
2444 2801 2571 2848 non
2615 2781 2985 2866 formidant,
3044 2781 3231 2849 dictis
3274 2783 3583 2865 magistro

717 2895 780 2955 et
829 2887 1130 2954 fratribus
1189 2888 1340 2955 dicti
1409 2887 1736 2974 hospitalis
1789 2889 1858 2954 in
1917 2888 2227 2971 ecclesiis,
2295 2889 2573 2972 grangiis
2630 2873 2972 2972 casalibus,
3042 2890 3301 2973 01181118,
3370 2890 3585 2972 101118,

683 2984 1250 3062 'iurisdictionibus
1267 3045 1286 3078 ,
1333 2994 1606 3079 iuribus,
1660 2996 1840 3062 bonis
1887 3002 1951 3064 et
1994 2997 2181 3063 rebus
2228 2996 2368 3063 aliis
2415 2995 2495 3062 ad
2538 2997 2849 3082 hospitale
2894 2997 3246 3082 predictum
3291 3001 3585 3083 spectan-

713 3102 882 3169 tibus
957 3102 1337 3190 multiplices
1405 3101 1724 3169 molestias
1800 3123 1874 3169 ac
1946 3101 2211 3170 iniurias
2282 3103 2559 3169 inserunt
2626 3109 2690 3170 et
2757 3105 3051 3171 iacturas.
3154 3103 3364 3182 Quare
3426 3103 3583 3171 dicti

715 3210 1014 3294 magister
1081 3215 1145 3276 et
1217 3211 1444 3278 fratres
1517 3209 1699 3276 nobis
1775 3209 2095 3276 humiliter
2164 3210 2628 3296 supplicarunt,
2698 3218 2800 3295 ut,
2868 3231 3005 3276 cum
3076 3209 3261 3278 valde
3327 3210 3585 3278 difficile

715 3317 1016 3383 reddatur
1082 3317 1317 3412 eisdem
1386 3323 1449 3384 et
1523 3316 1662 3382 aliis
1737 3317 2035 3383 membris
2104 3319 2232 3383 suis
2300 3337 2415 3403 pro
2482 3317 2747 3402 singulis
2824 3317 3094 3402 querelis
3170 3317 3252 3384 ad
3326 3325 3585 3405 aposto-

714 3423 902 3490 licam
967 3423 1178 3490 sedem
1246 3423 1474 3490 habere
1537 3444 1894 3508 recursum,
1962 3423 2293 3510 providere
2348 3425 2437 3491 eis
2506 3445 2695 3510 super
2749 3424 2866 3490 hoc
2932 3430 3201 3510 paterna
3254 3425 3585 3510 diligentia

716 3549 1096 3598 curaremus.
1177 3531 1308 3598 Nos
1353 3531 1545 3615 igitur
1591 3531 1888 3598 adversus
1933 3537 2371 3618 occupatores,
2416 3532 2800 3616 detentores,
2847 3537 3341 3618 presumptores,
3386 3532 3583 3600 mole-

717 3642 986 3704 statores
1018 3645 1082 3704 01
1109 3639 1509 3705 iniuriatores
1539 3639 1896 3705 huiusmodi
1928 3638 2037 3704 illo
2067 3639 2348 3705 volentes
2397 3639 2487 3705 eis
2530 3639 2808 3706 remedio
2854 3639 3205 3723 subvenire,
3252 3659 3370 3725 per
3414 3640 3583 3725 quod

719 3745 1003 3831 ipsorum
1034 3751 1468 3833 compescatur
1497 3747 1820 3812 temeritas
1855 3751 1919 3812 et
1964 3745 2105 3812 aliis
2152 3747 2359 3812 aditus
2404 3747 2833 3813 committendi
2877 3745 3111 3812 similia
3154 3745 3583 3831 precludatur,

714 3851 1098 3919 fraternitati
1128 3857 1335 3918 vestre
1377 3873 1492 3938 per
1538 3852 1882 3939 apostolica
1925 3854 2164 3939 scripta
2205 3853 2598 3936 mandamus,
2648 3859 2953 3938 quatenus
2998 3873 3111 3918 vos
3157 3853 3255 3918 vel
3300 3853 3426 3919 duo
3471 3859 3584 3919 aut

715 3979 875 4025 unus
917 3963 1197 4025 vestrum
1236 3980 1348 4046 per
1394 3980 1504 4025 vos
1549 3959 1649 4025 vel
1695 3960 1889 4026 alium
1934 3981 2045 4026 seu
2093 3960 2278 4044 alios,
2336 3960 2583 4027 etiamsi
2629 3960 2758 4025 sint
2800 3967 2980 4026 extra
3022 3959 3192 4044 loca,
3239 3959 3308 4025 111
3354 3959 3583 4044 quibus

715 4065 1000 4153 deputati
1040 4067 1190 4133 estis
1235 4072 1704 4133 conservatores
1748 4072 1812 4134 et
1843 4067 2099 4150 111111008,
2146 4068 2469 4151 magistro,
2513 4066 2811 4134 fratribus
2842 4073 2909 4134 et
2935 4068 3233 4133 membris
3280 4067 3582 4153 predictis

715 4171 984 4240 efficacis
1041 4173 1419 4240 defensionis
1473 4172 1749 4259 presidio
1795 4175 2159 4242 assistentes
2204 4194 2333 4240 non
2373 4174 2787 4260 permittatis,
2844 4175 3093 4240 eosdem
3138 4195 3330 4260 super
3372 4174 3475 4241 1118
3520 4179 3585 4242 01

715 4279 1096 4365 quibuslibet
1125 4280 1266 4347 aliis
1302 4281 1482 4348 bonis
1525 4280 1766 4346 iuribus
1811 4283 1892 4347 ad
1935 4283 2109 4367 ipsos
2154 4281 2581 4368 spectantibus
2627 4281 2706 4348 ab
2737 4281 2969 4348 eisdem
3016 4286 3081 4346 et
3110 4280 3581 4366 quibuscunque

717 4386 856 4452 aliis
911 4386 1190 4453 indebite
1244 4387 1564 4454 molestari
1609 4389 1708 4454 vel
1763 4388 1883 4455 sibi
1939 4390 2307 4472 gravamina
2362 4409 2472 4454 seu
2518 4389 2793 4474 dampna
2838 4385 2939 4454 vel
2982 4387 3245 4452 iniurias
3288 4389 3579 4472 irrogari,

716 4493 946 4560 facturi
980 4493 1158 4580 ipsis,
1204 4514 1346 4561 cum
1394 4492 1470 4559 ab
1518 4495 1608 4561 eis
1655 4494 1755 4560 vel
1799 4515 2014 4560 eorum
2062 4495 2271 4580 aliquo
2318 4515 2429 4561 seu
2476 4500 2878 4582 procuratore
2926 4495 3025 4561 vel
3066 4495 3581 4580 procuratoribus

607 4679 614 4686 .
718 4600 1052 4666 eorundem
1112 4600 1212 4667 vel
1265 4601 1546 4668 alicuius
1585 4621 1798 4667 eorum
1856 4601 2103 4668 fueritis
2152 4603 2471 4687 requisiti,
2532 4602 2609 4667 de
2654 4599 2953 4688 predictis
3000 4605 3063 4666 et
3108 4600 3249 4667 aliis
3292 4601 3579 4688 personis

718 4707 1100 4793 quibuslibet
1126 4728 1315 4793 super
1343 4708 1740 4775 restitutione
1771 4708 2197 4792 ecclesiarum,
2234 4709 2658 4793 grangiarum,
2690 4714 3061 4791 castrorum,
3094 4709 3421 4790 casalium,
3453 4715 3581 4775 ter·

714 4834 952 4898 rarum,
975 4815 1464 4901 possessionum,
1487 4815 2009 4900 iurisdictionum,
2029 4816 2257 4882 iurium
2286 4819 2349 4881 et
2372 4815 2678 4882 bonorum
2697 4815 3113 4882 immobilium
3139 4820 3203 4882 et
3226 4813 3575 4898 mobilium,

715 4921 1027 4988 redditum
1076 4909 1350 5008 quoque,
1396 4929 1814 5008 proventuum
1861 4930 1925 4990 et
1972 4923 2236 4990 aliorum
2282 4941 2794 5009 quorumcunque
2838 4907 3139 4988 bonorum
3154 4971 3175 5006 ‚
3224 4941 3471 4992 necnon
3516 4929 3575 4988 et

715 5027 1098 5114 quibuslibet
1125 5029 1374 5096 iniuriis
1406 5035 1469 5096 et
1499 5031 1802 5098 molestiis
1835 5035 2022 5116 atque
2053 5031 2345 5118 dampnis
2373 5031 2769 5116 presentibus
2794 5035 2858 5096 et
2884 5029 3132 5115 futuris,
3157 5031 3225 5096 in
3254 5029 3382 5096 illis
3408 5030 3574 5096 vide-

3390 5331 3427 5358 Q
