3892 5609
684 304 837 375 204
931 374 935 381 ‚
1659 310 1962 360 Pnnssu.
2030 312 2219 360 Nova
2262 313 2581 362 MARcmA

683 472 861 543 212.
903 446 1088 541 1338,
1125 498 1266 539 nov.
1299 474 1390 540 26
1436 472 1660 539 Welen.
1733 472 2150 539 Imm-umenti
2191 472 2555 561 treuyanc‘m
2592 474 3052 560 fraqmentum.

769 646 788 663 .
815 646 832 663 .
881 595 1174 682 cumque¹
1223 644 1459 663 ......
1487 617 1628 662 mus
1684 596 2023 662 intercludi
2076 596 2357 665 nolentes
2414 598 2572 684 ipsis
2620 645 2857 664 ......
2906 596 3111 683 spolia
3156 648 3399 665 ......
3448 604 3563 666 aut

679 705 900 771 incolis
954 700 1335 771 marchionis
1393 709 1456 770 et
1509 704 1868 790 principum
1925 703 2354 789 predictorum
2412 704 2491 770 de
2546 752 2563 769 .
2592 754 2608 769 .
2636 754 2651 770 .
2681 754 2697 769 .
2756 710 3063 790 quantum
3122 705 3283 791 proh
3309 754 3555 771 ......

681 834 711 878 s
736 861 752 877 .
779 863 795 878 .
825 861 840 877 .
869 812 1012 877 [vio
1059 798 1380 897 prohiberi
1424 811 1704 897 poterint
1747 810 1969 876 inferri
2016 810 2373 893 aliqualiter
2418 810 2792 878 consentire.
2876 811 3012 890 Qne
3058 832 3205 878 vero
3250 812 3341 896 si,
3388 812 3559 897 quod

681 920 864 1003 absit,
917 918 1098 984 illata
1139 918 1376 984 fuerint
1420 919 1581 985 elam
1628 916 1730 983 vel
1773 916 2007 1002 palam,
2064 923 2295 982 extunc
2336 916 2616 983 illatores
2664 918 3083 1004 dampnorum
3127 920 3415 1005 ipsorum
3460 920 3560 984 111-

680 1026 844 1092 dicio
889 1029 1060 1090 stare
1115 1024 1591 1111 procurabimus
1637 1014 2107 1107 iudicat‘umque
2150 1023 2545 1107 integraliter
2590 1024 2864 1109 solvere,
2906 1026 2981 1119 ‘si
3023 1046 3093 1091 se
3138 1046 3331 1111 super
3373 1026 3559 1091 inno-

680 1133 896 1199 cencia
940 1153 1056 1197 sua
1085 1132 1352 1197 duorum
1398 1132 1766 1197 idoneorum
1813 1130 1932 1195 sibi
1981 1129 2233 1215 parium
2276 1150 2405 1196 non
2451 1135 2748 1216 poterunt
2788 1132 3146 1198 testimonio
3179 1151 3556 1217 expurgare.

681 1238 752 1305 Si
796 1243 1008 1305 autem
1055 1258 1162 1303 eos
1210 1239 1289 1304 ad
1333 1237 1683 1324 parendum
1729 1237 1856 1301 iuri
1900 1241 2012 1301 aut
2054 1236 2289 1302 iudicio
2338 1258 2589 1304 movere
2635 1242 2699 1303 et
2743 1238 2825 1303 ad
2862 1238 3232 1305 solvendum
3278 1238 3561 1304 iudicata

681 1346 1056 1432 compellere
1085 1345 1509 1429 nequiremus,
1557 1348 1787 1409 extunc
1817 1343 1991 1427 ipsos
2030 1348 2095 1407 et
2124 1362 2341 1409 eorum
2373 1344 2717 1429 quemlibet
2744 1345 3017 1427 divisim,
3066 1344 3307 1411 suffulti
3341 1350 3559 1411 tamen

679 1453 957 1539 presidio
988 1452 1368 1517 marchionis
1399 1450 1700 1516 antedicti
1731 1450 1918 1515 amici
1947 1450 2151 1515 nostri
2181 1450 2524 1535 karissimi,
2571 1451 2691 1516 viis
2738 1456 2803 1517 et
2847 1451 3072 1535 modis,
3121 1452 3349 1535 quibus
3386 1470 3559 1517 com-

680 1560 972 1645 pecierit,
1031 1558 1168 1624 sine
1212 1557 1642 1643 prohibicione
1689 1555 1971 1641 qualibet
2013 1576 2486 1642 prosequemur.
2557 1555 2970 1624 Prohibemus
3018 1559 3215 1624 eciam
3264 1558 3559 1624 omnibus

681 1666 915 1731 nostris
961 1664 1248 1730 fidelibus
1295 1670 1358 1731 et
1403 1664 1701 1745 subditis,
1760 1664 2185 1747 cuiuscunque
2230 1663 2614 1730 condicionis
2668 1664 3027 1748 extiterint,
3083 1671 3301 1731 nostre
3342 1667 3561 1749 gracie

683 1771 800 1839 sub
846 1777 1137 1858 optentu,
1195 1791 1272 1836 ne
1319 1772 1520 1837 amico
1567 1775 1782 1836 nostro
1843 1775 2205 1855 prenotato,
2262 1771 2482 1853 terris,
2539 1769 2899 1836 hominibus
2953 1776 3065 1837 aut
3108 1771 3379 1838 subditis
3422 1772 3559 1838 suis

684 1880 1179 1964 quibuscumque
1225 1878 1381 1962 ipsis
1425 1878 1664 1959 treugis
1709 1877 2082 1943 durantibus
2130 1877 2407 1963 dampna
2450 1876 2729 1942 inferant
2774 1876 3134 1961 aliqualiter
3178 1884 3244 1944 01
3286 1898 3369 1945 110
3412 1898 3559 1965 per-

682 2006 834 2052 sone
892 1990 1106 2051 extere
1159 1984 1465 2049 terminos
1521 1990 1768 2049 nostros
1839 1990 1950 2050 aut
2002 1984 2321 2070 ipsorum,
2392 1982 2517 2048 nisi
2572 1983 2679 2048 via
2740 1983 3278 2068 peregrinacionis
3337 1988 3559 2050 contra

565 2083 574 2089 ’
654 2091 1063 2179 ,111111Ψο000
1108 2091 1510 2157 intenderent
1551 2089 1895 2176 proficisci,
1953 2091 2021 2156 111
2050 2090 2267 2175 ipsius
2316 2090 2502 2156 amici
2546 2090 2748 2156 nostri
2792 2092 3110 2177 prenotati
3154 2092 3559 2178 dispendium

680 2204 1124 2286 pertranseant
1169 2202 1279 2263 aut
1323 2198 1651 2263 iacturam.
1720 2196 2158 2263 Promittimus
2203 2196 2404 2262 eciam
2450 2216 2567 2282 pro
2614 2196 2866 2263 domino
2911 2196 3141 2264 0110110
3187 2203 3253 2264 01
3292 2196 3557 2263 Βο1111111

680 2306 808 2371 11110
858 2325 1003 2389 suo,
1061 2304 1322 2370 ducibus
1383 2304 1764 2390 prenotatis,
1821 2309 1894 2369 ut
1952 2302 2265 2388 premissa
2314 2302 2564 2385 singula
2608 2304 2792 2370 dietis
2838 2305 3079 2388 treugis
3136 2304 3557 2391 pendentibus

683 2417 936 2479 servent
981 2418 1044 2478 et
1089 2415 1346 2477 teneant
1389 2410 1775 2477 inconvulsa.
1847 2410 1919 2475 In
1954 2410 2131 2476 cuius
2160 2410 2257 2475 rei
2286 2410 2715 2475 testimonium
2758 2416 3041 2477 nostrum
3090 2411 3369 2495 sigillum
3412 2431 3557 2497 pre·

685 2518 968 2585 sentibus
1019 2525 1115 2584 e'st
1161 2538 1531 2604 appensum.
1602 2516 1839 2583 Datum
1886 2517 1954 2582 in
1986 2514 2205 2583 Welen
2252 2535 2416 2581 anno
2450 2516 2691 2582 domini
2735 2528 2825 2582 m⁰
2857 2528 2989 2584 ccc⁰
3016 2528 3176 2585 xxx⁰
3222 2524 3445 2585 octavo
3486 2519 3557 2585 in

685 2625 962 2699 crastino
1006 2626 1155 2691 festi
1198 2625 1381 2691 beate
1427 2616 1767 2689 Katherine
1816 2624 2080 2706 virginis
2126 2629 2191 2689 et
2234 2623 2517 2689 martiris
2563 2623 2851 2707 gloriose.

898 2766 1255 2831 Fragmentum
1291 2764 1548 2831 originalis
1585 2764 1838 2829 quondam
1874 2762 2080 2828 sigillati
2115 2780 2145 2813 0
2182 2763 2366 2814 codicis
2413 2763 2671 2814 cuiusdam
2712 2764 2934 2830 ligatura
2981 2774 3231 2828 promtum
3266 2766 3319 2815 in
3354 2764 3557 2817 archivo

685 2856 826 2921 regio
865 2855 1100 2907 sanctiori
1135 2854 1270 2919 quod
1305 2862 1386 2904 est
1421 2852 1644 2904 Berolini
1679 2862 1983 2905 asservatur.
2201 2852 2245 2902 1.
2284 2869 2397 2902 cum
2433 2856 2559 2917 pro?

691 3102 868 3173 213.
910 3106 1087 3172 1429
1141 3117 1293 3190 sept.
1326 3104 1370 3169 7
1416 3104 1793 3189 Preszbury.
1880 3103 2361 3188 Siyismundus‚
2436 3104 2871 3169 Romanorum
2926 3118 2983 3170 et
3046 3104 3367 3191 Unqariae
3418 3126 3551 3185 rex,

913 3214 1129 3277 ordini
1176 3211 1554 3276 Theutonico
1599 3233 1828 3275 novam
1875 3211 2235 3275 biarchiam
2280 3211 2955 3297 Brandenhurqensem
2998 3214 3397 3299 appropriat.

909 3350 1046 3419 Wir
1079 3351 1404 3438 Sigmund,
1453 3371 1574 3417 von
1621 3355 1796 3433 gotes
1843 3350 2091 3433 gnaden
2134 3350 2480 3416 romischer
2514 3350 2732 3435 kunig,
2778 3373 2861 3417 zu
2905 3351 3069 3419 allen
3100 3352 3308 3419 zeiten
3352 3372 3555 3419 merer

687 3460 798 3525 des
842 3458 1047 3525 reichs
1091 3459 1219 3546 und
1267 3480 1347 3523 zu
1393 3457 1727 3540 Hungern,
1776 3478 1856 3522 zu
1879 3455 2168 3541 .Βο110111,
2215 3456 2613 3541 Dalmacien,
2662 3456 2964 3523 Croacien
3008 3464 3125 3526 etc.
3172 3458 3402 3543 kunig,
3449 3459 3553 3525 be-

687 3566 937 3631 kennen
982 3564 1108 3630 und
1154 3568 1268 3629 tun
1319 3564 1478 3630 kunt
1521 3585 1600 3629 zu
1647 3563 1878 3646 ewiger
1907 3563 2287 3646 gedechnuss
2321 3562 2611 3630 offenlich
2648 3563 2815 3631 011011
2847 3565 2989 3649 den,
3034 3565 3135 3632 die
3176 3566 3357 3633 disen
3398 3564 3561 3633 brief

687 3671 880 3739 seben
927 3672 1078 3738 oder
1123 3671 1319 3737 1101011
1365 3670 1563 3737 lezen.
1642 3660 1859 3737 Under
1909 3670 2149 3735 andern
2194 3671 2448 3737 werken
2508 3670 2619 3736 der
2674 3672 2930 3755 gntigen
2990 3670 3554 3759 barmherczikey‘g

688 3778 882 3846 durch
929 3779 1032 3845 die
1077 3798 1225 3845 man
1269 3778 1486 3843 komet
1527 3798 1609 3843 zu
1651 3777 1912 3843 freuden
1960 3777 2070 3843 des
2117 3777 2407 3845 obersten
2452 3777 2702 3861 kunigs,
2748 3798 2819 3843 so
2854 3778 3109 3845 kunnen
3139 3779 3255 3844 wir
3286 3778 3401 3846 der
3428 3779 3559 3847 sele

688 3886 942 3953 selikeit
983 3886 1079 3951 nit
1121 3882 1407 3968 grossern
1451 3883 1762 3950 frommen
1811 3884 1936 3949 und
1969 3883 2131 3951 heile
2162 3883 2521 3967 zucziehen,
2569 3883 2737 3949 dann
2768 3904 2837 3951 so
2870 3885 2987 3951 wir
3026 3885 3399 3968 geistlichen
3428 3886 3557 3952 und

687 3993 1067 4076 geordenten
1135 4012 1477 4078 personen,
1547 3992 1648 4057 die
1706 3991 1850 4056 dem
1907 3990 2321 4073 almechtigen
2380 3997 2489 4073 got
2531 3990 2599 4055 in
2655 3990 2991 4057 loblichem
3033 4012 3251 4059 wezen
3308 3993 3556 4078 dienen,

689 4098 888 4165 solich
931 4098 1100 4182 gnad
1143 4098 1474 4181 mitteilen,
1522 4097 1723 4163 damit
1766 4118 1839 4183 sy
1887 4097 2021 4163 sich
2065 4097 2132 4162 in
2176 4096 2507 4163 fruchtlich
2556 4116 2821 4180 merung
2854 4097 3094 4163 breiten
3134 4118 3383 4183 mogen,
3430 4098 3560 4167 und

689 4205 1046 4272 sunderlich
1091 4205 1234 4287 den,
1282 4204 1384 4270 die
1429 4211 1681 4286 gesaczt
1725 4204 1867 4269 sind
1913 4224 1995 4269 zu
2040 4204 2243 4269 einem
2274 4203 2476 4269 schild
2522 4203 2633 4269 der
2662 4203 3036 4271 kristenheit
3081 4204 3211 4270 u'nd
3256 4204 3382 4271 den
3426 4204 3559 4272 hei-

687 4314 857 4395 ligen
903 4312 1172 4395 glauben
1217 4312 1338 4376 mit
1365 4310 1765 4393 vergiessung
1809 4311 1933 4377 ires
1976 4310 2187 4397 'plutes
2224 4310 2537 4377 steticlich
2566 4331 2811 4392 meren3
2860 4310 2991 4377 und
3036 4309 3129 4377 als
3158 4312 3276 4377 wir
3306 4332 3424 4378 vor
3468 4318 3558 4378 et-

688 4418 873 4485 wevil
894 4420 1078 4501 jaren
1110 4418 1230 4483 den
1263 4418 1638 4499 erwirdigen
1661 4464 1678 4480 .
1696 4466 1710 4481 .
1738 4416 2177 4500 hoemeistern,
2204 4466 2219 4482 .
2237 4466 2252 4481 .
2280 4415 2553 4483 brudern
2584 4418 2711 4482 und
2744 4417 2885 4483 dein
2916 4437 3197 4501 ganczen
3220 4416 3415 4483 orden
3450 4418 3559 4485 des

688 4526 1052 4591 Deutschen
1081 4525 1322 4591 hawses
1353 4544 1577 4589 unserr
1613 4522 1820 4589 lieben
1866 4524 2107 4589 frawen
2143 4543 2265 4589 von
2294 4522 2711 4606 Jherusalem,
2758 4543 2993 4589 unsern
3036 4523 3243 4591 lieben
3287 4522 3558 4591 andech-

689 4633 882 4715 tigen,
929 4651 1120 4697 unser
1164 4630 1314 4696 land
1357 4630 1469 4695 der
1497 4629 1730 4695 Newen
1763 4629 1946 4695 Mark
1990 4650 2070 4695 zu
2098 4628 2596 4713 Brandemburg,
2644 4629 2755 4695 das
2800 4650 2991 4697 unser
3032 4630 3213 4697 recht
3256 4630 3559 4698 vaterlich

691 4739 800 4805 erb
844 4738 948 4821 ist,
993 4738 1096 4803 fiir
1141 4736 1358 4803 ettlich
1403 4756 1608 4801 summ
1657 4736 1868 4819 geldes
1915 4736 2315 4803 verschriben
2360 4738 2489 4803 und
2519 4736 2887 4823 verpfendet
2930 4738 3157 4821 haben,
3201 4736 3365 4803 nach
3398 4736 3561 4805 lautt

691 4845 803 4910 der
850 4842 1040 4927 brief,
1093 4844 1195 4910 die
1241 4864 1315 4929 sy
1370 4842 1640 4908 doruber
1699 4842 1938 4927 haben,
1994 4843 2125 4911 also
2173 4844 2377 4910 haben
2421 4844 2539 4909 wir
2584 4842 2940 4927 angesehen
2983 4845 3087 4911 die
3140 4842 3371 4911 loblich
3431 4842 3559 4910 und

689 4950 916 5033 wirdjg
963 4948 1247 5034 stifftung
1292 4948 1619 5016 desselben
1664 4948 1892 5015 ordens
1949 4951 2077 5017 und
2132 4950 2459 5017 derselben
2504 4950 2763 5034 bruder,
2824 4951 2925 5018 die
2980 4970 3105 5017 von
3160 4951 3395 5035 anfang
3438 4970 3559 5017 1011
