3892 5609
692 306 842 378 242
1415 314 1926 368 IMPERATORUM
1971 320 2059 366 m·
2103 318 2347 367 nucum
2390 318 2836 367 Rouasonuu

686 476 1112 565 percipiendis
1155 478 1562 563 proventibus
1611 483 1674 545 et
1719 477 2143 544 usufructibus
2174 478 2539 544 vacancium
2588 477 3016 561 ecclesiarum,
3062 477 3229 542 sicut
3272 475 3565 561 superins

685 586 1063 667 continetur,
1109 584 1504 650 decernimus
1549 584 1908 669 valituram,
1966 584 2369 671 prohibentes
2414 584 2681 651 firmiter
2726 592 2791 651 et
2834 584 3229 665 mandante8‚
3276 587 3349 649 ut
3392 582 3568 648 nulla

683 710 960 777 persona
1005 690 1427 757 ecclesiastica
1456 690 1556 757 vel
1584 690 1925 775 mundana,
1975 690 2105 757 alta
2134 692 2236 758 vel
2266 692 2541 776 humiliS‚
2590 692 2895 759 scultetus
2937 690 3000 775 („
3020 690 3217 774 seculi
3246 688 3427 757 heres
3446 688 3479 721 “
3497 690 3564 773 1),

687 796 1059 880 advocatus,
1128 796 1560 864 ministerialis
1626 798 1728 865 vel
1795 796 2081 867 officialis
2140 800 2407 867 eandem
2462 800 2719 865 domum
2774 804 2995 866 contra
3048 796 3363 884 presentis
3416 816 3565 863 con·

685 903 1031 971 stitutionis
1078 909 1142 970 et
1175 905 1594 971 concessionis
1627 906 1926 991 paginam
1960 906 2313 992 inquietare
2348 906 2451 971 vel
2480 906 2818 973 molestare
2848 908 3189 993 presumat.
3246 902 3427 981 Quod
3456 904 3567 987 qui

684 1012 1162 1097 presumpserit,
1209 1012 1714 1097 indignacionem
1758 1020 2044 1080 nostram
2076 1034 2143 1080 se
2172 1014 2419 1079 noverit
2453 1014 2877 1097 incursurum,
2924 1014 3182 1097 insuper
3222 1011 3293 1075 in
3335 1030 3565 1096 penam

683 1118 1061 1185 temeritatis
1093 1139 1204 1185 sue
1235 1138 1269 1183 c
1296 1119 1493 1185 libras
1523 1120 1663 1185 auri
1705 1126 2063 1207 componat,
2110 1120 2513 1187 medietatem
2542 1120 2837 1187 videlicet
2874 1125 3089 1185 nostro
3120 1117 3329 1183 erario
3362 1116 3567 1203 appli-

684 1225 951 1293 candam
997 1230 1062 1291 et
1104 1225 1413 1309 reliquam
1457 1226 1863 1294 medietatem
1907 1228 2189 1313 predicte
2233 1228 2448 1294 domui
2492 1225 2792 1295 iniuriam
2848 1225 3144 1313 pacienti.
3227 1224 3333 1290 Ad
3376 1224 3565 1290 huius

685 1335 898 1397 autem
943 1333 1409 1399 constitutionis
1458 1339 1521 1400 et
1577 1334 1999 1401 concessionis
2043 1339 2261 1400 nostre
2314 1334 2613 1420 paginam
2662 1339 2727 1401 et
2784 1333 2976 1400 robur
3028 1332 3372 1413 valiturum
3420 1351 3568 1417 per-

684 1442 876 1522 petuo
919 1459 1181 1524 presens
1226 1440 1628 1525 privilegium
1671 1440 1812 1509 fieri
1857 1447 1922 1508 et
1968 1462 2161 1507 aurea
2204 1440 2409 1525 bulla,
2456 1442 2707 1527 typario
2753 1446 2967 1507 nostre
3010 1438 3398 1521 maiestatis,
3444 1439 3567 1503 im·

683 1564 907 1631 pressa
949 1546 1250 1612 iussimus
1281 1548 1674 1613 communiri.
1745 1548 1950 1614 Huius
1984 1556 2193 1614 autem
2228 1548 2321 1614 rei
2351 1553 2543 1615 testes
2575 1554 2723 1614 sunt
2769 1549 2902 1629 (etc.
2930 1548 3082 1633 fere
3122 1560 3194 1611 ut
3222 1570 3328 1633 ap.
3352 1546 3563 1611 H.—B.

683 1652 783 1733 ΙΙ,
833 1654 968 1719 338
979 1655 1048 1738 f.
1097 1657 1208 1720 sed
1231 1658 1459 1743 paucis
1503 1659 1923 1743 transpositis,
1974 1657 2121 1721 aliie
2154 1658 2513 1743 depravatis
2542 1657 2922 1736 nominibus,
2968 1659 3131 1720 inter
3160 1654 3567 1719 Eberardum

685 1762 763 1825 de
808 1760 1232 1827 Wintersteten
1291 1776 1349 1827 et
1394 1762 1768 1829 Willelmum
1823 1764 1900 1829 de
1943 1762 2357 1849 Aquisqrano
2414 1768 2716 1830 inseritur
2769 1762 3145 1844 „Arnoldue
3206 1763 3285 1827 de
3347 1758 3565 1827 Gemi-

683 1866 873 1932 nike“
917 1862 993 1951 [„
1017 1866 1317 1935 Crem-enee
1334 1864 1452 1953 Ἴ).

897 1989 938 2051 Ι,
961 1991 1050 2041 41.
1087 1990 1178 2053 IV,
1212 1989 1334 2042 270.
1395 1990 1529 2042 Edd.
1553 1990 1782 2042 Duellius
1817 1990 1951 2043 Hist.
1980 1991 2086 2043 ord.
2112 1991 2292 2043 Theut.
2330 2009 2448 2059 app.
2484 2009 2535 2058 p.
2560 1992 2626 2043 16
2662 2008 2711 2042 ιι.
2734 1990 2815 2043 18.
2872 1990 3079 2057 (Fedor)
3109 1988 3402 2043 Unterricht
3432 2006 3485 2041 n.
3510 1989 3565 2040 6.

683 2077 873 2129 Brand.
899 2078 1406 2145 Usurpationsgesch.
1433 2078 1503 2129 96
1537 2096 1588 2130 ιι.
1614 2079 1700 2130 45.
1767 2078 2323 2131 Huillard-Breholles
2358 2081 2425 2142 11,
2462 2080 2569 2133 336
2606 2080 2828 2147 diploma
2866 2079 2975 2130 fere
3010 2079 3279 2129 concinens
3316 2094 3430 2129 amn
3464 2094 3563 2128 no-

686 2176 788 2218 stro
825 2184 986 2232 usque
1021 2185 1072 2233 p.
1097 2168 1203 2221 338
1245 2168 1553 2234 „px-elegitur
1589 2167 1920 2234 deputatos“;
1957 2168 2077 2219 inde
2102 2187 2134 2220 a
2158 2186 2255 2233 quo
2291 2168 2401 2220 loco
2438 2168 2537 2220 duo
2575 2167 2873 2235 apographa
2907 2168 2961 2218 in
2992 2166 3054 2218 B.
3078 2168 3122 2230 Ι,
3147 2166 3213 2218 41
3254 2176 3309 2219 et
3339 2167 3431 2229 IV,
3456 2164 3566 2217 270

684 2256 836 2321 paulo
872 2256 1032 2307 fusius
1063 2274 1213 2322 quam
1237 2256 1460 2323 diploma
1495 2258 1560 2307 de
1598 2257 1746 2323 aprili
1781 2274 1864 2322 ap.
1890 2256 2275 2323 Brandenburg.
2302 2258 2809 2323 Usurpationsgesch.
2834 2256 2921 2307 98.
2974 2256 3184 2307 Hennes
3220 2256 3263 2318 Ι,
3292 2256 3363 2307 68
3398 2264 3451 2309 n.
3476 2256 3563 2307 64.

683 2342 955 2395 Huillard-
970 2343 1234 2397 Breholles
1270 2345 1337 2407 11,
1375 2344 1480 2397 339
1493 2382 1510 2408 ,
1547 2346 1600 2395 in
1637 2345 1840 2397 archivo
1875 2344 2241 2411 Stuttgaroensi
2276 2346 2354 2397 bis
2390 2346 2700 2411 originaliter
2734 2345 3009 2408 exsistens,
3044 2353 3266 2412 pergunt
3298 2345 3451 2397 modo
3488 2346 3560 2395 ci-

684 2440 810 2485 tato.
876 2432 950 2485 ef.
977 2432 1228 2487 Boehmer
1262 2452 1313 2485 n.
1339 2434 1461 2485 509.
2069 2421 2073 2425 ’

691 2636 868 2708 261.
909 2640 1088 2705 1223
1117 2640 1308 2726 april.
1343 2637 1495 2726 (pro
1525 2639 1788 2719 martio)
1823 2662 1932 2725 ap.
1964 2638 2390 2705 Ferentinum.
2460 2639 2786 2706 Frideriei
2811 2640 2898 2705 II
2929 2642 3331 2727 imperatoria
3375 2642 3563 2706 modo

909 2750 1098 2813 citato
1145 2746 1484 2833 diplomati
1523 2749 1602 2813 de
1647 2747 1916 2813 ecclesiia
1945 2747 2313 2815 vacantibus
2346 2749 2565 2813 domui
2604 2748 2665 2811 Ῐι.
2698 2771 2747 2812 ε.
2773 2750 2867 2813 Μ.
2902 2747 3017 2813 Th..
3050 2750 3095 2813 i.
3121 2747 3178 2812 I.
3212 2760 3563 2833 competen-

911 2854 1075 2920 tibus
1119 2854 1528 2918 simillimum.

899 2975 992 3038 IV,
1028 2973 1150 3026 272.
1209 2974 1296 3027 Or.
1323 2991 1366 3026 c.
1391 2994 1432 3027 s.
1453 2974 1802 3027 vindobonae.
1857 2975 1973 3027 Duo
2009 2974 2289 3041 originalia,
2326 2973 2539 3027 alterum
2574 2977 2862 3027 etiamnunc
2896 2992 3008 3027 cum
3044 2975 3209 3041 sigillo
3246 2991 3393 3027 cereo
3428 2991 3560 3041 pen-

689 3063 860 3125 dente,
897 3065 949 3115 in
985 3064 1186 3115 archivo
1224 3063 1602 3129 Stuttgartensi.
1655 3064 1718 3115 R.
1751 3063 1851 3114 106
1887 3081 1917 3114 e
1955 3063 2101 3115 domo
2126 3062 2419 3115 Buckheim.
2474 3064 2537 3115 R.
2571 3063 2669 3115 177
2706 3064 2840 3115 inter
2860 3064 3181 3131 Thuringica.
3236 3065 3369 3117 Edd.
3394 3063 3561 3115 Bran-

688 3153 936 3219 denburg.
961 3152 1472 3218 Usurpationsgesch.
1497 3152 1582 3203 98.
1643 3152 1852 3203 Hennes
1892 3152 2015 3203 eod.
2041 3152 2148 3204 ord.
2168 3152 2350 3204 Theut.
2376 3152 2417 3215 Ι,
2449 3150 2518 3203 68
2553 3172 2604 3204 ιι.
2631 3152 2717 3204 64.
2772 3152 3319 3205 Huillard-Breholles
3344 3153 3412 3215 ΙΙ,
3436 3154 3563 3204 339.

692 3241 766 3293 Cf.
784 3239 1044 3293 ·Boehmer
1078 3258 1129 3293 n.
1156 3240 1277 3293 513.

693 3446 869 3517 262.
911 3448 1093 3515 1227
1136 3458 1318 3513 mart.
1353 3448 1453 3513 27
1497 3446 1902 3533 Aquisqrani
1954 3450 2025 3511 in
2083 3449 2262 3513 ouria
2318 3448 2627 3535 solempni
2676 3447 2787 3529 (vi
2828 3449 2951 3513 kal.
3000 3448 3193 3535 april.
3240 3449 3376 3513 ind.
3409 3448 3559 3529 axv).

911 3555 1252 3621 Heinrious
1276 3553 1424 3634 VII,
1477 3556 1912 3620 Romanorum
1943 3576 2074 3636 rex,
2112 3554 2439 3637 fratribus
2470 3557 2689 3620 domus
2730 3554 2943 3621 Theut.
2977 3579 3027 3621 8.
3054 3556 3146 3620 M.
3182 3557 3225 3619 i.
3253 3555 3308 3619 I.
3343 3578 3561 3621 conce-

912 3664 1026 3743 dit,
1075 3676 1147 3728 ut
1186 3664 1528 3749 privileqia
1574 3673 1632 3726 et
1674 3662 2173 3744 confirmationes
2209 3683 2241 3725 e
2270 3665 2451 3727 curia
2496 3663 2702 3749 reqali
2740 3664 2841 3728 vel
2882 3663 3207 3748 imperiali
3246 3665 3383 3727 sine
3426 3663 3563 3727 ulla

915 3773 1234 3835 exactione
1281 3770 1615 3848 obtineant,
1666 3782 1722 3833 et
1767 3769 1856 3833 ad
1895 3770 2308 3834 imitationem
2352 3770 2675 3835 Friderioi
2714 3772 3117 3857 imperatoria
3158 3773 3367 3854 patria
3414 3792 3561 3835 con-

908 3876 1134 3960 firmat
1177 3890 1437 3942 veterem
1480 3878 1817 3955 iustitiam,
1879 3886 1953 3940 ut
1990 3879 2399 3962 praeceptori
2438 3876 2859 3941 Alemanniae
2902 3880 2971 3941 in
3016 3878 3197 3941 omia
3241 3878 3567 3963 imperiali

905 3988 1232 4071 praesenti
1259 3998 1562 4070 tanquam
1588 3982 1894 4065 familiae
1923 3985 2201 4069 ascripto
2248 3996 2478 4070 septem
2508 4006 2930 4069 personarum
2970 3996 3029 4048 et
3056 4004 3360 4070 equorum
3391 4006 3559 4048 auni—

909 4105 1059 4177 ptus
1105 4105 1163 4158 et
1205 4112 1511 4178 expensae
1540 4092 1971 4154 ministrentur
2002 4101 2056 4154 et
2090 4093 2283 4155 trium
2313 4112 2613 4177 equorum
2647 4092 3128 4177 eleemosynario
3154 4091 3390 4175 fratri,
3439 4094 3561 4175 sci-

915 4199 1056 4264 licet
1101 4198 1514 4283 eleemosynae
1550 4197 1949 4283 pauperibus
1998 4199 2299 4283 eroqanti.

904 4319 996 4381 IV,
1033 4319 1137 4371 273
1151 4338 1197 4372 v.
1263 4318 1469 4371 Editnm
1504 4318 1556 4369 in
1579 4318 1967 4384 Brandenburg.
1994 4318 2502 4385 Usurpationsgesch.
2538 4336 2603 4370 ex
2639 4318 2871 4385 originali
2908 4317 3097 4369 archivi
3132 4317 3387 4385 quondam
3422 4318 3557 4370 Mer-

689 4408 1066 4475 genthemensis
1101 4426 1153 4475 p.
1185 4408 1284 4459 100
1320 4424 1370 4457 ιι.
1395 4406 1466 4457 47
1478 4425 1493 4467 ;
1531 4407 1668 4473 apud
1691 4406 1947 4459 Duellium
1982 4406 2115 4459 Hist.
2142 4407 2249 4459 ord.
2275 4407 2453 4459 Theut.
2492 4424 2611 4474 app.
2649 4425 2699 4475 p.
2730 4407 2795 4459 18
2832 4425 2881 4460 n.
2914 4407 2981 4458 19
3016 4406 3083 4458 ad
3118 4407 3283 4459 martii
3307 4406 3377 4459 29
3413 4406 3560 4474 paulo

689 4496 906 4549 breviori
950 4496 1110 4547 forma
1155 4506 1352 4548 tantum
1387 4495 1452 4546 de
1487 4495 1829 4547 familiaritate
1863 4496 1917 4546 in
1956 4497 2093 4547 curia
2128 4496 2433 4562 generaliter
2470 4512 2657 4563 agenn
2706 4496 2817 4547 coll.
2855 4512 2967 4546 cum
3002 4496 3149 4562 copia
3184 4495 3478 4547 anthentica
3510 4496 3559 4545 in

689 4585 892 4635 archivo
929 4584 1308 4650 stuttgartensi,
1345 4582 1617 4635 Huillard-
1632 4583 1898 4636 Breholles
1933 4584 2027 4646 111,
2064 4582 2187 4636 309.

694 4858 871 4929 263.
912 4862 1093 4929 1242
1135 4865 1313 4928 iunio
1350 4862 1780 4947 Haqenowiae
1826 4860 1990 4942 (ind.
2016 4860 2153 4942 mv).
2222 4860 2571 4943 Conradue,
2620 4863 2943 4927 Foideriei
2967 4862 3173 4944 filius,
3219 4863 3293 4926 in
3324 4862 3558 4927 Roma-

913 4992 1140 5035 norum
1183 4990 1390 5055 reqem
1435 4968 1654 5036 electus
1665 5017 1685 5050 ,
1745 4970 1916 5035 heres
1961 4972 2147 5055 reqni
2188 4969 2533 5035 Iena-salem
2542 5018 2563 5051 ‚
2619 4972 2986 5035 transsumit
3028 4982 3089 5034 et
3128 4981 3341 5035 ratum
3385 4969 3561 5035 habet

823 5323 961 5557 Χ,
