3892 5609
722 323 757 392 1
772 321 869 394 82
1748 331 2168 378 ALEMANNIA.
2241 329 2554 378 nonnum

710 491 1138 577 imposicionis
1186 508 1260 556 ac
1303 489 1631 556 literarum
1678 490 1958 576 episcopi
2003 485 2364 556 huiusmodi
2406 489 2631 574 impeti
2669 488 2947 556 indebite
2975 509 3088 556 seu
3117 486 3594 574 quomodolibet

714 597 1056 681 molestari,
1100 597 1401 664 facientes
1446 597 1537 662 eis
1568 595 1649 662 de
1677 595 1862 662 dictis
1907 595 2286 662 florenorum
2333 597 2596 662 summis
2643 615 2758 681 pro
2799 597 3093 682 expensis
3126 595 3366 664 eisdem
3403 595 3593 662 iuxta

712 705 1099 791 prefatorum
1143 705 1709 770 instrumentorum
1740 703 2081 769 earundem
2127 703 2768 789 condempnacionum
2801 708 2866 769 et
2901 703 3302 770 taxacionum
3333 707 3590 770 tenores

712 811 965 899 plenam
1012 815 1076 879 et
1120 810 1395 877 debitam
1441 809 1932 876 satisfactionem
1981 803 2281 896 impendi,
2329 815 2394 876 et
2435 809 2695 896 insuper
2737 808 3038 894 legitimis
3075 829 3266 897 super
3301 809 3428 875 hiis
3468 829 3590 895 per

713 939 823 986 vos
870 917 1174 985 habendis
1220 917 1486 984 servatis
1531 915 1928 1002 processibus
1949 936 2104 1006 deos,
2155 917 2450 1002 quociens
2498 916 2878 1002 expedierit,
2937 935 3287 1001 aggravare
3329 917 3588 1000 curetis,

712 1025 1201 1092 contradictores
1230 1043 1346 1109 per
1376 1041 1705 1090 censuram
1743 1021 2234 1089 ecclesiasticam
2265 1022 2696 1109 appellacione
2723 1024 3081 1109 postposita
3106 1023 3588 1109 compescendo,

710 1133 1001 1198 invocato
1033 1131 1112 1197 ad
1157 1131 1295 1213 hoc,
1343 1130 1399 1196 si
1429 1148 1589 1215 opus
1619 1129 1830 1212 fuerit,
1878 1127 2114 1194 auxilio
2149 1128 2390 1195 brachii
2425 1129 2745 1196 secularis.
2815 1129 3129 1214 Ceterum,
3175 1130 3232 1196 si
3265 1149 3384 1216 per
3415 1145 3588 1196 sum-

712 1239 980 1306 mariam
1026 1237 1542 1304 informacionem
1591 1255 1781 1321 super
1824 1235 1947 1300 hiis
1993 1255 2106 1321 per
2151 1255 2262 1303 vos
2307 1236 2733 1322 recipiendam
2775 1235 2951 1303 vobis
2995 1236 3372 1320 constiterit,
3420 1235 3592 1321 quod

710 1346 996 1431 ipsorum
1043 1345 1325 1430 episcopi
1370 1348 1434 1408 et
1478 1342 1767 1425 aliorum,
1814 1361 1970 1426 quos
2015 1341 2374 1408 huiusmodi
2417 1361 2749 1429 processus
2789 1348 3210 1427 concerneret,
3257 1343 3594 1429 presencia

714 1471 831 1538 pro
876 1450 1336 1517 monicionibus
1383 1449 1472 1516 eis
1520 1454 1585 1515 et
1628 1447 2030 1514 citationibus
2077 1447 2156 1514 de
2199 1441 2356 1535 ipsis
2401 1448 2708 1516 faciendis
2740 1449 3000 1516 comode
3039 1455 3314 1535 nequeat
3341 1447 3588 1532 haberi,

711 1576 827 1624 nos
872 1557 1050 1624 vobis
1095 1575 1424 1642 processus
1438 1606 1459 1639 ‚
1514 1554 1902 1622 moniciones
1969 1559 2034 1620 et
2089 1555 2425 1622 citaciones
2486 1555 2845 1622 huiusmodi
2901 1576 3016 1642 per
3071 1555 3280 1623 edicta
3330 1555 3592 1642 publica

714 1664 869 1731 locis
900 1661 1215 1747 affigenda
1256 1661 1523 1747 publicis
1553 1661 1841 1748 partibus
1872 1659 2000 1728 illis
2031 1661 2276 1746 vicinis,
2322 1661 2402 1728 de
2440 1661 2664 1747 quibus
2696 1662 2782 1728 sit
2809 1661 3170 1729 verisimilis
3200 1661 3587 1746 coniectura,

714 1771 883 1856 quod
928 1769 1008 1836 ad
1038 1769 1337 1836 noticiam
1366 1769 1749 1836 monitorum
1782 1771 1845 1834 et
1874 1768 2209 1836 citatorum
2239 1768 2596 1836 huiusmodi
2633 1768 2966 1856 pervenire
2995 1768 3268 1852 valeant,
3312 1769 3590 1836 faciendi

713 1876 965 1964 plenam
1011 1875 1407 1944 concedimus
1452 1880 1673 1942 tenore
1718 1875 2114 1961 presencium
2157 1875 2522 1942 facultatem
2571 1894 2649 1942 ac
2689 1874 2976 1942 volumus
2990 1923 3010 1959 ,
3055 1875 3224 1960 quod
3264 1875 3396 1962 ipsi
3437 1894 3588 1961 pro-

714 2003 925 2050 cessus
968 1982 1231 2070 perinde
1276 1981 1531 2050 eosdem
1572 1982 1847 2048 monitos
1892 1986 1958 2047 et
1991 1982 2217 2049 citatos
2249 1986 2475 2065 artent,
2523 2001 2598 2049 ac
2643 1983 2698 2050 si
2743 1982 2834 2049 eis
2867 1981 3145 2049 intimati
3176 1987 3242 2049 et
3279 1982 3588 2050 insinuati

712 2089 1128 2176 personaliter
1174 2095 1238 2155 et
1277 2087 1751 2175 presencialiter
1795 2087 2078 2171 legitime
2124 2088 2511 2172 extitissent,
2565 2108 2690 2155 non
2736 2087 3128 2156 obstantibus
3181 2087 3588 2154 constitucio-

712 2195 899 2262 nibus
944 2195 1305 2282 apostolicis
1353 2199 1419 2263 et
1461 2194 1601 2261 aliis
1648 2195 1981 2261 contrariis
2029 2195 2523 2280 quibuscumque
2571 2215 2702 2279 seu,
2749 2195 2806 2262 si
2851 2195 3146 2282 episcopo
3190 2193 3440 2281 prefato
3483 2193 3588 2260 vel

713 2301 1037 2388 quibusvis
1084 2301 1225 2368 aliis
1271 2300 1686 2369 communiter
1728 2301 1828 2367 vel
1872 2300 2124 2366 divisim
2171 2301 2251 2368 ab
2297 2301 2516 2369 eadem
2563 2301 2710 2369 sede
2753 2301 3070 2368 indultum
3115 2301 3372 2385 existat,
3415 2301 3588 2386 quod

711 2407 1022 2492 interdici,
1069 2409 1370 2494 suspendi
1414 2407 1516 2474 vel
1560 2407 2092 2474 excommunicari
2135 2427 2262 2474 11011
2306 2409 2556 2494 possint
2597 2428 2712 2495 per
2754 2407 2998 2476 litteras
3041 2408 3422 2494 apostolicas
3453 2427 3588 2474 non

710 2514 1013 2581 facientes
1056 2514 1309 2600 plenam
1356 2519 1420 2581 et
1475 2533 1841 2600 expressam
1888 2533 1962 2580 ac
2006 2513 2084 2580 de
2129 2514 2318 2580 verbo
2365 2513 2445 2580 ad
2489 2514 2752 2581 verbum
2797 2513 2874 2582 de
2923 2514 3170 2582 indulto
3223 2513 3588 2580 huiusmodi

714 2621 1125 2690 mencionem.
1196 2620 1433 2688 Datum
1462 2619 1659 2686 Rome
1704 2621 1871 2706 apud
1918 2625 2169 2688 sanctos
2218 2620 2532 2709 apostolos
2579 2621 2694 2688 xiii
2731 2621 3034 2689 kalendas
3079 2621 3332 2705 augusti
3371 2620 3585 2707 ponti-

716 2726 939 2798 ficatus
983 2727 1185 2794 nostri
1228 2726 1685 2794 terciodecimo.

932 2849 1022 2911 rV,
1060 2849 1164 2901 252
1178 2866 1224 2900 v.

728 3115 899 3186 196.
942 3117 1120 3184 1434
1166 3128 1319 3202 sept.
1353 3116 1397 3180 9
1442 3073 1759 3180 Basileae.
1832 3115 2124 3180 Iulianus
2169 3139 2218 3180 ε.
2253 3117 2335 3182 R.
2370 3139 2418 3182 e.
2452 3139 2502 3182 8.
2535 3117 2772 3204 Anqeli
2815 3117 3183 3198 cardinalis,
3231 3139 3282 3182 ε.
3315 3140 3422 3204 ap.
3457 3139 3586 3204 per

945 3220 1354 3290 Germaniam
1400 3222 1659 3307 hyaene,
1699 3233 1946 3308 petente
1983 3221 2346 3287 Eberhardi
2387 3225 2464 3289 de
2497 3223 2895 3304 Saunsheim‚
2941 3227 3237 3310 maqiem·
3266 3246 3392 3310 per
3425 3224 3582 3290 Ale-

940 3331 1287 3408 manniam,
1336 3339 1743 3415 procuratore
1789 3331 2155 3396 tramsumit
2200 3331 2510 3415 quaedam
2551 3331 2893 3417 privile-qia
2935 3331 3302 3417 apostoliea.

940 3469 1220 3538 Iulianus
1267 3468 1672 3537 miseratione
1715 3468 1933 3536 divina
1977 3471 2180 3537 sancti
2207 3470 2438 3556 Angeli
2486 3477 2701 3538 sancte
2743 3469 3025 3539 Romane
3069 3470 3330 3540 ecclesie
3373 3471 3585 3539 diaco·

720 3597 839 3644 nus
869 3577 1229 3662 cardinalis,
1275 3578 1343 3644 in
1374 3576 1715 3645 Germania
1758 3576 2100 3662 apostolice
2145 3578 2312 3645 sedis
2356 3579 2620 3663 legatus,
2667 3579 2978 3645 universis
3023 3584 3089 3645 et
3127 3577 3394 3664 singulis
3437 3600 3587 3665 pre-

721 3688 929 3751 sentes
966 3687 1194 3752 visuris
1240 3687 1341 3752 vel
1389 3685 1696 3753 audituris
1742 3683 2062 3750 modernis
2109 3689 2173 3751 et
2214 3685 2443 3752 futuris
2489 3685 2757 3753 salutem
2801 3687 2869 3750 in
2915 3685 3169 3752 domino
3215 3691 3281 3752 et
3323 3705 3584 3772 presen-

720 3789 889 3857 tibus
934 3789 1121 3858 fidem
1166 3791 1492 3858 indubiam
1538 3792 1849 3859 adhibere.
1932 3790 2166 3858 Notum
2209 3792 2476 3859 facimus
2533 3811 2646 3880 per
2697 3797 3054 3878 presentes,
3111 3791 3279 3876 quod
3335 3792 3584 3878 pridem

718 3895 1102 3965 honorabilis
1150 3903 1215 3966 et
1258 3897 1587 3982 religiosus
1632 3899 1826 3966 frater
1856 3898 2164 3964 Iohannes
2209 3899 2288 3967 de
2317 3898 2752 3985 Hoffenheym‚
2796 3897 3126 3984 hospitalis
3171 3899 3354 3966 beate
3383 3897 3584 3966 Mario

720 4001 1247 4071 Theotonicorum
1276 4003 1775 4072 lerosolomitani
1804 4003 2145 4090 professus,
2192 4011 2560 4091 procurator
2605 4011 2670 4073 et
2712 4005 3144 4093 procuratorio
3186 4006 3444 4072 nomine
3477 4025 3584 4073 ve-

718 4103 1020 4178 nerabilis
1076 4117 1141 4177 et
1183 4111 1461 4194 religiosi
1508 4111 1629 4176 viri
1674 4110 1914 4176 domini
1957 4110 2308 4179 Eberhardi
2353 4112 2431 4178 de
2477 4110 2920 4198 Sawnsheym,
2974 4112 3264 4196 magistri
3321 4117 3386 4179 et
3437 4131 3585 4198 pre-

721 4217 993 4302 ceptoris
1041 4218 1194 4284 dicti
1251 4216 1579 4302 hospitalis
1635 4237 1749 4303 per
1792 4216 2242 4284 Alamanniam
2287 4224 2352 4284 et
2395 4216 2643 4285 Italiam
2689 4217 3000 4301 generalis
3015 4267 3034 4303 ‚
3093 4223 3283 4305 prout
3335 4219 3418 4285 de
3471 4239 3586 4286 sue

719 4323 1189 4409 procuracionis
1231 4322 1529 4391 mandato
1574 4342 1689 4408 per
1732 4322 2053 4408 publicum
2084 4323 2354 4411 desuper
2383 4325 2731 4392 confectum
2761 4325 3250 4392 instrumentum
3293 4343 3410 4410 per
3439 4345 3584 4392 eum

720 4435 873 4496 tunc
917 4432 1083 4497 facto
1131 4429 1527 4518 productum,
1574 4429 1751 4496 cuius
1794 4433 1977 4496 tenor
2009 4430 2088 4497 de
2118 4431 2308 4499 verbo
2355 4432 2435 4498 ad
2463 4431 2726 4499 verbum
2767 4431 2936 4499 infra
2977 4431 3282 4517 sequitur,
3325 4431 3584 4518 plenam

721 4537 873 4604 fecit
914 4535 1104 4603 fidem
1148 4538 1218 4602 in
1263 4537 1465 4602 nostri
1508 4536 1838 4621 presencia
1878 4538 2295 4621 personaliter
2341 4541 2713 4607 constitutus
2726 4591 2744 4623 ‚
2791 4544 2996 4608 certas
3040 4538 3286 4606 litteras
3329 4545 3586 4626 aposto-

718 4643 905 4727 licas,
965 4644 1386 4726 munimenta,
1444 4642 1906 4726 concessiones,
1965 4644 2300 4730 privilegia
2354 4649 2419 4712 et
2467 4645 2714 4712 indulta
2757 4647 3150 4714 diversorum
3193 4664 3584 4712 summorum

722 4749 1091 4835 pontificum
1135 4749 1682 4835 infrascriptorum
1736 4768 1978 4816 necnon
2023 4750 2408 4818 sanctissimi
2451 4751 2690 4818 domini
2731 4750 3002 4835 Eugenii
3045 4771 3212 4838 pape
3255 4753 3466 4836 quarti
3509 4771 3584 4818 ac

722 4857 887 4923 sacri
933 4855 1183 4923 concilii
1226 4855 1728 4923 Constantiensis
1783 4857 2027 4924 litteras
2073 4878 2248 4924 more
2293 4855 2574 4926 Romane
2629 4859 2801 4924 curie
2859 4857 3128 4926 bullatas
3183 4859 3254 4924 in
3305 4857 3580 4925 cordulis

622 4945 635 4960 ⁹
722 4961 939 5030 sericis
984 4968 1049 5030 et
1092 4963 1419 5051 canapinis
1464 4963 1970 5049 impendentibus
2015 4963 2286 5033 bullatas
2333 4964 2573 5050 salvas,
2621 4984 2808 5034 sanas
2851 4971 2916 5034 et
2957 4965 3272 5050 integras,
3315 4983 3444 5033 non
3488 4965 3580 5032 vi-
