3892 5609
701 378 852 448 436
1678 389 2101 436 Ponnmcmn
2146 388 2587 435 nomAnoRnM

706 545 881 617 690.
925 549 1098 615 1395
1143 552 1370 637 apm'lie
1415 551 1502 616 15
1557 550 1806 614 Romae.
1897 549 2272 644 Bonifaeius
2316 548 2418 613 IX
2464 549 2677 613 ordini
2728 546 3105 611 Theutonieo
3152 547 3477 628 confirmat
3524 569 3563 606 a

911 659 1492 743 praedecessoribus
1536 659 1666 721 auis
1714 679 2003 721 concessa
2044 657 2407 742 privileqia.

909 787 1122 838 Videtur
1146 805 1258 839 esse
1293 788 1421 839 initii
1449 787 1618 850 „Solet
1641 789 1912 838 annuet-‹3²⁴-
1973 788 2163 837 Citatur
2195 804 2306 838 cum
2332 787 2449 836 dato
2476 786 2618 836 Rom.
2646 786 2778 836 1395
2805 785 2853 834 d.
2878 786 2941 834 15
2967 782 3111 850 april.
3140 784 3189 832 in
3214 781 3563 846 designatione

701 875 886 926 archivi
921 876 1232 926 Mitovicnsis
1277 877 1402 926 1621
1446 876 1694 927 Holmiam
1732 876 1886 926 delati
1932 895 2013 942 ap.
2052 876 2285 926 Schirren
2322 893 2371 941 p.
2398 875 2497 925 138
2533 893 2581 925 n.
2602 875 2722 925 335.
2796 874 2871 924 Cf.
2909 891 3061 938 supra
3104 872 3238 922 1394
3274 871 3442 920 martii
3484 870 3564 927 18,

701 981 910 1030 quocum
947 965 1116 1016 forsan
1156 965 1430 1030 depravato
1469 965 1590 1016 dato
1631 965 1762 1015 idem
1799 973 1892 1016 est.

709 1167 885 1238 691.
927 1171 1104 1236 1396
1147 1173 1376 1258 aprilis
1420 1174 1463 1238 7
1513 1173 1757 1238 Romae'
1797 1173 1973 1258 apud
2016 1193 2065 1234 a.
2100 1173 2379 1236 Petrum.
2452 1170 2829 1255 Bon-{facins
2877 1167 2983 1232 IX
3025 1167 3330 1253 hospitali
3370 1189 3419 1229 s.
3460 1165 3563 1229 Io-

929 1279 1155 1342 hannis
1204 1279 1774 1364 Hierosolymitano
1833 1280 2157 1372 confirmat
2209 1281 2605 1343 exemtionem
2650 1302 2689 1342 a
2731 1277 3175 1364 procuratione
3220 1275 3563 1360 leqatorum

925 1398 982 1450 et
1027 1411 1067 1449 a
1111 1389 1535 1472 praestatione
1579 1410 1810 1468 eorum,
1867 1409 2029 1474 quae
2074 1387 2149 1450 de
2194 1385 2497 1468 beneficiis
2543 1388 2673 1449 suis
2712 1406 2831 1470 per
2876 1385 3031 1448 duos
3074 1385 3319 1468 pri-mos
3366 1402 3565 1444 annos

924 1495 1233 1572 eveniant,
1281 1496 1589 1558 mentione
1635 1497 1820 1559 etiam
1867 1495 1942 1558 de
1990 1495 2209 1558 ordine
2262 1492 2637 1558 Theutonico
2665 1491 2876 1576 facta.

921 1615 1276 1682 Bonifacius
1331 1617 1661 1703 episcopus
1717 1637 1932 1683 servus
1980 1637 2299 1683 servorum
2346 1615 2449 1682 dei
2495 1616 2575 1682 ad
2620 1619 2986 1702 perpetuam
3032 1612 3123 1678 rei
3170 1611 3561 1677 memoriam.

703 1720 883 1788 Sedis
943 1704 1280 1808 apostolice
1326 1725 1721 1811 providentia
1764 1727 2246 1811 circumspectas
2293 1743 2594 1810 personas
2640 1723 2754 1788 sub
2800 1721 3117 1804 religionis
3164 1718 3565 1785 observantia

703 1834 994 1895 vacantes
1029 1831 1276 1896 assidue
1322 1831 1528 1897 studio
1575 1832 1678 1917 pie
1722 1833 1849 1898 vite
1895 1831 2162 1914 benigno
2206 1831 2419 1896 favore
2463 1831 2859 1916 prosequitur
2905 1833 2989 1912 et,
3036 1834 3108 1892 ut
3150 1846 3367 1892 earum
3417 1845 3563 1890 con-

702 1937 942 2002 sulatur
988 1938 1562 2021 commoditatibus,
1608 1944 1680 2004 ut
1725 1939 1994 2023 quietius
2040 1938 2291 2004 domino
2336 1937 2627 2002 famulari
2672 1936 2940 2018 valeant,
2992 1934 3261 2001 libenter
3304 1953 3375 1998 se
3419 1953 3565 2018 pro·

701 2044 932 2130 piciam
988 2043 1241 2110 exhibet
1297 2049 1360 2109 et
1405 2044 1756 2129 benignam.
1851 2044 2153 2111 Exhibita
2200 2045 2507 2128 siquidem
2554 2043 2731 2109 nobis
2776 2063 2978 2130 nuper
3022 2062 3135 2128 pro
3182 2045 3364 2126 parte
3408 2039 3565 2103 dile-

701 2157 944 2216 ctorum
999 2149 1270 2216 filiorum
1328 2151 1554 2237 prioris
1603 2157 1666 2218 et
1708 2153 1977 2218 fratrum
2025 2151 2337 2237 prioratus
2382 2149 2711 2236 hospitalis
2756 2151 2956 2216 sancti
3003 2148 3294 2213 Iohannis
3340 2145 3565 2211 Hiero-

703 2257 1063 2342 solymitani
1093 2257 1158 2322 in
1189 2257 1567 2324 Alamannia
1601 2259 1822 2344 petitio
1871 2257 2246 2342 continebat,
2295 2257 2479 2343 qnod,
2525 2257 2674 2323 licet
2719 2258 2914 2342 priori
2961 2255 3110 2322 dicti
3150 2256 3470 2342 prioratus
3502 2257 3569 2318 et

703 2365 1171 2450 preceptoribus
1240 2385 1354 2450 pro
1422 2371 1705 2451 tempore
1774 2364 2184 2432 existentibus
2243 2385 2316 2430 ac
2369 2363 2669 2430 fratribus
2724 2363 2951 2450 prefati
3012 2361 3341 2448 hospitalis
3399 2361 3566 2424 infra

701 2473 1051 2557 prioratum
1108 2471 1314 2557 ipsum
1371 2473 1844 2538 consistentium
1907 2493 1945 2538 a
1991 2472 2135 2538 sede
2182 2470 2524 2557 apostolica
2567 2491 2679 2556 per
2722 2472 2919 2556 ipsius
2965 2471 3207 2536 litteras
3250 2467 3563 2533 indultum

703 2579 953 2660 existat,
981 2577 1143 2661 quod
1177 2577 1256 2643 ad
1288 2579 1681 2663 solutionem,
1717 2581 2212 2664 procurationem
2240 2599 2350 2644 seu
2380 2577 2459 2642 ad
2490 2577 3010 2644 contributionem
3040 2577 3315 2660 aliquam
3340 2575 3566 2657 legatis

705 2690 815 2750 aut
870 2683 1105 2749 nuntiis
1164 2685 1326 2750 dicte
1389 2686 1553 2751 sedis
1611 2686 1957 2752 faciendam
2017 2693 2196 2751 extra
2254 2685 2469 2751 domos
2524 2683 2839 2771 predictas
2888 2683 2985 2750 vel
3042 2704 3179 2749 cum
3230 2682 3441 2767 aliquo
3486 2701 3563 2746 ex

701 2791 880 2878 ipsiS,
928 2797 1142 2856 sancte
1175 2791 1453 2858 Romane
1497 2793 1751 2860 ecclesie
1797 2792 2216 2859 cardinalibus
2264 2793 2591 2858 dumtaxat
2636 2793 2933 2877 exceptiS‚
2980 2812 3167 2878 super
3210 2787 3563 2855 huiusmodi

703 2883 1244 2984 procurationibus
1292 2904 1400 2965 aut
1443 2899 2003 2967 contributionibus
2051 2899 2427 2966 concordare
2472 2919 2581 2965 seu
2628 2899 2706 2964 ad
2752 2899 3201 2984 prestationem
3246 2897 3557 2962 fructuum

705 3005 968 3070 duorum
1001 3007 1342 3090 primorum
1379 3027 1679 3073 annorum
1727 3007 2127 3074 ecclesiarum
2174 3005 2656 3092 parrochialium
2706 3011 2768 3071 et
2813 3005 3075 3071 aliorum
3122 3001 3559 3072 beneficiorum

705 3133 959 3179 suorum
991 3114 1346 3179 vacantium
1378 3119 1487 3180 aut
1518 3114 1866 3199 aliquarum
1913 3114 2347 3196 collectarum,-
2380 3112 2799 3179 subsidiorum
2833 3113 2931 3178 vel
2977 3112 3243 3178 aliarum
3292 3113 3561 3176 exactio-

704 3241 854 3286 num
888 3241 1395 3306 quarumcunque
1424 3223 1939 3309 imponendarum
1976 3221 2344 3286 solutionem
2376 3220 2635 3286 minime
2663 3225 3015 3303 teneantur,
3040 3225 3251 3284 tamen
3290 3217 3561 3303 plerum-

709 3347 828 3412 que
859 3329 1184 3412 contingit,
1211 3329 1374 3413 quod
1405 3331 1470 3394 in
1501 3329 1728 3395 litteris
1755 3328 2133 3414 apostoliciS,
2168 3349 2286 3413 que
2312 3327 2535 3410 legatis
2560 3333 2668 3392 aut
2690 3329 2932 3393 nunciis
2956 3325 3313 3392 huiusmodi
3338 3346 3375 3390 a
3397 3325 3561 3389 dicta

709 3434 855 3500 sede
877 3436 1318 3518 conceduntur,
1338 3435 1694 3500 huiusmodi
1719 3436 1909 3501 verba
1930 3456 2041 3500 seu
2074 3434 2294 3501 saltem
2319 3435 2383 3500 in
2408 3433 2626 3500 effectu
2651 3434 2883 3500 similia
2906 3440 3327 3521 apponuntur,
3348 3431 3561 3497 videli-

711 3545 835 3606 cet:
868 3541 1209 3625 „Volumus
1235 3547 1463 3625 autem,
1491 3543 1652 3626 quod
1679 3563 1803 3608 non
1829 3542 2029 3608 solum
2056 3563 2164 3607 vos
2187 3542 2415 3628 prelati
2440 3549 2503 3608 et
2523 3561 2788 3629 persone
2812 3541 3231 3608 ecclesiastice
3254 3547 3555 3606 terrarum

711 3653 773 3714 et
800 3647 1074 3714 locorum
1107 3649 1408 3735 ipsorum,
1442 3649 1551 3714 sed
1583 3649 1770 3714 etiam
1804 3671 1914 3715 vos
1945 3649 2320 3735 patriarche,
2353 3650 2823 3735 archiepiscopi,
2850 3649 3128 3735 episcopi
3160 3647 3559 3734 hospitalium

710 3755 910 3820 sancti
941 3755 1230 3822 Iohannis
1261 3755 1814 3842 Hierosolymitani
1861 3777 1934 3822 ac
1968 3757 2146 3823 beate
2176 3755 2374 3822 Marie
2405 3757 2925 3823 Theutonicorum
2958 3755 3265 3838 magistri,
3300 3756 3559 3840 priores,

707 3867 1104 3948 preceptores
1137 3868 1200 3929 et
1228 3863 1456 3928 fratres
1489 3864 1832 3930 vicinorum
1877 3862 2153 3930 locorum
2204 3883 2276 3929 ac
2321 3864 2643 3930 civitatum
2692 3869 2753 3929 et
2789 3863 3125 3928 diocesium
3160 3863 3562 3948 circumposi-

713 3975 921 4035 tarum
977 3970 1042 4034 in
1090 3971 1547 4056 provisionibus
1595 3976 1656 4036 et
1701 3950 2213 4037 subventionibus
2259 3971 2665 4037 contribuatis
2712 3991 2825 4055 pro
2872 3969 3163 4036 oneribus
3208 3968 3563 4034 huiusmodi

713 4077 1191 4162 supportandis,
1237 4098 1364 4144 non
1408 4076 1715 4162 obstante,
1763 4079 1818 4144 si
1862 4099 1973 4143 vos
2020 4084 2128 4144 aut
2172 4084 2445 4144 vestrum
2495 4078 2678 4143 alicui
2718 4076 2815 4141 vel
2862 4075 3181 4162 quibusvis
3227 4076 3367 4142 aliis
3412 4076 3563 4142 locis

714 4192 825 4251 aut
884 4181 1202 4251 ordinibus
1250 4185 1472 4249 vestris
1517 4186 1932 4251 communiter
1977 4185 2074 4251 vel
2121 4185 2369 4250 divisim
2418 4205 2456 4250 a
2500 4184 2668 4251 dicta
2702 4184 2784 4250 sit
2820 4185 2966 4250 sede
3008 4183 3354 4267 indultum,
3400 4183 3563 4268 quod

709 4293 954 4358 nunciis
996 4292 1195 4378 ipsius
1227 4291 1390 4357 sedis
1423 4293 1921 4377 procurationem
1955 4293 2226 4378 aliquam
2275 4291 2567 4359 exhibere
2611 4291 2709 4357 vel
2753 4291 2818 4356 in
2866 4312 2939 4357 ea
2984 4292 3395 4374 contribuere,
3440 4291 3565 4356 nisi

717 4398 796 4464 ad
845 4419 953 4465 vos
1000 4399 1476 4481 declinaverint,
1525 4400 1782 4465 minime
1827 4401 2168 4466 teneamini
2215 4405 2277 4468 et
2323 4399 2401 4465 ad
2446 4399 2511 4464 id
2556 4398 2843 4484 compelli
2891 4404 3001 4464 aut
3044 4398 3209 4483 quod
3254 4397 3561 4482 interdici,

713 4507 1010 4593 suspendi
1045 4505 1144 4572 vel
1191 4507 1716 4573 excommunicari
1761 4527 1887 4573 non
1931 4508 2189 4593 possitis
2233 4528 2348 4593 per
2389 4507 2633 4573 litteras
2680 4505 3051 4592 apostolicas
3096 4526 3223 4571 non
3265 4505 3563 4571 facientes

711 4613 958 4700 plenam
994 4620 1056 4680 et
1086 4634 1448 4701 expressam
1481 4633 1552 4680 ac
1591 4614 1668 4680 de
1713 4613 1902 4680 verbo
1947 4615 2030 4682 ad
2076 4615 2332 4681 verbum
2379 4615 2455 4680 de
2498 4613 2738 4680 indulto
2784 4613 3137 4679 huiusmodi
3184 4613 3563 4678 mentionem

712 4729 776 4786 et
842 4721 1219 4806 quibuslibet
1284 4721 1660 4807 privilegiiS,
1728 4721 2135 4806 indulgentiis
2198 4727 2261 4788 et
2316 4721 2543 4788 litteris
2602 4719 2957 4808 apostolicis
3015 4720 3407 4804 generalibus
3462 4719 3563 4786 vel

711 4828 1098 4913 specialibus·
1132 4828 1602 4914 quibuscunque
1640 4829 1814 4912 lociS,
1861 4830 2147 4914 personis
2192 4828 2294 4894 vel
2336 4826 2689 4894 hominibus
2736 4832 2845 4893 aut
2888 4827 3208 4894 ordinibus
3251 4827 3368 4894 sub
3413 4848 3565 4912 qna·

710 4953 952 5018 cunque
1005 4936 1212 5002 forma
1251 4934 1350 5001 vel
1408 4936 1808 5022 expressione
1853 4935 2185 5002 verborum
2232 4936 2310 5001 ab
2356 4935 2571 5002 eadem
2620 4935 2765 5001 sede
2811 4935 3149 5019 concessis,
3206 4935 3283 5002 de
3340 4934 3564 5020 quibus

711 5061 1096 5127 quorumque
1125 5043 1274 5109 totis
1305 5042 1624 5110 tenoribus
1671 5043 1748 5111 de
1793 5043 1982 5110 verbo
2025 5043 2107 5110 ad
2152 5043 2411 5110 verbum
2456 5043 2519 5109 in
2568 5042 2797 5110 nostris
2840 5041 3068 5110 litteris
3114 5042 3302 5130 plena
3347 5047 3411 5109 et
3458 5061 3565 5109 ex-
