3892 5609
1679 88 1685 95 ,
1743 51 1776 89 Χ

683 245 738 315 -2
753 244 849 317 14
1670 255 1973 305 Pnnssm.
2044 256 2232 305 nova
2275 228 2593 305 Manem
2636 290 2655 299 ..

696 412 874 483 222.
915 416 1094 483 1444
1147 429 1260 481 oct.
1295 416 1378 483 11
1429 414 1826 503 Heidelberq.
1875 389 2321 496 ‘bazowam
2384 438 2581 491 came
2640 416 2967 503 palatinus
3014 416 3257 499 Rheni,
3315 416 3569 499 aanor,

915 524 1216 589 consentit
1257 545 1319 587 n.
1353 521 1513 592 217.

753 728 770 741 ,
913 660 1051 729 Wir
1094 660 1361 746 Ludwig
1405 682 1530 729 von
1573 668 1714 747 gots
1758 662 2009 747 gnaden
2052 661 2428 749 pfalczgraff
2465 662 2587 750 bey
2628 662 2827 751 Reyn‚
2876 662 2987 731 des
3032 662 3305 749 heiligen
3347 663 3569 731 Romi-

693 769 883 837 schen
927 770 1132 838 reichs
1179 770 1645 837 ercztruchsesz
1692 770 1824 837 und
1869 770 2153 836 kurfurst
2195 770 2330 835 und
2358 770 2629 854 herczog
2658 789 2777 837 czu
2804 769 3017 858 Beyrn
3060 774 3179 839 etc.
3226 774 3571 839 concordat

693 900 833 945 cum
875 901 938 943 n.
971 878 1126 958 218,
1173 881 1376 943 imm:

1010 981 1150 1050 Wir
1191 981 1484 1050 Fridrich
1529 988 1647 1049 etc.
1695 1002 1757 1048 ιι.
1791 982 1916 1049 217
1969 983 2048 1050 de
2097 983 2269 1047 1444
2314 987 2473 1069 sept.
2513 982 2617 1067 14,
2660 986 2867 1051 intus-⁶

1117 1087 1253 1158 wir
1295 1088 1584 1156 Fridrich
1631 1094 1748 1157 etc.
1796 1109 1860 1153 ιι.
1893 1089 2024 1155 216
2070 1088 2149 1157 de
2198 1088 2369 1154 1443
2416 1093 2535 1155 oct.
2575 1092 2679 1155 16.

695 1232 778 1243 -
815 1232 894 1241 -
931 1230 1015 1243 —-
1064 1195 1158 1263 als
1206 1198 1306 1264 ein
1355 1194 1727 1282 pfalczgraff
1762 1195 1884 1281 bey
1927 1195 2108 1283 Reyn
2140 1232 2223 1242 —
2268 1215 2458 1263 unser
2502 1194 2848 1279 gewcnlich
2890 1196 3197 1279 ingesigel
3242 1231 3328 1241 —
3374 1215 3567 1280 gege-

692 1303 816 1370 ben
849 1338 930 1349 -—
963 1324 1044 1369 zu
1073 1302 1452 1386 Heidelberg
1495 1301 1658 1369 nach
1702 1306 1843 1386 gots
1889 1302 2115 1385 geburt
2152 1302 2795 1370 vierezehenhundert
2826 1303 2931 1387 jar
2976 1302 3105 1369 und
3148 1303 3429 1370 dar-nach
3470 1304 3565 1369 im

693 1408 827 1477 vier
871 1409 1003 1476 und
1045 1408 1514 1493 vie(r)czigsten
1547 1410 1691 1494 jare
1735 1428 1838 1473 am
1883 1414 2150 1491 suntage
2192 1409 2355 1476 nach
2398 1413 2545 1477 sant
2589 1408 2883 1495 Dyonisii
2927 1414 3054 1491 tag.

607 1510 629 1517 ’
777 1532 802 1543 ‘
906 1531 972 1593 v,
1009 1530 1173 1585 344v.
1233 1530 1321 1584 or.
1359 1546 1472 1583 cum
1506 1530 1671 1596 sigillo
1707 1530 1760 1581 in
1797 1530 1999 1583 archivo
2036 1530 2366 1582 Berolinensi.

697 1778 872 1851 223.
913 1779 1175 1861 (1448)
1245 1780 1626 1847 Franciscus
1656 1780 2060 1845 Warmimsis
2106 1782 2433 1867 episcopus
2478 1784 2844 1846 transsumit
2884 1780 3235 1868 diplomata
3265 1782 3344 1847 dc
3370 1780 3563 1847 Nova

913 1888 1232 1967 Mas-chia,
1280 1910 1364 1952 sc.
1397 1911 1460 1953 n.
1486 1888 1627 1955 217
1657 1890 1822 1973 reqis
1865 1886 2395 1969 confirmationem
2440 1898 2496 1951 et
2522 1910 2586 1951 n.
2612 1887 2991 1953 218-222
3033 1888 3363 1953 electorum
3394 1889 3557 1953 rati—

915 1994 1280 2059 habitiones.

912 2116 986 2183 In
1029 2117 1284 2183 nomine
1328 2115 1566 2182 domini
1610 2114 1838 2182 Amen.
1907 2114 2039 2181 Nos
2076 2112 2447 2181 Franciscus
2493 2115 2597 2182 dei
2642 2119 2706 2182 et
2750 2114 3091 2202 apostolice
3134 2114 3303 2183 sedis
3346 2115 3561 2200 gracia

691 2226 1024 2312 episcopus
1055 2221 1467 2289 Warmiensis
1511 2221 1590 2289 de
1619 2221 1954 2305 Heilsberg
1996 2222 2412 2289 communiter
2458 2220 2832 2308 appellatus,
2878 2222 3351 2289 commissarius
3394 2242 3433 2288 a
3460 2243 3559 2290 se-

689 2330 1022 2398 renissimo
1069 2329 1354 2415 principe
1401 2334 1464 2395 et
1498 2329 1750 2395 domino
1783 2329 2037 2395 domino
2067 2326 2387 2395 Friderico
2418 2326 2843 2395 Romanorum
2874 2348 3024 2412 rege
3068 2348 3320 2414 semper
3364 2349 3559 2413 augu-

691 2443 790 2504 sto
836 2436 918 2503 ad
962 2435 1470 2522 exemplandum,
1515 2436 2069 2503 transsumendum
2101 2439 2167 2501 et
2192 2435 2257 2499 in
2290 2433 2609 2521 publicam
2642 2455 2717 2502 ac
2748 2436 3125 2502 autenticam
3156 2435 3431 2503 formam
3459 2456 3558 2505 re·

691 2542 1031 2628 digendum
1077 2541 1292 2608 omnia
1335 2546 1400 2608 et
1443 2541 1692 2625 singula
1735 2542 2100 2629 privilegia,
2152 2541 2397 2608 litteras
2445 2548 2511 2609 et
2552 2542 2799 2608 indulta
2842 2563 2883 2608 a
2924 2542 3087 2609 divis
3130 2540 3559 2609 Romanorum

688 2648 1176 2739 imperatoribus
1223 2653 1288 2713 et
1329 2647 1582 2731 regibus
1613 2668 1688 2715 ac
1717 2648 2109 2735 principibus
2140 2648 2304 2714 sacri
2333 2648 2587 2733 imperii
2620 2648 2994 2717 electoribus
3024 2668 3099 2715 ac
3128 2648 3269 2715 aliis
3302 2650 3559 2735 quibus-

691 2777 959 2841 cumque
1002 2752 1332 2839 magnifico
1377 2755 1652 2842 principi
1699 2760 1763 2822 et
1805 2755 2065 2821 domino
2108 2754 2361 2822 domino
2416 2756 2721 2839 magistro
2766 2754 3045 2839 generali
3091 2754 3331 2823 ordinis
3376 2757 3557 2825 beate

689 2862 890 2931 Maris
935 2862 1156 2928 domus
1189 2860 1716 2929 Theotunicorum
1745 2860 2231 2929 Ierosolimitani
2275 2862 2519 2947 totique
2564 2861 2771 2928 ordini
2816 2862 3017 2929 eidem
3062 2864 3349 2945 graciose
3392 2864 3558 2931 faeta

691 2976 756 3037 et
809 2986 1106 3035 concessa
1159 2967 1520 3054 specialiter
1565 2969 1934 3056 deputatae,
1990 2973 2211 3035 notum
2253 2968 2521 3035 facimus
2580 2988 2694 3055 per
2749 2969 2867 3035 hoc
2918 2980 3179 3056 presens
3233 2968 3557 3056 publicum

689 3075 1107 3161 transsumpti
1153 3076 1638 3141 instrumentum
1685 3075 1997 3141 universis
2044 3079 2109 3141 et
2154 3074 2436 3158 singuliS,
2485 3095 2749 3160 quorum
2796 3077 3079 3159 interest,
3124 3075 3421 3143 intererit
3450 3082 3559 3144 aut

689 3181 1158 3268 quomodolibet
1199 3181 1505 3248 interesse
1552 3182 1787 3267 poterit
1825 3182 1896 3247 in
1939 3182 2245 3265 futurum,
2298 3182 2466 3266 quod
2511 3202 2627 3249 nos
2672 3182 2920 3269 pridem
2964 3181 3267 3267 quasdam
3312 3182 3556 3250 litteras

689 3288 1149 3357 commissionis
1194 3288 1424 3374 prefati
1471 3288 1858 3354 serenissimi
1903 3278 2209 3375 principis
2242 3293 2307 3354 et
2336 3288 2573 3353 domini
2600 3288 2651 3354 F
2653 3288 2907 3356 riderici
2934 3288 3359 3355 Romanorum
3390 3290 3557 3373 regis

691 3396 825 3462 eius
873 3414 1020 3461 vero
1067 3394 1272 3478 sigillo
1317 3394 1588 3461 rotundo
1633 3394 1712 3461 de
1757 3412 1902 3461 cera
1943 3393 2139 3461 rubea
2180 3395 2248 3460 in
2296 3414 2488 3481 capsa
2531 3396 2610 3462 de
2654 3414 2799 3461 cera
2844 3396 3161 3461 communi
3206 3394 3417 3478 glauci
3454 3416 3555 3463 co-

687 3501 844 3569 loris
909 3502 1219 3588 impresso
1284 3502 1352 3567 in
1418 3500 1676 3569 cordula
1745 3500 1985 3568 sericea
2049 3501 2271 3567 viridis
2349 3500 2783 3586 brunaticique
2850 3500 3077 3569 coloris
3149 3501 3555 3589 impendente

693 3608 1020 3693 sigillatas,
1077 3627 1204 3674 non
1247 3608 1532 3691 viciatus,
1587 3627 1714 3673 non
1759 3606 2158 3692 cancellatas,
2204 3627 2334 3674 non
2379 3606 2657 3692 abrasas,
2702 3628 2821 3675 nec
2862 3608 2931 3673 in
2975 3606 3187 3693 aliqua
3228 3608 3330 3675 sui
3374 3616 3553 3697 parte

689 3719 1036 3801 suspectae,
1085 3716 1196 3782 sed
1242 3714 1414 3781 omni
1458 3733 1716 3800 prorsus
1761 3714 1923 3780 vicio
1970 3717 2037 3781 et
2080 3714 2429 3798 suspitione
2473 3718 2779 3797 carenteS,
2834 3714 2903 3779 in
2948 3713 3124 3779 cuius
3169 3715 3427 3801 quidem
3471 3716 3553 3782 si-

689 3820 826 3905 gilli
879 3820 1086 3888 medio
1139 3820 1340 3906 figura
1395 3820 1630 3905 aquile,
1689 3840 1885 3907 supra
1939 3820 2118 3889 cuius
2163 3825 2354 3906 caput
2405 3818 2521 3888 hee
2567 3822 2843 3905 quinque
2886 3820 3132 3887 vocales
3178 3842 3217 3887 a
3262 3842 3299 3889 e
3341 3824 3367 3888 i
3411 3842 3449 3888 o
3494 3844 3551 3907 v,

690 3946 880 4013 quam
926 3928 1252 3995 duodecim
1299 3926 1677 3993 semicirculi
1721 3927 1786 3992 in
1834 3926 2339 3993 extremitatibus
2384 3948 2452 3994 se
2492 3928 2873 4011 attingentes
2903 3926 3167 3995 circuire
3199 3934 3265 3996 et
3294 3928 3555 4013 quilibet

627 4108 630 4111 ,
690 4054 906 4101 eorum
965 4034 1236 4121 clipeum
1293 4034 1362 4099 in
1419 4054 1487 4100 se
1542 4034 1891 4118 continere,
1958 4032 2028 4099 in
2082 4033 2306 4119 quibus
2367 4034 2620 4118 quidem
2677 4033 2895 4120 clipeis
2952 4034 3203 4101 diversa
3256 4055 3437 4101 arma
3492 4040 3555 4103 et

689 4140 976 4207 clenodia
1020 4147 1083 4208 et
1119 4141 1236 4207 hee
1279 4139 1490 4207 littere
1534 4140 1603 4206 in
1647 4140 2188 4206 circumferencia:
2240 4138 2303 4205 S.
2334 4138 2644 4207 Friderici
2672 4138 3100 4207 Romanorum
3142 4161 3283 4224 reg3
3330 4142 3553 4210 deinde

688 4246 928 4333 clipeus
975 4268 1229 4333 parvus,
1275 4251 1421 4333 post
1465 4266 1652 4333 quem
1694 4246 1811 4313 hee
1855 4246 2095 4313 littere:
2142 4247 2197 4312 is
2244 4266 2496 4334 semper
2525 4248 2773 4331 augusti
2810 4248 2985 4314 ducis
3016 4247 3295 4332 Austris,
3340 4248 3551 4332 Stirie,

687 4352 1048 4437 Karinthie,
1106 4360 1170 4421 et
1213 4354 1444 4420 iterum
1500 4354 1737 4440 clipeus
1795 4374 2029 4439 parvus
2075 4357 2139 4420 et
2191 4358 2337 4439 post
2392 4353 2569 4419 illum
2626 4355 2836 4421 littere
2894 4354 3255 4421 continuate
3307 4355 3375 4421 in
3430 4356 3550 4421 hiis

689 4460 928 4527 verbis:
978 4460 1267 4528 Carniole
1313 4461 1561 4527 comitis
1599 4459 1826 4525 Tirolis
1874 4480 1938 4541 03
1988 4478 2027 4526 a
2070 4464 2246 4542 tergo
2284 4480 2441 4527 ‘vero
2490 4460 2767 4528 eiusdem
2815 4461 3007 4545 sigilli
3050 4466 3365 4528 secretum
3408 4482 3551 4549 par-

688 4586 837 4632 vum
883 4567 962 4632 de
1007 4585 1152 4633 cera
1195 4568 1392 4633 rubea
1433 4569 1834 4653 impressum,
1879 4565 1949 4631 in
1995 4587 2117 4651 quo
2162 4564 2361 4650 figure
2392 4572 2659 4650 quatuor
2689 4568 2971 4654 capitum
3015 4569 3196 4651 quasi
3228 4568 3551 4634 hominum

685 4674 954 4739 invicem
1014 4674 1083 4739 in
1139 4673 1509 4759 occipitibus
1567 4674 2041 4741 coniunctorum
2096 4671 2290 4739 facies
2348 4693 2495 4739 suas
2554 4674 2635 4740 ad
2692 4679 2960 4760 quatuor
3012 4673 3238 4741 mundi
3294 4674 3550 4759 angulos

687 4779 1120 4864 dirigencium‚
1169 4785 1359 4867 prout
1402 4780 1610 4866 prima
1649 4780 1812 4846 facie
1841 4778 2192 4863 videbatur,
2240 4779 2650 4865 apparebant,
2698 4780 2879 4848 nobis
2924 4801 3039 4867 pro
3084 4785 3267 4867 parte
3311 4782 3551 4867 magni-

685 4884 788 4953 fici
833 4886 1142 5004 principis
1186 4892 1252 4954 et
1281 4886 1539 4972 domini,
1585 4887 1826 4953 domini
1855 4884 2130 4953 Conradi
2159 4886 2238 4952 de
2266 4884 2754 4973 Erlicbshwseu,
2802 4886 2952 4955 dicti
2995 4886 3235 4955 ordinis
3266 4887 3549 4973 magistri
