3892 5609
633 298 682 371 4
689 296 734 371 2
1421 312 1647 361 mnne
1696 310 1981 363 smera·
2050 312 2385 369 amun.
2456 312 2724 362 errans

630 470 1039 558 Raymundus
1067 471 1324 559 Rupini,
1371 472 1475 542 dei
1519 472 1734 557 gracia
1773 472 2068 561 princeps
2099 472 2552 558 Antiochenus,
2596 472 2955 560 Raymundi
2981 474 3290 561 principis
3318 472 3512 561 filius,

631 577 794 645 dono
841 582 905 645 et
949 579 1218 647 concedo
1263 582 1580 664 magistro.
1614 586 1677 647 et
1727 581 2030 649 fratribus
2074 580 2407 668 hospitalis
2454 586 2669 649 sancte
2704 580 2913 649 Maris
2956 580 3511 665 Theutonicorum,

629 692 702 753 ut
755 685 1114 753 libertatem
1159 687 1510 774 plenariam
1557 687 1831 755 habeant
1875 688 2157 771 emendi,
2215 688 2555 774 vendendi,
2613 688 2893 756 intrandi
2940 695 3004 756 et
3048 688 3319 757 exeundi
3362 709 3513 757 cum

629 793 816 860 rebus
860 794 1136 883 propriis
1181 815 1297 882 per
1341 800 1542 862 totam
1588 801 1824 863 terram
1869 816 2076 862 meam
2121 801 2254 863 tam
2296 793 2493 863 infra¹
2521 796 2925 864 Antiochiam
2962 816 3152 882 quam
3196 801 3399 881 extra,
3444 802 3516 865 et

631 921 745 989 per
787 922 965 969 mare
1008 922 1084 969 ac
1127 922 1243 990 per
1287 904 1500 969 omnia
1541 902 1682 970 loca
1725 903 1852 969 mei
1896 904 2292 990 principatus
2340 908 2405 969 et
2446 923 2560 991 per
2594 905 2891 971 universa
2931 904 3229 991 passagia
3271 904 3399 991 ipsi
3444 909 3513 971 et

629 1029 753 1094 res,
801 1030 922 1097 que
969 1030 1186 1076 eorum
1231 1001 1416 1077 erunt
1459 1010 1735 1099 proprie,
1778 1009 1977 1077 libere
2023 1010 2294 1078 transire
2336 1011 2586 1098 possint
2616 1018 2679 1079 et
2704 1010 2935 1096 redire,
2979 1011 3219 1078 nullam
3252 1012 3511 1100 penitus

628 1115 786 1182 mihi
829 1116 930 1184 vel
986 1116 1212 1184 balivis
1267 1118 1426 1183 meis
1482 1136 1599 1185 nec
1654 1118 2039 1204 pactonariis
2096 1138 2217 1185 nec
2271 1118 2630 1186 hominibus
2686 1120 2846 1187 meis
2902 1119 3247 1186 dreituram
3304 1137 3513 1205 neque

628 1224 1142 1291 consuetudinem
1189 1223 1601 1291 exsolventes
1673 1222 1759 1292 Ut
1804 1229 2017 1293 autem
2062 1225 2181 1295 hoc
2225 1226 2461 1293 donum
2489 1225 2743 1295 firmum
2774 1232 2839 1294 et
2866 1227 3094 1295 stabile
3119 1227 3189 1293 in
3220 1230 3511 1293 eternum

627 1338 1016 1419 permaneat,
1061 1352 1322 1419 presens
1367 1331 1768 1418 privilegium
1811 1331 1934 1399 feci
1980 1333 2173 1401 scribi
2204 1339 2267 1401 et
2296 1334 2508 1421 sygilli
2536 1333 2662 1401 mei
2690 1334 3061 1423 principalis
3090 1334 3511 1421 impressione

630 1440 868 1507 muniri
923 1444 1109 1525 atque
1165 1439 1664 1527 subscriptorum
1709 1438 1992 1507 virorum
2044 1441 2406 1508 testimonio
2464 1441 2814 1527 corrobari,
2876 1461 3141 1528 quorum
3199 1442 3316 1508 hec
3358 1444 3511 1537 sunt

629 1546 915 1613 nomina:
975 1545 1350 1633 Mansellus,
1411 1546 1912 1614 constabularius
1972 1552 2038 1615 et
2090 1549 2295 1616 maior
2338 1548 2709 1632 Antiochie;
2767 1551 3087 1637 Aymarus
3143 1549 3223 1616 de
3264 1546 3507 1631 Leron3

631 1651 1002 1721 Guillelmus
1049 1654 1127 1721 de
1154 1653 1464 1737 Assard03
1510 1654 1872 1721 Amalricus
1920 1654 1999 1722 de
2045 1654 2259 1739 Crusi3
2305 1654 2625 1723 Anfredus
2672 1656 2750 1724 de
2786 1656 3107 1743 Margat03
3153 1654 3508 1724 Willelmus

630 1759 709 1828 de
738 1760 1014 1847 Flechia,
1061 1762 1189 1828 dux
1219 1762 1570 1829 Antiochie.
1639 1762 1904 1830 Factum
1950 1768 2048 1830 est
2089 1782 2255 1829 anno
2304 1764 2382 1830 ab
2426 1764 2863 1831 incarnatione
2892 1763 3133 1831 domini
3167 1762 3506 1830 millesimo

629 1875 723 1935 cc‘
752 1888 917 1935 nono
949 1870 1213 1954 decime,
1257 1870 1651 1957 principatus
1687 1871 1812 1937 mei
1843 1890 2009 1936 anno
2040 1870 2159 1959 iiii⁰
2188 1870 2530 1939 indictione
2560 1871 2672 1937 vii·
2702 1891 2919 1939 mense
2948 1872 3205 1939 marcio.
3264 1870 3506 1937 Datum

626 1994 745 2062 per
787 1997 1045 2043 manum
1089 1977 1363 2063 Iordani,
1409 1977 1768 2045 cancellarii
1814 1978 1956 2045 aule
2000 1977 2371 2065 principalis
2416 1977 2771 2047 Antiochie.

841 2116 934 2181 111,
971 2117 1090 2171 165.
1307 2118 1352 2171 1.
1389 2118 1450 2171 B.

635 2473 757 2545 52.
806 2478 982 2545 1220
1026 2477 1116 2543 30
1155 2480 1316 2542 maii
1369 2478 1548 2565 apud
1592 2478 1802 2543 Accon
1854 2479 2181 2543 civitatem·
2282 2476 2425 2543 Otto
2442 2524 2462 2557 ,
2526 2498 2724 2542 comes
2780 2476 2857 2542 de
2900 2474 3271 2563 Henneberq
3286 2526 3307 2559 ,
3366 2500 3507 2543 cum

807 2586 1100 2651 Beato-tce
1153 2606 1350 2650 uxore
1407 2598 1464 2651 et
1513 2584 1737 2651 Ottone
1777 2584 1922 2667 filio
1980 2584 2283 2671 hospitali
2326 2607 2375 2649 s.
2409 2584 2664 2650 Mam‘ae
2709 2586 2928 2649 domus
2982 2582 3507 2651 Theutonicorum

805 2695 876 2758 in
922 2692 1264 2758 Ierusalem
1317 2694 1592 2758 vendunt
1649 2714 1890 2759 omnem
1947 2716 1989 2756 a
2035 2692 2325 2758 Beatrioe
2378 2696 2450 2756 in
2496 2684 3070 2777 Hierosolymitimo
3114 2714 3309 2777 reqno
3344 2714 3503 2779 pos·-

807 2822 1040 2865 sessam
1081 2799 1499 2865 hereditatem·

851 2942 999 3009 otto
1046 2940 1148 3008 dei
1193 2941 1408 3025 gracia
1451 2960 1659 3008 comes
1691 2939 1768 3008 de
1798 2938 2237 3007 Hennemberc
2270 2940 2583 3008 universis
2614 2940 2849 3007 Christi
2876 2938 3186 3026 fidelibus,
3234 2940 3315 3007 ad
3345 2960 3503 3027 quos

627 3069 888 3137 presens
937 3048 1245 3136 scriptum
1278 3049 1655 3136 pervenerit,
1701 3046 1973 3115 salutem
2008 3050 2077 3115 in
2108 3053 2359 3116 auctore
2390 3046 2633 3127 salutis.
2692 3047 2979 3135 Suboriri
3010 3047 3171 3115 solet
3198 3048 3277 3115 de
3306 3050 3500 3133 gestis

625 3158 953 3225 hominum
1007 3156 1209 3223 multa
1267 3156 1656 3243 calumpnia,
1713 3156 1838 3222 nisi
1893 3155 2087 3223 robur
2129 3155 2348 3240 lingua
2398 3156 2703 3224 bonorum
2748 3156 3009 3223 testium
3054 3156 3349 3224 adhibeat
3393 3162 3503 3223 aut

627 3262 959 3352 scriptura.
1031 3264 1390 3351 Eapropter
1433 3264 1514 3333 ad
1557 3263 1857 3331 noticiam
1903 3264 2303 3350 presencium
2350 3282 2424 3330 ac
2466 3264 2819 3331 futurorum
2850 3262 3036 3331 Ihesu
3066 3262 3305 3330 Christi
3346 3262 3501 3331 fide-

624 3372 781 3439 lium
825 3372 1158 3459 pervenire
1201 3370 1521 3456 volumus,
1579 3371 1746 3457 quod
1787 3390 1904 3439 nos
1954 3376 2017 3437 et
2058 3392 2220 3437 uxor
2261 3376 2512 3455 nostra,
2566 3369 2823 3437 Beatrix
2870 3371 3155 3455 nomine,
3211 3370 3502 3439 loscelini

627 3479 875 3547 comitis
922 3479 1234 3564 quondam
1281 3478 1432 3564 filia,
1487 3499 1560 3546 ac
1604 3479 1770 3547 filius
1814 3472 2031 3546 noster
2076 3478 2225 3546 Otto
2270 3479 2447 3545 unito
2492 3498 2687 3565 penes
2732 3498 2849 3545 nos
2894 3477 3154 3545 consilio
3198 3477 3503 3566 hospitali

625 3591 842 3653 sancte
869 3585 1068 3653 Marie
1114 3586 1336 3653 domus
1367 3586 1894 3653 Theutonicorum
1936 3587 2007 3653 in
2035 3584 2375 3653 Ierusalem
2422 3606 2671 3653 omnem
2716 3585 3151 3671 hereditatem,
3198 3606 3388 3671 quam
3420 3606 3501 3655 ex

625 3694 1098 3783 progenitorum
1143 3714 1400 3761 suorum
1447 3694 1840 3761 successione
1884 3714 2045 3761 uxor
2072 3700 2292 3761 nostra
2333 3692 2623 3781 predicta
2663 3694 2733 3759 in
2776 3712 2968 3777 regno
2998 3692 3499 3761 Ierosolimitano

624 3802 910 3890 possedit
937 3801 1038 3869 vel
1081 3800 1404 3887 possidere
1447 3801 1684 3885 debuit,
1733 3801 2150 3868 diminutione
2196 3800 2475 3887 qualibet
2517 3805 2764 3868 remota
2806 3821 2922 3887 pro
2954 3806 3197 3887 septem
3242 3800 3500 3869 milibus

625 3910 1024 3977 marcharum
1071 3908 1315 3993 argenti
1359 3913 1424 3975 et
1465 3928 1582 3995 pro
1629 3908 1871 3975 duobus
1917 3908 2175 3976 milibus
2221 3908 2636 3975 bisantiorum
2681 3907 2878 3975 libere
2908 3908 3326 3978 vendidimus.
3394 3909 3499 3977 In·-

626 4036 817 4104 super
859 4017 986 4084 tria
1029 4016 1206 4083 milia
1250 4016 1666 4083 bisantiorum
1713 4021 1778 4082 et
1821 4035 1892 4083 cc
1937 4021 2003 4082 et
2045 4015 2092 4082 1·
2136 4015 2472 4099 bisancios,
2521 4034 2676 4101 quos
2718 4036 2831 4103 pro
2872 4016 3126 4083 domino
3160 4015 3497 4085 Guillelmo

627 4124 705 4191 de
748 4122 1068 4191 Mandelia
1120 4122 1478 4210 persolvere
1529 4122 1932 4206 tenebamur,
1993 4122 2158 4189 dicte
2204 4122 2426 4189 domus
2471 4122 2699 4191 fratres
2744 4123 2879 4191 loco
2926 4125 3127 4191 nostri
3180 4123 3499 4211 persolve·

625 4238 792 4299 runt,
861 4231 1045 4298 Hunc
1091 4237 1299 4297 autem
1330 4230 1718 4296 vendicionis
1763 4235 1978 4297 nostre
2024 4234 2415 4297 contractum
2459 4230 2527 4298 in
2574 4232 2900 4317 presencia
2934 4231 3173 4299 domini
3199 4230 3497 4299 Iohannis

625 4339 792 4422 regis
837 4337 1320 4404 Ierosolimitani
1364 4343 1429 4403 et
1471 4357 1730 4403 suorum
1777 4337 2084 4404 baronum
2130 4358 2205 4404 ac
2246 4336 2525 4404 fidelium
2572 4337 2934 4405 Hermanno
2979 4338 3057 4405 de
3102 4336 3310 4425 Salza,
3362 4358 3497 4405 ma-

625 4446 823 4531 gistro
881 4445 1105 4512 domus
1163 4444 1721 4529 Theutonicorum,
1791 4446 2048 4531 suisque
2104 4444 2405 4512 fratribus
2459 4444 2740 4530 legitime
2796 4445 3246 4531 stabilivimus,
3316 4446 3497 4532 quin-

625 4554 832 4639 gentis
891 4554 1090 4620 eciam
1151 4552 1424 4619 marchis
1471 4552 1714 4636 argenti
1772 4552 2039 4639 proinde
2083 4552 2221 4637 regi
2266 4552 2625 4640 supradicto
2673 4553 2917 4620 collatis
2964 4554 3043 4620 ab
3090 4552 3323 4620 eisdem
3368 4554 3498 4621 fra-

624 4661 846 4729 tribus.
927 4660 1024 4728 Ne
1073 4660 1268 4744 igitur
1311 4659 1382 4726 in
1433 4664 1752 4746 posterum
1799 4660 1915 4727 hec
1960 4659 2353 4727 rationabilis
2406 4661 2655 4747 expiret
2699 4662 2895 4744 actio,
2950 4660 3061 4727 sed
3106 4665 3249 4727 rata
3291 4665 3358 4727 et
3398 4662 3496 4727 in-

623 4769 924 4836 convulsa
977 4787 1228 4854 semper
1269 4772 1668 4853 permaneat,
1727 4774 2087 4855 presentem
2144 4766 2441 4855 paginam
2498 4767 2794 4855 plumbea
2850 4767 3023 4835 hulla
3065 4773 3287 4835 nostra
3327 4788 3496 4835 com-

624 4876 936 4944 munitam
981 4871 1330 4963 sepedicto¹
1375 4873 1787 4958 H(ermanno)
1803 4926 1824 4960 ,
1869 4874 2173 4958 magistro
2221 4874 2443 4942 domus
2474 4876 3034 4961 Theutonicorum,
3080 4881 3146 4943 et
3188 4875 3318 4943 suis
3362 4875 3493 4943 fra·

621 4984 826 5051 tribus
884 5002 999 5070 pro
1057 4982 1551 5053 confirmationis
1608 4981 1793 5053 titulo
1851 4982 2247 5053 tradidimus.
2341 4982 2543 5051 Huius
2601 4983 2693 5051 rei
2749 4988 2944 5053 testes
3000 4988 3151 5051 sunt
3204 4984 3497 5055 dominus
