3892 5609
1363 303 1756 390 rmvchm
1803 304 2194 355 canamus
2357 263 2373 277 .
3059 293 3153 366 32
3167 295 3208 364 7

342 470 408 533 et
453 464 784 549 beneficia,
831 484 952 549 que
997 464 1380 551 pauperibus
1425 464 1924 550 subministrant,
1972 466 2479 533 consideracione
2526 465 2796 533 sollicita
2838 466 3213 552 pensaretiS,

339 591 470 638 non
526 572 730 638 solum
787 572 866 638 ab
921 592 1136 639 eorum
1191 570 1498 637 molestiis
1557 574 1920 657 cessaretis,
1976 573 2088 640 sed
2132 573 2289 640 alios
2336 573 2670 640 studeretis
2716 572 3063 639 districtius
3108 592 3211 639 co-

341 678 579 746 hibere.
661 678 952 745 Ceterum
1013 677 1366 744 audivimus
1425 682 1490 745 et
1533 677 1861 745 audientes
1915 677 2343 765 nequivimus¹
2400 700 2525 746 non
2586 680 2836 762 mirari,
2896 680 3061 763 quod
3107 699 3213 745 eos

343 784 600 871 qnidam
644 793 924 853 vestrum
992 784 1210 850 durius
1254 782 1440 851 solito
1497 790 1949 871 persequentes
2000 807 2129 853 non
2172 788 2376 853 solum
2424 786 2709 873 querelas
2758 806 2975 853 eorum
3030 785 3215 851 dissi-

343 892 620 975 mulant,
689 893 802 959 sed
863 894 1038 978 ipsos
1094 891 1390 975 gravibus
1445 891 1693 957 iniuriis
1747 899 2138 959 vexaverunt
2193 899 2257 960 et
2313 894 2379 959 in
2436 892 2823 979 dampnabili
2890 893 3214 978 proposito

343 998 548 1065 adhuc
591 1005 1019 1086 perseverant,
1064 999 1310 1065 litteras
1355 1004 1606 1064 nostras
1635 1000 1958 1081 generales
1990 1005 2055 1067 et
2093 1000 2466 1085 quandoque
2496 998 2801 1086 speciales
2828 999 3038 1083 legere
3068 1018 3215 1067 con-

341 1110 771 1191 tempnentes,
832 1126 988 1190 quas
1044 1106 1098 1171 si
1157 1104 1472 1172 interdum
1528 1104 1798 1188 legerint
1839 1107 2255 1193 vilipendunt.
2332 1106 2513 1174 Unde
2560 1107 2769 1174 clerici
2816 1112 2879 1173 et
2920 1106 3067 1172 laici
3112 1126 3215 1171 su·

341 1218 586 1281 mentes
641 1214 970 1280 andaciam
1027 1213 1328 1279 adversus
1385 1233 1492 1279 eos
1551 1209 1867 1279 securius²
1923 1214 2329 1297 insolescunt,
2390 1214 2763 1280 elemosinas
2808 1219 2871 1279 et
2914 1211 3218 1279 beneficia

341 1320 724 1387 subtrahunt
765 1326 1097 1401 consuetag
1141 1320 1468 1385 invasores
1515 1338 1760 1404 quoque
1803 1318 2111 1386 bonorum
2152 1322 2433 1407 ipsorum
2465 1320 2731 1387 fratrum
2765 1340 2891 1386 non
2922 1324 3213 1403 arguunt,

341 1426 456 1493 sed
511 1427 581 1492 in
623 1427 1056 1493 familiaritate
1117 1421 1264 1492 sua⁸
1309 1425 1654 1513 recipiunt,
1707 1426 1938 1491 fratres
1982 1412 2157 1513 ipsos
2212 1422 2726 1494 intolerabiliter*
2770 1427 3215 1512 deprimentes,

341 1552 500 1618 quos
559 1554 674 1619 pro
720 1551 831 1599 sue
880 1531 1200 1615 religionis
1245 1532 1573 1599 honestate
1618 1532 1920 1600 deberent
1980 1534 2287 1599 attencius
2333 1533 2664 1599 confovere
2675 1529 2715 1597 ⁵.
2794 1532 3005 1617 Unde,
3064 1552 3217 1618 quo-

343 1638 518 1703 niam
569 1658 910 1721 gravamen
967 1658 1184 1705 eorum
1241 1644 1418 1707 tanto
1473 1640 1685 1705 minus
1745 1638 2031 1705 volumus
2088 1640 2157 1706 in
2215 1640 2539 1725 paciencia
2594 1639 2925 1723 sustinere,
2982 1644 3216 1723 quanto

343 1745 597 1829 gravius
651 1746 816 1813 iusto
877 1744 979 1811 dei
1022 1746 1252 1813 iudicio
1296 1747 1703 1832 permittente
1747 1746 1979 1829 iugiter
2022 1747 2195 1831 ipsos
2248 1742 2526 1813 inimici⁶
2574 1744 2901 1811 christiani
2943 1745 3216 1811 nominis

344 1857 836 1937 persequuntur,
892 1852 1293 1919 universitati
1346 1857 1554 1919 vestre
1599 1872 1713 1938 per
1761 1852 2106 1939 apostolica
2151 1854 2388 1938 scripta
2432 1851 2805 1918 mandamus
2850 1858 2915 1919 et
2958 1852 3027 1918 in
3072 1852 3217 1918 obe-

345 1957 588 2025 diencie
633 1959 864 2025 virtute
909 1960 1328 2045 precipimuS,
1375 1959 1672 2046 quatinus
1719 1959 1989 2043 litterae,
2038 1980 2195 2043 quas
2239 1980 2355 2045 pro
2404 1960 2495 2025 eis
2540 1959 2889 2043 dirigimus,
2938 1961 3070 2025 sive
3110 1979 3217 2042 ge·

344 2064 591 2130 nerales
634 2064 870 2131 fuerint
913 2062 1080 2131 sive⁷
1127 2066 1324 2132 eciam
1371 2066 1697 2152 speciales,
1743 2066 2065 2152 recipiatis
2112 2066 2433 2133 humiliter
2462 2072 2527 2132 et
2564 2064 2831 2133 fideliter
2863 2066 3215 2152 exponatiS,

345 2171 658 2239 subiectos
705 2177 946 2237 vestros
995 2172 1076 2237 ad
1117 2172 1488 2239 elemosinas
1532 2178 1596 2239 et
1640 2171 1940 2239 beneficia
1986 2172 2173 2239 solita
2218 2168 2538 2239 sollicitis⁸
2582 2173 2842 2238 monitis
2890 2178 2955 2239 et
2992 2172 3217 2238 exhor-

343 2277 694 2344 tacionibus
741 2274 1146 2363 diligencius⁹
1189 2274 1632 2363 inducentes¹⁰,
1677 2280 1906 2345 fratres
1956 2286 2178 2349 autem
2214 2278 2482 2362 benigne
2510 2280 2832 2366 recipiatis
2866 2284 2929 2345 et
2956 2279 3219 2347 honeste
3254 2276 3259 2291 '

343 2386 629 2451 tractetis
685 2386 995 2451 attencius
1040 2386 1387 2471 provisuri,
1447 2392 1518 2453 ut
1561 2385 1639 2452 de
1687 2386 2119 2471 parrochianis
2164 2386 2391 2453 vestris
2452 2386 2551 2452 vel
2608 2386 2687 2452 de
2740 2386 3007 2452 subditis
3032 2386 3217 2469 .aliis,

345 2492 401 2557 si
447 2491 764 2577 querelam
812 2491 1172 2575 detulerint,
1232 2494 1407 2579 ipsos
1456 2493 1535 2559 ad
1583 2492 1999 2559 exhibendam
2043 2493 2360 2559 iusticiam
2408 2493 2579 2559 omni
2624 2493 2838 2575 gracia
2882 2498 2946 2558 et
2988 2494 3216 2560 timore

342 2600 712 2685 postpositis
770 2599 1072 2666 canonica
1137 2600 1472 2665 severitate
1517 2601 1788 2684 cogatis,
1849 2602 1941 2666 ita
1986 2600 2152 2685 quod
2220 2600 2448 2665 fratres
2505 2600 2631 2685 ipsi
2689 2619 2769 2665 ex
2823 2599 3217 2683 negligencia

341 2710 556 2771 vestra
599 2704 680 2770 ad
725 2705 936 2772 sedem
981 2706 1392 2792 apostolicam
1449 2726 1578 2772 non
1621 2706 1882 2774 laboren
1921 2703 1989 2787 ιι;
2046 2707 2267 2772 scituri
2311 2705 2509 2790 quod,
2556 2707 2610 2773 si
2656 2712 2950 2793 precepto
2996 2711 3213 2773 nostro

342 2812 854 2898 presumpseritis
901 2814 1234 2895 contraire,
1279 2814 1346 2879 in
1387 2832 1496 2878 vos
1543 2814 1706 2879 sicut
1747 2813 2181 2882 inobedientes
2228 2812 2725 2880 animadvertere
2756 2814 3037 2879 severius
3066 2832 3214 2879 con-

343 2917 669 3004 pellemur.
737 2918 975 2985 Datum
1021 2917 1318 2986 Laterani
1363 2920 1410 2985 ii
1457 2920 1582 2986 kal.
1616 2919 1916 2986 februarii
1962 2919 2365 3005 pontificatus
2412 2920 2613 2985 nostri
2658 2939 2822 2985 anno
2870 2920 2975 2985 vii.

555 3056 678 3110 Sine
713 3058 860 3111 dato:
895 3059 938 3120 1,
964 3059 1063 3122 755
1098 3061 1166 3122 11,
1197 3060 1297 3111 113
1333 3078 1384 3113 n.
1411 3061 1506 3121 743
1543 3062 1607 3111 A.
1627 3060 1698 3111 20
1733 3078 1782 3112 n.
1805 3058 1874 3110 '72
1909 3059 2091 3110 Latine
2128 3068 2182 3110 et
2217 3060 2516 3111 Germanice
2554 3076 2665 3110 cum
2700 3068 2844 3111 nota:
2888 3060 2947 3110 In
2984 3060 3212 3113 Traieeto

342 3146 566 3198 inferiori
603 3147 723 3213 (cau
759 3147 1032 3215 Utrecht);
1067 3148 1131 3199 D.
1159 3148 1230 3199 74
1266 3149 1580 3201 Germanice.
1611 3178 1670 3186 —
1714 3148 1837 3199 Gum
1873 3148 2021 3201 dato:
2062 3147 2125 3199 A.
2152 3148 2215 3199 16
2252 3166 2302 3213 p.
2327 3146 2423 3199 107
2466 3147 2763 3212 „Traiecti“.
2948 3150 2993 3199 1.
3030 3149 3209 3215 nequi-

341 3252 452 3287 mus
488 3234 529 3287 Ι.
681 3236 734 3287 2.
769 3236 990 3287 severius
1027 3236 1069 3298 1,
1106 3236 1276 3289 A.16.
1431 3236 1480 3288 3.
1519 3255 1559 3288 s.
1585 3237 1621 3287 f.
1653 3236 1719 3289 11.
1757 3236 1821 3287 A.
1841 3236 1928 3287 20.
2070 3237 2122 3287 4.
2158 3235 2510 3288 inviolabiliter
2545 3237 2588 3287 Ι.
2738 3236 2789 3287 5.
2826 3244 3108 3288 sustentare
3140 3238 3212 3299 Π,

342 3324 407 3375 A.
433 3322 521 3375 20.
731 3323 782 3374 6.
818 3324 1042 3377 inimicos
1078 3326 1142 3377 A.
1161 3325 1250 3377 20.
1452 3324 1501 3376 7.
1540 3343 1630 3377 seu
1665 3326 1733 3387 11,
1769 3324 1940 3377 A.16.
2142 3324 2193 3377 8.
2232 3341 2277 3375 e.
2304 3324 2477 3376 solitas
2513 3332 2567 3376 et
2601 3325 2651 3376 b.
2678 3324 2899 3376 sollicitis
2936 3324 3002 3386 11,
3041 3326 3103 3376 A.
3126 3325 3211 3376 20.

345 3412 394 3463 9.
432 3411 576 3463 deest
610 3412 677 3476 11,
715 3414 778 3463 A.
803 3412 888 3463 20.
1052 3414 1133 3465 10.
1169 3413 1491 3479 indulgentes
1527 3414 1568 3465 1.
1725 3415 1805 3465 11.
1845 3413 2016 3464 scituri
2052 3430 2210 3481 usque
2246 3412 2601 3479 compellemur
2638 3411 2783 3463 deest
2818 3413 2881 3463 A.
2908 3413 2988 3465 16.
3040 3414 3215 3465 scituri

342 3517 504 3567 usque
541 3500 608 3553 ad
642 3500 795 3553 finem
832 3502 975 3552 deest
1012 3501 1052 3553 1.

349 3704 524 3777 384.
568 3707 928 3791 1223febr.
955 3710 995 3774 1
1029 3708 1353 3775 Late-rani.
1401 3708 1727 3774 Honorius
1753 3707 1877 3774 III
1896 3711 2123 3795 repetit
2148 3731 2211 3771 n.
2238 3708 2373 3774 316
2403 3710 2480 3773 de
2511 3707 2681 3774 1221
2715 3710 2965 3772 ianuar.
2996 3706 3100 3773 16.

564 3846 880 3915 Honorius
937 3855 1054 3915 etc.
1279 3848 1514 3916 Dilecti
1555 3849 1672 3915 filii
1719 3854 1836 3917 etc.
1916 3848 2155 3915 Datum
2200 3846 2501 3915 Laterani
2547 3846 2851 3915 kalendas
2907 3849 3211 3917 februarii

341 3954 743 4043 pontificatus
787 3956 989 4022 nostri
1035 3976 1200 4023 anno
1245 3957 1536 4042 septimo.

1736 4094 1848 4101 ...υς-

349 4176 523 4247 385.
567 4178 743 4244 1223
770 4178 1102 4264 februarii
1128 4180 1166 4245 1
1201 4179 1514 4245 Laterani
1556 4178 1670 4264 (qf.
1706 4180 1883 4246 1223
1909 4179 2085 4264 febr.
2119 4177 2217 4260 3).
2285 4177 2611 4244 Honorius
2646 4176 2767 4243 ΙΙΙ
2788 4192 2951 4245 vetat
2962 4179 3209 4264 fratres

572 4284 983 4351 Theutonicos
1032 4288 1316 4353 ordinem
1359 4290 1494 4351 sine
1539 4289 1832 4372 maqistri
1877 4286 2129 4351 licentia
2172 4286 2539 4371 relinquere.

563 4408 880 4475 Honorius
937 4410 1266 4496 episcopus
1319 4429 1537 4475 servus
1593 4428 1916 4475 servorum
1976 4408 2076 4476 dei
2122 4408 2369 4475 dilectis
2426 4406 2573 4473 filiis
2629 4408 2933 4492 magistro
2980 4416 3043 4475 et
3083 4409 3212 4476 fra-

339 4514 544 4582 tribus
599 4514 930 4601 hospitalis
986 4522 1202 4582 sancte
1245 4514 1446 4582 Marie
1491 4514 2017 4582 Theutonicorum
2076 4515 2560 4581 lerosolimitani
2617 4514 2883 4581 salutem
2942 4522 3005 4581 et
3062 4536 3212 4601 apo-

341 4622 630 4689 stolicam
699 4621 1215 4689 benedictionem.
1476 4620 1767 4689 Graviter
1825 4622 2035 4689 oculos
2096 4622 2307 4688 divine
2364 4622 2713 4688 maiestatis
2772 4621 3097 4688 offendunt
3148 4628 3213 4689 et

339 4729 771 4795 thesaurizant
815 4727 935 4795 sibi
979 4730 1140 4794 iram
1183 4730 1248 4794 in
1280 4728 1382 4797 die
1411 4729 1626 4795 iudicii
1664 4730 1814 4794 iusti
1846 4729 1968 4815 dei,
2017 4729 2124 4814 qui
2154 4728 2475 4812 religionis
2505 4728 2788 4794 habiturn
2820 4736 3210 4796 assumentes

341 4842 406 4902 et
448 4836 822 4921 incipientes
868 4835 1120 4901 domino
1160 4835 1458 4903 famulari
1498 4836 1576 4902 ad
1605 4835 1824 4922 Egipti
1871 4836 2127 4902 delicias
2169 4836 2499 4902 derelictas
2541 4834 2789 4901 inhiant
2818 4842 2883 4901 et
2910 4854 3207 4923 pepones,

341 4942 708 5027 abiectoque
750 4942 897 5025 iugo
944 4941 1183 5008 domini
1228 4941 1612 5011 secularibus
1654 4942 1931 5027 negociis
1978 4964 2045 5011 se
2076 4943 2412 5009 inmisceat
2440 4947 2505 5009 et
2532 4941 2755 5009 illicita
2781 4944 3209 5027 mercimonia,
