3892 5609
1372 319 1674 368 Pnussu.
1741 318 1929 367 Nova
1974 319 2291 369 mancum
3115 306 3267 379 203

391 474 498 526 VII
537 474 591 539 (i.
617 491 662 526 e.
699 491 818 540 pars
856 474 1089 540 specialis
1127 476 1512 529 continuationis
1547 477 1574 527 I
1609 476 1915 529 continuatio
1953 477 2009 543 3)
2047 494 2098 542 p.
2125 476 2159 526 6
2197 475 2355 541 (bulla
2392 476 2566 542 aurea)
2610 476 2661 527 in
2699 483 3004 527 transsumto
3040 474 3273 527 notariali

393 562 466 613 de
505 562 554 613 d.
584 561 720 613 1412
757 580 871 614 nov.
897 562 964 613 27
1003 564 1086 614 die
1123 564 1240 616 solis
1277 566 1328 616 in
1367 575 1530 616 castro
1567 564 1894 629 Marienburg
1938 566 1989 615 in
2034 564 2250 615 stubella
2286 564 2479 615 consilii
2516 564 2705 615 domini
2739 563 2967 629 magistri
3001 564 3271 629 generalis,

393 670 432 702 a.
453 651 650 703 notario
688 652 754 701 ad
788 668 963 717 preces
989 652 1199 707 Henrici
1223 655 1286 705 de
1311 654 1522 714 Phuen,
1559 652 1784 731 magistri
1810 651 2079 717 generalis,
2116 653 2280 718 ipsum
2304 651 2564 717 diploma.
2549 670 2599 701 ιιι
2626 653 2855 703 manibus
2892 652 3109 702 tenentis
3146 668 3267 717 per-

389 739 550 790 fecto.
601 738 915 793 Describitur
957 742 1123 807 „bulla
1158 746 1340 795 aurea⁴⁴
1382 743 1432 793 in
1469 743 1568 793 fflis
1607 741 1807 791 sericeis
1837 742 1980 791 rubei
2005 758 2065 791 ac
2090 741 2260 791 viridis
2286 740 2465 791 coloris
2490 758 2732 806 appensa.
2794 740 2881 804 „In
2908 740 3045 791 cuius
3071 738 3271 805 quidem

389 827 546 879 litere
583 828 719 880 bulla
755 847 933 891 aurea,
981 840 1040 881 ut
1083 832 1412 897 premittitur,
1463 832 1788 896 subappensa
1837 830 1900 879 ab
1945 846 2048 879 uua
2096 838 2242 894 parte
2286 829 2453 895 imago
2498 830 2715 880 caesaris
2760 830 2893 879 inter
2928 828 3055 879 duos
3095 827 3271 879 leones

391 915 655 978 residens,
699 918 752 967 in
797 935 948 969 manu
995 918 1176 969 dextra
1219 928 1472 985 sceptrum
1521 928 1574 969 et
1616 919 1668 968 in
1715 919 1918 969 sinistra
1965 934 2169 983 pomum
2214 934 2361 968 cruce
2406 918 2727 983 supraposita
2780 918 2974 968 habens
3020 917 3270 985 apparuit.

391 1004 602 1055 Literae
637 1022 756 1057 vero
795 1006 1268 1058 circumferentiales
1305 1007 1421 1059 talis
1459 1016 1604 1057 erant
1639 1007 1828 1057 tenoris
1874 1016 1926 1057 et
1962 1007 2121 1072 primo
2160 1023 2304 1057 crux:
2350 1006 2408 1057 L.
2447 1016 2542 1057 etc.
2580 1025 2625 1057 v.
2665 1024 2833 1071 supra.
2894 1007 2977 1055 Ab
3014 1004 3115 1056 alia.
3152 1022 3270 1056 vero

392 1100 548 1158 parte
583 1092 745 1159 fi'gura
782 1094 1038 1146 cuiusdam
1075 1095 1290 1145 civitatis
1314 1096 1507 1145 Romae
1545 1112 1656 1145 cum
1691 1095 1910 1145 turribus
1949 1104 2001 1145 ct
2038 1093 2248 1145 diversis
2282 1095 2492 1145 moeniis
2530 1095 2843 1155 videbantur,
2882 1101 2935 1143 et
2968 1093 3019 1143 in
3057 1092 3267 1142 circum-

391 1180 616 1231 ferentia
649 1180 777 1232 tales
813 1182 990 1234 literae
1027 1182 1326 1248 legebantur
1363 1191 1414 1233 et
1449 1184 1608 1249 primo
1639 1200 1756 1233 crux
1784 1183 1995 1233 deinde:
2032 1182 2234 1233 ROMA
2260 1191 2355 1235 etc.
2380 1198 2427 1233 ν.
2452 1200 2621 1247 supra.
2674 1183 2735 1233 In
2771 1182 2912 1232 initio
2938 1198 3054 1231 vero
3090 1181 3271 1231 literae

391 1269 569 1335 imago
605 1270 864 1321 cuiusdam
899 1273 1118 1322 caesaris
1154 1282 1392 1323 coronata
1427 1280 1568 1323 stans
1607 1274 1699 1323 sub
1738 1272 1949 1322 diversis
1986 1271 2211 1337 picturis,
2249 1271 2301 1321 in
2337 1272 2540 1322 sinistra
2573 1288 2724 1321 manu
2761 1287 2961 1335 pomum
2996 1286 3143 1320 cruce
3180 1286 3268 1320 su-

390 1358 686 1424 perposita,
721 1360 774 1409 in
813 1360 989 1411 dextra
1023 1376 1142 1413 vero
1179 1361 1494 1427 manipulam
1529 1370 1582 1411 et
1617 1368 1870 1426 sceptrum
1905 1360 2105 1425 regale,
2144 1369 2263 1412 ante
2298 1377 2447 1425 quam
2483 1360 2647 1425 imago
2685 1359 2941 1411 cuiusdam
2974 1357 3145 1409 fratris
3184 1376 3267 1409 or-

393 1446 534 1497 dinis
569 1447 844 1512 supradicti
879 1464 1016 1513 genu
1050 1448 1183 1499 flexa
1219 1450 1270 1499 in
1305 1450 1537 1501 manibus
1575 1449 1835 1515 cuspidem
1871 1447 2115 1499 banderio
2152 1464 2378 1515 appenso
2414 1456 2671 1499 tenentem
2706 1448 3072 1513 apparebant&
3109 1474 3171 1483 —
3210 1445 3269 1496 In

391 1533 768 1599 Regimontano
806 1536 1007 1587 archivo
1044 1546 1367 1589 asservantur
1400 1546 1533 1589 teste
1571 1546 1744 1588 autore
1790 1536 1842 1587 in
1879 1537 1942 1587 N.
1973 1536 2032 1587 P.
2058 1536 2118 1587 P.
2144 1535 2203 1585 B.
2237 1536 2333 1587 109
2371 1535 2625 1600 complura
2661 1534 2958 1601 apographa
2993 1533 3111 1595 XX,
3152 1534 3176 1583 1
3217 1534 3269 1583 in

391 1638 709 1687 pergameno
747 1624 796 1674 d.
823 1624 871 1675 d.
897 1624 1028 1675 lenti
1063 1626 1164 1676 xvii
1199 1644 1316 1677 non.
1343 1626 1471 1687 dec„
1509 1634 1565 1675 ut
1602 1626 1710 1691 ipso
1748 1642 1810 1674 ex
1845 1624 1977 1675 male
2014 1624 2171 1675 relato
2208 1624 2317 1675 loco
2356 1632 2513 1689 patet,
2550 1624 2849 1689 pessimum;
2887 1622 3003 1688 XX,
3030 1624 3063 1673 3
3099 1631 3267 1673 trans-

392 1720 617 1761 sumtum
651 1711 702 1761 in
739 1729 1046 1779 pergameno
1085 1714 1133 1765 d.
1161 1715 1210 1765 d.
1241 1714 1378 1764 1393
1415 1714 1588 1780 aprilis
1625 1712 1694 1762 28
1729 1712 2087 1778 Matienburg;
2134 1712 2251 1772 XX,
2288 1713 2325 1761 4
2370 1721 2422 1762 et
2466 1713 2628 1778 ipsum
2666 1720 3022 1762 transsumtum
3058 1712 3110 1761 in
3147 1728 3267 1778 per-

391 1815 616 1864 gameno
653 1800 703 1851 d.
730 1800 780 1851 d.
809 1801 940 1851 1421
980 1819 1096 1854 nov.
1122 1804 1155 1852 5
1193 1802 1546 1866 Schoenberg,
1595 1818 1804 1865 quorum
1839 1800 2083 1851 lectiones
2118 1801 2283 1851 varias
2320 1801 2544 1851 invenies
2581 1800 2647 1852 ad
2684 1800 2873 1851 calcem
2906 1808 3075 1851 textus
3111 1799 3267 1865 origi-

387 1887 530 1939 nalis
565 1888 632 1939 N.
653 1888 714 1940 P.
741 1889 799 1940 P.
824 1888 886 1939 B.
949 1889 1048 1939 Hic
1093 1906 1180 1940 eas
1230 1889 1532 1941 omittendas
1577 1890 1823 1940 duximus.
1889 1891 1962 1939 At
2000 1906 2247 1955 nusquam
2292 1889 2344 1939 in
2393 1888 2701 1954 apographis
2744 1888 2848 1953 legi
2894 1889 2947 1939 id
2994 1888 3129 1953 quod
3164 1886 3270 1939 vult

390 1975 559 2041 Voigt
594 1977 657 2027 G.
682 1976 740 2027 P.
766 1977 857 2038 IV,
894 1978 999 2028 559
1035 1986 1139 2030 not.
1171 1979 1217 2039 1,
1255 1996 1346 2045 pro
1382 1978 1528 2029 dato:
1571 1978 1802 2041 „Monaci
1837 1978 1938 2027 xvii
1968 1994 2083 2028 non.
2111 1978 2361 2029 decembr.
2388 1975 2468 2027 vel
2500 1976 2630 2027 feria
2664 1986 2808 2028 sexta
2844 1986 2963 2027 ante
2987 1976 3141 2027 Lucis
3165 1976 3265 2027 vir-

391 2063 562 2131 ginis“
605 2064 880 2115 affirmatur
916 2065 1119 2116 ibidem.
1337 2068 1382 2117 l.
1420 2066 1492 2117 sic
1529 2083 1643 2132 pro:
1680 2066 1862 2133 fulgor.
2077 2066 2128 2115 2.
2166 2065 2239 2115 sic
2272 2083 2391 2131 pro:
2431 2064 2661 2130 figentes.
2874 2065 2925 2115 3.
2962 2064 2995 2115 l.
3027 2063 3267 2131 specula?

393 2152 451 2203 4.
487 2150 522 2203 l.
555 2160 606 2202 et
643 2152 712 2202 ad
747 2170 791 2204 e.
817 2152 852 2204 f.
878 2171 923 2203 a.
951 2170 1000 2218 g.
1027 2153 1060 2205 l.
1083 2170 1135 2219 p.
1161 2154 1418 2204 excitetur.
1568 2155 1617 2204 5.
1656 2154 1727 2203 sic
1762 2171 1880 2218 pro:
1919 2154 2094 2204 Israel.
2240 2153 2288 2203 6.
2326 2154 2399 2204 sic
2434 2171 2551 2219 pro:
2588 2152 2863 2205 beneficiis,
3006 2150 3057 2203 7.
3092 2152 3127 2202 l.
3152 2151 3265 2217 pla-

392 2240 544 2292 citos.
729 2241 780 2292 8.
816 2241 850 2292 l.
885 2241 1105 2293 fidelem.
1295 2242 1346 2293 9.
1382 2241 1416 2293 1.
1451 2242 1594 2294 sicut.
1779 2241 1859 2292 10.
1905 2258 2045 2292 error
2081 2258 2173 2307 pro
2208 2242 2483 2302 kalendas-13
2530 2259 2649 2292 nam
2684 2258 2797 2294 nov.
2828 2241 2891 2291 15
2928 2241 2979 2291 in
3017 2240 3086 2291 23
3122 2240 3268 2307 regni

391 2344 587 2381 annum
621 2345 780 2394 usque
817 2329 883 2380 ad
919 2346 1034 2382 nov.
1059 2329 1127 2381 25
1165 2339 1448 2381 currentem
1481 2330 1674 2381 incidit.

2021 2440 2155 2449 m...

396 2496 496 2567 21
513 2497 580 2567 1.
622 2500 808 2565 1337
854 2502 982 2565 dec.
1013 2501 1059 2565 7
1105 2502 1384 2565 Monaci.
1453 2502 1835 2566 [ludowicus
1879 2504 2231 2587 insperator
2262 2504 2489 2565 iterum
2532 2504 2781 2567 investit
2819 2500 3269 2566 Theodericum

622 2609 700 2671 de
742 2608 1138 2693 Aldenburq,
1190 2610 1432 2673 ordinis
1487 2608 1856 2673 Theutonioi
1893 2608 2248 2694 qenerolem
2290 2610 2663 2694 mayistrum
2706 2610 2784 2673 de
2825 2608 3154 2673 [simonia.

617 2729 993 2797 Ludowicus
1025 2735 1140 2798 etc.
1189 2730 1562 2813 (concordat
1584 2733 1736 2818 fere
1779 2755 1920 2797 cum
1961 2734 2364 2819 praecedenti
2390 2731 2617 2819 usque)
2664 2729 3011 2816 amplexus·
3082 2729 3267 2814 speie,

389 2835 692 2902 videlicet
733 2837 1016 2923 predicto
1049 2837 1453 2921 Theoderico,
1499 2836 1814 2921 burgrafio
1848 2837 1925 2903 de
1954 2837 2343 2922 Aldenburg‚
2390 2840 2695 2921 magistro
2727 2837 3005 2921 generali
3043 2841 3107 2903 et
3138 2835 3269 2901 suis

391 2943 860 3010 successoribus
895 2963 968 3009 ac
995 2944 1296 3010 fratribus
1326 2964 1572 3011 necnon
1603 2946 1724 3010 toti
1755 2945 1963 3010 ordini
1992 2945 2214 3011 domus
2239 2945 2621 3011 Theutonice
2666 2946 2911 3030 prefato
2941 2944 3009 3008 in
3043 2962 3269 3029 perpe—

391 3056 577 3115 tuum
609 3050 688 3115 ad
717 3050 968 3116 laudem
1011 3056 1075 3117 et
1103 3051 1370 3133 gloriam
1402 3052 1852 3137 omnipotentis
1885 3052 1988 3117 dei
2034 3057 2097 3117 et
2129 3052 2490 3117 beatissime
2520 3051 2781 3134 virginis
2814 3050 3013 3117 Marie
3045 3050 3267 3115 matris

391 3178 509 3223 sue
553 3156 824 3241 gloriose
867 3162 1105 3224 terram
1133 3154 1482 3223 infidelium
1510 3156 1947 3241 Litwinorum‚
1994 3158 2196 3223 crucis
2227 3157 2465 3224 Christi
2507 3158 2928 3241 inimicorum,
2975 3156 3267 3223 videlicet

391 3263 799 3348 Onchsteten‚
849 3263 1210 3350 Samayten‚
1258 3262 1541 3347 Karsow‚
1587 3264 1876 3330 Ruezzen
1909 3248 2271 3357 ceterasque
2316 3268 2531 3349 partes
2577 3264 3033 3350 prenominatis
3076 3262 3265 3328 terris

391 3367 783 3438 adiacentes¹
825 3392 968 3437 cum
1014 3371 1304 3437 omnibus
1349 3372 1480 3436 suis
1526 3371 1930 3455 pertinenciis
1974 3376 2041 3436 et
2081 3370 2369 3456 partibus
2405 3371 2828 3455 cuiuscunque
2868 3364 3263 3456 ydiomatis²‚

389 3484 588 3566 prout
640 3498 808 3544 nune
864 3484 1012 3544 sunt
1054 3477 1156 3543 vel
1211 3477 1290 3543 ad
1337 3496 1797 3561 quamcumque
1838 3478 2109 3543 formam
2162 3498 2275 3543 seu
2320 3482 2555 3544 statum
2598 3476 2747 3543 fidei
2792 3476 3264 3558 declinaverint,

391 3586 475 3651 de
517 3585 833 3671 imperiali
877 3585 1169 3651 libertate
1213 3584 1456 3665 damus,
1503 3583 1809 3649 donamus
1857 3602 2013 3669 pure
2060 3589 2124 3650 et
2168 3584 2666 3650 irrevocabiliter
2709 3586 2847 3651 iure
2892 3584 3151 3670 proprio
3194 3584 3263 3647 in

388 3697 771 3779 perpetuum
813 3712 932 3778 pro
979 3712 1047 3757 se
1093 3697 1157 3757 et
1199 3691 1330 3755 suis
1375 3690 1837 3757 successoribus
1882 3691 2333 3777 recipientibus
2366 3692 2599 3757 dictam
2635 3696 2871 3757 terram
2902 3690 3264 3773 dictumque

387 3800 655 3865 fratrem
703 3798 1185 3881 Theodericum,
1243 3796 1626 3880 burgrafium
1675 3798 1752 3862 de
1798 3796 2197 3881 Aldenburg,
2250 3797 2498 3865 felicem
2548 3804 2837 3863 nostrum
2895 3802 2959 3863 et
3012 3796 3263 3881 imperii

388 3906 770 3992 principem,
815 3906 1071 3971 nomine
1101 3904 1255 3970 dicti
1285 3904 1448 3970 sacri
1484 3904 1724 3973 ordinis
1765 3906 2139 3971 investimus
2172 3905 2249 3971 de
2280 3905 2519 3971 eisdem
2564 3924 2707 3971 cum
2754 3904 3264 3971 aministracione

389 4012 838 4098 temporalium
885 4017 951 4078 et
991 4012 1426 4077 iurisdictione
1471 4012 1747 4078 eiusdem
1797 4012 2083 4097 plenaria
2126 4012 2539 4098 principatus.
2611 4012 2681 4077 In
2724 4012 2902 4077 cuius
2945 4011 3041 4076 rei
3084 4010 3265 4075 testi-

389 4120 676 4185 monium
732 4124 1058 4204 presentes
1115 4118 1424 4185 conscribi
1483 4125 1546 4185 et
1601 4124 1816 4185 nostre
1873 4118 2221 4184 maiestatis
2268 4117 2475 4201 sigillo
2520 4118 2819 4185 iussimus
2864 4117 3260 4184 communiri.

389 4225 630 4292 Datum
661 4224 910 4292 Monaci
953 4226 1114 4292 feria
1159 4230 1340 4291 sexta
1385 4230 1531 4292 ante
1559 4224 1752 4291 Lucie
1787 4226 2051 4309 virginis
2096 4226 2390 4311 proxima
2434 4245 2597 4290 anno
2644 4226 2884 4290 domini
2927 4224 3262 4290 millesimo

387 4332 834 4399 trecentesimo
879 4332 1197 4399 tricesimo
1244 4333 1512 4418 septimo
1557 4334 1739 4415 regni
1781 4334 1986 4398 nostri
2031 4351 2194 4398 anno
2225 4332 2523 4398 vicesimo
2560 4338 2782 4417 quarto
2828 4331 3082 4417 imperii
3114 4350 3261 4396 vero

375 4441 657 4507 decim0.
1037 4484 1046 4491 .

606 4544 725 4595 'l'ria
759 4552 1064 4595 transsumta
1108 4544 1160 4594 in
1195 4544 1564 4609 Regimontano
1601 4545 1801 4595 archivo
1837 4552 2097 4595 asservata
2133 4544 2349 4595 citantur
2384 4544 2449 4596 N.
2474 4544 2532 4595 P.
2557 4543 2617 4594 P.
2643 4543 2703 4593 Β.
2738 4540 2773 4593 l.
2800 4559 2843 4595 c.
2873 4544 2989 4595 110.
3055 4542 3173 4605 XX,
3210 4542 3263 4594 2.

387 4634 444 4685 5.
469 4632 504 4683 6
539 4632 590 4684 d.
617 4634 666 4683 d.
691 4632 826 4683 1393
864 4631 1007 4697 april.
1028 4631 1098 4683 28
1121 4632 1452 4700 Matienburg
1485 4642 1538 4684 et
1574 4634 1623 4684 d.
1650 4633 1699 4684 d.
1723 4632 1859 4683 1508
1889 4632 2017 4683 febr.
2039 4632 2108 4683 28
2136 4632 2427 4699 Nssrnberg.
2481 4632 2620 4683 Nihil
2654 4632 2739 4684 hic
2774 4633 2839 4682 de
2862 4632 3111 4683 Bavariae
3136 4632 3263 4683 duce

389 4720 474 4773 vel
510 4722 574 4771 de
599 4729 762 4772 castro
787 4720 1050 4771 Bavariae.
1105 4720 1344 4772 Refertur
1378 4722 1429 4771 in
1466 4720 1530 4772 N.
1557 4721 1615 4771 P.
1642 4722 1700 4772 P.
1725 4720 1784 4773 B.
1810 4721 1845 4771 l.
1873 4738 1914 4772 c.
1946 4721 2047 4772 110
2084 4722 2407 4774 annotatione
2443 4721 2633 4773 nullum
2668 4730 3084 4773 transsumtorum
3108 4720 3260 4771 chro-

387 4809 674 4875 nologicam
706 4817 876 4860 notam
905 4808 1113 4871 habere,
1149 4809 1347 4876 qualem
1383 4810 1595 4875 praebet
1621 4810 1774 4876 Voigt
1811 4810 1874 4861 G.
1898 4810 1983 4861 Pr.
2010 4810 2084 4860 IV
2110 4810 2213 4860 359
2251 4818 2353 4861 not.
2386 4810 2431 4861 1.
2489 4808 2719 4874 „Monaci
2742 4810 2842 4861 xvii
2864 4827 2982 4861 non.
3010 4808 3261 4859 decembr.

387 4897 474 4948 vel
510 4897 637 4948 feria
673 4906 817 4948 sexta
851 4907 968 4948 ante
1004 4897 1158 4948 Lucie
1194 4898 1451 4963 virginis“.
1518 4898 1728 4950 Textum
1765 4916 1794 4950 e
1831 4898 1864 4950 l.
1891 4915 1934 4950 c.
1967 4898 2065 4949 112
2102 4898 2416 4949 mutavimus.
2636 4897 2681 4949 1.
2727 4899 2799 4949 sic
2832 4898 3105 4964 legendum
3141 4915 3261 4964 pro:

390 4986 758 5039 adiacentibus.
925 4984 974 5037 2.
1011 4986 1316 5053 ydoneitatis
1351 4984 1386 5037 1.
1412 5002 1456 5037 c.
