3892 5609
1357 309 1746 359 parvane-u
1791 308 2181 359 GnnnRAmA
3048 298 3090 370 3
3105 298 3140 369 1
3158 298 3194 369 1

333 468 620 537 caritatis
666 474 812 537 sunt
857 475 922 537 et
964 469 1415 556 hospitalitatis
1461 471 1760 554 obsequio
1807 450 2111 556 deputati.
2188 468 2349 537 Cum
2395 470 2590 553 igitur
2633 489 2895 557 pueros,
2956 470 3065 555 'qui
3120 470 3201 535 ad

335 578 598 643 ianuam
643 582 916 643 vestram
978 574 1214 643 alendi¹
1271 577 1484 663 sepius
1543 578 1953 664 deportantur
2010 577 2109 644 vel
2162 578 2227 643 in
2300 582 2509 644 vestra
2564 574 2783 644 domo²
2839 582 3202 660 naseuntur,

331 683 662 769 contingat
726 678 996 771 pluries⁸
1055 684 1191 749 sine
1244 684 1644 770 baptismatis
1711 688 2105 752 sacramento
2164 683 2464 751 decedere
2478 732 2497 767 ‚
2566 704 2681 751 nos
2736 686 2964 751 vestris
3018 685 3203 751 iustis

333 789 866 879 postulationibus
910 789 1196 857 inclinati
1242 810 1318 857 ac
1362 794 1537 857 tante
1593 791 2093 858 incommoditati
2150 790 2637 858 misericorditer
2652 789 2675 819 ⁴
2717 792 3049 878 providere
3094 812 3204 859 vo-

337 898 542 966 lentes
584 897 968 984 presentium
1014 897 1194 963 vobis
1241 897 1611 965 auctoritate
1657 899 2075 983 concedimus,
2123 903 2194 964 ut
2236 897 2424 964 liceat
2465 898 2643 965 vobis
2688 917 2937 984 pueros,
2986 899 3093 983 qui
3125 898 3206 964 ad

339 1006 565 1073 ianuas
611 1003 832 1071 domus
877 1010 1086 1071 vestre
1129 1005 1546 1090 proficiuntur
1593 1003 1802 1071 alendi
1847 1025 1959 1071 seu
2001 1004 2237 1071 ibidem
2281 1010 2643 1089 naseuntur,
2690 1023 2882 1072 causa
2932 1005 3203 1072 necessi-

339 1112 516 1196 tatis,
571 1111 708 1177 sine
753 1110 1014 1179 alicuius
1059 1112 1428 1197 preiudici0‚
1484 1113 1553 1178 in
1596 1111 1767 1199 pelvi
1811 1112 1914 1178 vel
1958 1109 2081 1177 alio
2126 1132 2274 1177 vase
2318 1112 2562 1179 modico
2609 1111 2954 1199 baptizare.
3029 1111 3205 1179 Nulli

343 1238 494 1303 ergo
552 1218 804 1285 omnino
869 1218 1194 1285 hominum
1258 1220 1448 1287 liceat
1514 1219 1676 1287 hanc
1738 1219 2039 1305 paginam
2104 1224 2317 1285 nostre
2379 1220 2796 1287 concessionis
2863 1219 3205 1303 infringere

339 1324 448 1392 vel
489 1326 550 1392 ei
595 1346 750 1393 ausu
793 1326 1130 1394 temerario
1176 1328 1504 1395 contraire.
1576 1325 1646 1392 Si
1698 1326 1838 1411 quis
1880 1331 2090 1393 autem
2146 1325 2264 1393 hoc
2308 1330 2682 1413 attemptare
2728 1327 3205 1413 presumpserit,

339 1432 838 1517 indignationem
871 1434 1318 1520 omnipotentis
1361 1434 1464 1501 dei
1506 1438 1570 1501 et
1598 1434 1921 1500 beatorum
1951 1431 2123 1523 Petri
2170 1438 2233 1499 et
2274 1432 2456 1499 Pauli
2503 1433 2927 1520 apostolorum
2974 1434 3107 1500 eius
3138 1453 3206 1501 se
3323 1518 3329 1529 Δ

343 1540 592 1607 noverit
632 1540 1050 1608 incursurum.
1119 1539 1356 1608 Datum
1385 1539 1683 1609 Laterani
1726 1560 1873 1607 non.
1915 1539 2215 1607 februarii
2256 1539 2652 1626 pontificatus
2696 1541 2899 1607 nostri
2940 1560 3101 1607 anno
3142 1562 3205 1607 v.

557 1680 678 1731 Sine
714 1682 859 1733 dato:
905 1681 972 1744 Π,
1003 1681 1097 1733 101
1111 1699 1158 1734 v.
1194 1699 1246 1734 ιι.
1271 1681 1367 1742 4ος
1412 1682 1477 1733 A.
1502 1681 1573 1733 20
1607 1700 1658 1733 n.
1682 1681 1752 1734 38
1787 1680 1969 1733 Latine
2005 1690 2059 1732 et
2094 1681 2406 1733 Germanice.
2458 1680 2523 1733 D.
2548 1682 2619 1733 39
2631 1700 2648 1743 ς
2690 1682 2757 1733 R.
2782 1681 2851 1734 75
2897 1682 3029 1733 inter
3062 1681 3203 1733 Mer-

343 1768 728 1835 genthemensia
761 1788 812 1821 n.
836 1769 906 1821 26
943 1768 1110 1837 (male.
1157 1770 1269 1821 Etsi
1293 1769 1638 1837 diversorum).
1661 1803 1733 1813 —
1771 1770 1896 1822 Cum
1920 1770 2066 1821 dato:
2103 1769 2342 1821 Laterani
2374 1787 2491 1821 non.
2516 1769 2644 1821 febr.
2668 1788 2721 1837 p.
2746 1790 2793 1821 a.
2820 1772 2869 1823 6.
2922 1769 3013 1831 IV,
3045 1770 3145 1820 188
3157 1786 3205 1823 v.

343 1874 397 1909 n.
422 1854 508 1908 20.
560 1857 670 1908 Ioh.
694 1858 758 1909 31
811 1859 898 1910 Or.
937 1859 1188 1923 quondam
1221 1858 1694 1925 Mergenthemense
1741 1876 1854 1910 cum
1898 1858 2037 1909 bulla
2082 1858 2134 1908 in
2180 1857 2277 1907 filis
2321 1858 2521 1919 sericeis
2558 1860 2881 1924 appendente
2916 1859 2969 1909 in
3006 1858 3207 1911 archivo

345 1945 534 1997 ordinis
560 1945 869 1998 Thentonici.
911 1942 1042 1998 Edd.
1065 1948 1330 1999 Caorsinus
1358 1948 1440 2009 C.;
1466 1947 1660 1998 Senner
1682 1948 1742 1998 E.
1761 1964 1808 1998 v.
1829 1976 1892 1985 —
1923 1947 2046 1997 Cum
2070 1947 2214 1998 dato:
2250 1922 2488 1997 Laterani
2515 1964 2633 1999 non.
2650 1946 2777 2015 febr.
2802 1964 2854 2013 p.
2874 1966 2919 1998 a.
2944 1946 2979 1997 6
3004 1946 3209 2013 (forsan

345 2050 442 2101 per
475 2050 694 2087 onorem
727 2036 1100 2104 typographit)
1138 2036 1220 2089 ed.
1243 2036 1472 2089 Duellius
1509 2054 1628 2104 app.
1653 2034 1686 2087 ¹7
1721 2054 1772 2087 n.
1799 2035 1850 2087 6.
1879 2066 1969 2082 -.
1995 2036 2119 2087 Cum
2154 2035 2299 2086 dato:
2335 2034 2575 2087 Laterani
2606 2036 2675 2087 id.
2702 2035 2915 2087 ianuarii
2948 2051 2999 2101 p.
3023 2052 3074 2086 n.
3101 2054 3148 2087 a.
3172 2034 3205 2087 ¹7

344 2123 411 2174 A.
440 2122 505 2173 16
540 2141 592 2190 p.
617 2123 688 2175 39
729 2122 980 2189 ι,Βιιι·ιι11“.
1197 2125 1243 2177 1.
1289 2124 1459 2177 alendi
1493 2142 1646 2177 causa
1679 2125 1743 2175 A.
1775 2124 1855 2178 16.
2069 2124 2120 2175 2.
2167 2123 2215 2175 d.
2254 2141 2302 2176 v.
2339 2124 2404 2175 A.
2434 2123 2515 2177 16.
2728 2124 2779 2175 3.
2823 2123 2994 2191 plures
3030 2126 3095 2176 A.
3126 2123 3205 2177 16.

345 2210 399 2262 4.
435 2210 583 2263 deest
614 2211 680 2263 A.
711 2210 791 2265 16.

349 2458 528 2531 351.
570 2463 744 2530 1221
773 2462 1106 2549 februarii
1146 2465 1190 2529 5
1244 2464 1568 2530 Laterani.
1650 2462 1979 2529 Honorius
2020 2464 2145 2530 III
2186 2476 2353 2531 vetat
2406 2466 2621 2529 ordini
2669 2461 3047 2529 Theutonieo
3102 2486 3208 2530 ea-

462 2648 468 2653 ,
570 2573 842 2637 actiones
881 2594 1004 2657 pro
1047 2592 1392 2654 murorum,
1437 2574 1746 2659 pontium,
1793 2571 2109 2637 vallorum
2152 2574 2571 2659 reparatione,
2622 2575 2897 2653 caeteris,
2945 2574 3206 2658 imponi.

567 2711 883 2779 Honorius
929 2712 1261 2800 episcopus
1306 2734 1521 2779 servus
1567 2733 1890 2780 servorum
1936 2712 2039 2779 dei
2084 2712 2327 2779 dilectis
2356 2706 2502 2778 filiis
2550 2762 2567 2779 .
2590 2763 2606 2778 .
2654 2714 2955 2797 magistro
2989 2719 3053 2780 et
3079 2713 3207 2780 fra-

345 2818 549 2885 tribus
592 2819 920 2906 hospitalis
965 2826 1180 2886 sancte
1209 2819 1408 2888 Marie
1439 2816 1963 2897 Theutonicorum
1995 2818 2476 2887 Ierosolimitani
2522 2820 2785 2887 salutem
2818 2827 2883 2887 et
2911 2819 3210 2906 apostoli-

345 2945 487 2993 cam
532 2922 1046 2994 benedictionem.
1273 2926 1460 2994 Iustis
1489 2928 1840 3014 petentium
1870 2926 2197 2994 desideriis
2228 2926 2485 3011 dignum
2517 2933 2613 2995 est
2640 2948 2755 2993 nos
2784 2927 3035 2994 facilem
3064 2948 3209 3014 pre-

346 3032 496 3102 bere
527 3053 891 3103 consensum
927 3041 990 3103 et
1012 3040 1177 3121 vota,
1202 3054 1323 3121 que
1355 3055 1393 3102 a
1421 3035 1683 3101 rationis
1717 3035 1970 3101 tramite
1992 3054 2120 3101 non
2143 3034 2522 3117 discordant,
2550 3033 2771 3101 effectu
2794 3041 3209 3121 prosequente

347 3141 681 3229 complere.
749 3140 1130 3237 Eapropter2
1173 3141 1384 3208 dilecti
1430 3143 1496 3208 in
1528 3142 1782 3209 domino
1813 3141 1950 3227 filii,
1997 3141 2225 3209 vestris
2257 3142 2440 3207 iustis
2471 3142 2999 3228 postulationibus
3028 3148 3208 3225 grato

347 3254 786 3317 concurrentes
817 3270 1075 3317 assensu
1105 3248 1476 3316 auctoritate
1504 3250 1683 3318 vobis
1714 3251 2111 3337 presencium
2141 3250 2434 3315 duximus
2464 3248 2934 3333 indulgendum,
2957 3270 3039 3315 ne
3069 3250 3209 3335 quis

347 3356 526 3425 vobis
573 3362 683 3423 aut
727 3358 1006 3425 ecclesiis
1053 3358 1280 3423 vestris
1325 3376 1441 3443 pro
1489 3358 1886 3444 reparatione
1927 3378 2272 3441 murorum,
2313 3356 2603 3443 pontium
2631 3357 2731 3423 vel
2760 3356 3065 3453 vallorum
3098 3376 3209 3431 seu
3294 3384 3303 3401 ¹

347 3484 464 3551 pro
511 3463 892 3551 quibuslibet
935 3462 1202 3550 publicis
1263 3464 1686 3533 functionibus
1733 3465 1975 3551 aliquas
2023 3465 2380 3532 exactiones
2427 3464 2730 3551 imponat.
2800 3464 2971 3531 Nulli
3014 3464 3211 3549 igitur

345 3572 535 3639 liceat
579 3572 708 3638 vim
754 3577 818 3638 et
887 3570 1242 3638 libertatem
1289 3593 1503 3640 eorum
1517 3570 1554 3657 ¹,
1617 3594 1736 3658 que
1787 3573 1965 3641 vobis
2026 3578 2089 3639 et
2142 3571 2357 3639 domui
2400 3576 2609 3639 vestre
2663 3571 3037 3638 indulsimus
3094 3592 3209 3659 per

345 3678 592 3746 litteras
637 3678 879 3764 aliquas
925 3677 1169 3745 auferre
1213 3678 1314 3747 vel
1358 3680 1710 3748 temeritate
1756 3679 1969 3765 aliqua
2012 3699 2298 3745 vacuare.
2366 3676 2542 3745 Nulli
2586 3698 2733 3763 ergo
2780 3679 3033 3747 omnino
3088 3684 3203 3745 etc.
3220 3744 3235 3765 ,

348 3786 420 3854 Si
449 3784 590 3872 quis
620 3789 830 3853 autem
861 3790 978 3853 etc.
1024 3785 1262 3853 Datum
1281 3785 1581 3855 Laterani
1611 3808 1754 3855 non.
1780 3788 2104 3872 februarii,
2128 3784 2527 3873 pontificatus
2551 3788 2753 3853 nostri
2774 3796 2937 3853 anno
2965 3788 3203 3871 quinto.

558 3928 680 3980 Sine
703 3928 848 3979 dato:
884 3926 952 3990 11,
978 3928 1076 3979 103
1088 3944 1134 3979 v.
1171 3946 1221 3979 n.
1242 3928 1338 3989 493
1375 3928 1438 3980 A.
1459 3928 1530 3979 20
1557 3948 1614 3981 ιι.
1634 3928 1702 3980 47
1741 3929 1922 3981 Latine
1960 3936 2014 3980 et
2036 3928 2351 3979 Germanice.
2381 3958 2441 3965 —
2484 3928 2607 3978 Cum
2631 3928 2775 3980 dato:
2814 3928 3071 3994 originale
3096 3944 3209 3979 eum

348 4016 486 4069 bulla
525 4016 579 4067 in
613 4016 712 4068 filis
748 4016 949 4068 sericeis
986 4017 1338 4083 appendente,
1385 4018 1520 4083 quod
1554 4018 1806 4085 quondam
1841 4018 1938 4069 fuit
1974 4016 2317 4077 confluentiae
2330 4055 2346 4079 ,
2393 4017 2446 4067 in
2482 4016 2683 4069 archivo
2718 4016 2905 4069 ordinis
2941 4016 3205 4069 Vindobo-

347 4106 493 4159 nensi
517 4106 826 4169 adservatur,
861 4106 996 4157 unde
1021 4106 1180 4157 edidit
1201 4104 1410 4158 Hennes
1434 4106 1476 4169 Ι,
1501 4104 1568 4158 57
1607 4125 1656 4159 ιι.
1679 4108 1767 4161 53.
1803 4108 1884 4191 .A⁰
1917 4106 1981 4158 16
2016 4124 2068 4174 p.
2092 4105 2161 4157 85
2193 4104 2586 4171 „Confluentie“.
2780 4104 2825 4156 1.
2862 4104 2897 4157 l.
2922 4105 2999 4157 ius
3025 4114 3077 4157 et
3098 4104 3133 4157 l.
3160 4123 3205 4157 e.

348 4212 397 4262 q.
421 4194 489 4259 11,
525 4194 560 4247 l.
583 4195 662 4247 ius
687 4194 795 4248 etl.
813 4212 861 4262 q.
887 4196 950 4247 A.
970 4194 1055 4247 20.

354 4389 530 4463 352.
572 4394 743 4461 1221
771 4394 1102 4479 februarii
1127 4395 1171 4460 5
1214 4394 1540 4459 Laterani.
1579 4354 1582 4361 Ι
1611 4392 1934 4459 Honorius
1967 4393 2091 4458 III
2126 4388 2404 4459 conclaue
2449 4394 2665 4459 ordini
2698 4390 3075 4460 Theutonico
3106 4397 3205 4460 ias

573 4502 942 4589 appellandi
985 4503 1072 4567 ad
1113 4502 1318 4582 sedem
1361 4500 1790 4588 apostolicam,
1841 4501 2173 4567 dummodo
2222 4512 2279 4565 et
2311 4522 2505 4574 causa
2532 4502 2799 4586 recipiat
2828 4502 3205 4589 appellatio-

571 4632 710 4675 nem
752 4631 864 4673 nec
906 4609 1268 4674 huiusmodi
1307 4610 1650 4674 remedium
1691 4611 1822 4673 iam
1867 4610 2296 4674 commissione
2321 4607 2535 4692 fuerit
2578 4610 2961 4694 deoteyatum.

569 4750 884 4819 Honorius
941 4750 1270 4837 episcopus
1327 4771 1546 4817 servus
1601 4771 1924 4817 servorum
1982 4750 2082 4817 dei
2139 4750 2381 4818 dilectis
2434 4749 2579 4817 filiis
2624 4751 2926 4834 magistro
2974 4756 3037 4817 et
3081 4748 3206 4819 fra-

349 4860 550 4928 tribus
605 4859 936 4947 hospitalis
993 4863 1206 4925 sancte
1259 4856 1457 4925 Marie
1502 4858 2027 4925 Theutonicorum
2072 4857 2556 4926 Ierosolimitani
2611 4857 2877 4925 salutem
2938 4864 3004 4925 et
3058 4878 3207 4945 apo-

351 4967 636 5036 stolicam
681 4966 1196 5035 benedictionem.
1466 4964 1762 5033 Pervenit
1807 4964 1886 5033 ad
1915 4985 2051 5051 noe,
2084 4965 2250 5052 quod
2278 4965 2349 5033 in
2378 4966 2605 5052 causis,
2654 4979 2808 5053 quas
2848 4966 2960 5035 alii
2990 4971 3209 5037 contra
