<?xml version="1.0" encoding="UTF-8"?>
<!DOCTYPE html PUBLIC "-//W3C//DTD XHTML 1.0 Transitional//EN"
    "http://www.w3.org/TR/xhtml1/DTD/xhtml1-transitional.dtd">
<html xmlns="http://www.w3.org/1999/xhtml" xml:lang="en" lang="en">
 <head>
  <title>
</title>
<meta http-equiv="Content-Type" content="text/html;charset=utf-8" />
  <meta name='ocr-system' content='tesseract 3.04.00' />
  <meta name='ocr-capabilities' content='ocr_page ocr_carea ocr_par ocr_line ocrx_word'/>
</head>
<body>
  <div class='ocr_page' id='page_1' title='image "./tabulaeordinist00stregoog_0251.png"; bbox 0 0 3892 5609; ppageno 0'>
   <div class='ocr_carea' id='block_1_1' title="bbox 1641 301 3209 417">
    <p class='ocr_par' dir='ltr' id='par_1_1' title="bbox 1641 301 3209 417">
     <span class='ocr_line' id='line_1_1' title="bbox 1641 301 3209 417; baseline 0.008 -15"><span class='ocrx_word' id='word_1_1' title='bbox 1641 301 1921 403; x_wconf 73' lang='lat' dir='ltr'>mom</span> <span class='ocrx_word' id='word_1_2' title='bbox 3057 342 3209 417; x_wconf 82' lang='lat'>235</span> 
     </span>
    </p>
   </div>
   <div class='ocr_carea' id='block_1_2' title="bbox 344 510 3217 2229">
    <p class='ocr_par' dir='ltr' id='par_1_2' title="bbox 349 510 3214 604">
     <span class='ocr_line' id='line_1_2' title="bbox 349 510 3214 604; baseline -0 -20"><span class='ocrx_word' id='word_1_3' title='bbox 349 512 530 584; x_wconf 81' lang='grc'>249.</span> <span class='ocrx_word' id='word_1_4' title='bbox 572 514 750 581; x_wconf 89' lang='grc'><em>1254</em></span> <span class='ocrx_word' id='word_1_5' title='bbox 795 510 977 603; x_wconf 72' lang='lat' dir='ltr'>(cept.</span> <span class='ocrx_word' id='word_1_6' title='bbox 1011 513 1132 596; x_wconf 89' lang='lat'>13)</span> <span class='ocrx_word' id='word_1_7' title='bbox 1175 517 1249 579; x_wconf 83' lang='lat' dir='ltr'>in</span> <span class='ocrx_word' id='word_1_8' title='bbox 1277 512 1505 601; x_wconf 70' lang='lat' dir='ltr'>viyilia</span> <span class='ocrx_word' id='word_1_9' title='bbox 1551 514 1949 582; x_wconf 63' lang='lat' dir='ltr'>exaltationis</span> <span class='ocrx_word' id='word_1_10' title='bbox 1993 530 2205 585; x_wconf 71' lang='lat' dir='ltr'>sancte</span> <span class='ocrx_word' id='word_1_11' title='bbox 2234 520 2435 583; x_wconf 69' lang='lat' dir='ltr'>moia</span> <span class='ocrx_word' id='word_1_12' title='bbox 2465 518 2723 583; x_wconf 74' lang='lat' dir='ltr'>Bohem.</span> <span class='ocrx_word' id='word_1_13' title='bbox 2791 515 3089 604; x_wconf 78' lang='lat' dir='ltr'>P(oppo)</span> <span class='ocrx_word' id='word_1_14' title='bbox 3136 518 3214 583; x_wconf 84' lang='lat' dir='ltr'>de</span> 
     </span>
    </p>

    <p class='ocr_par' dir='ltr' id='par_1_3' title="bbox 379 622 3215 1119">
     <span class='ocr_line' id='line_1_3' title="bbox 379 622 3210 712; baseline 0 -24"><span class='ocrx_word' id='word_1_15' title='bbox 379 634 386 644; x_wconf 92' lang='grc'><em>“</em></span> <span class='ocrx_word' id='word_1_16' title='bbox 577 622 941 704; x_wconf 65' lang='lat' dir='ltr'>Oeten-nach,</span> <span class='ocrx_word' id='word_1_17' title='bbox 989 622 1318 709; x_wconf 73' lang='lat' dir='ltr'>hospitalis</span> <span class='ocrx_word' id='word_1_18' title='bbox 1363 645 1414 686; x_wconf 80' lang='grc' dir='ltr'>ε.</span> <span class='ocrx_word' id='word_1_19' title='bbox 1447 622 1700 688; x_wconf 79' lang='lat' dir='ltr'>Mariae</span> <span class='ocrx_word' id='word_1_20' title='bbox 1738 622 2261 691; x_wconf 74' lang='lat' dir='ltr'>Theutonicorum</span> <span class='ocrx_word' id='word_1_21' title='bbox 2303 625 2645 691; x_wconf 77' lang='lat' dir='ltr'>Ierusalem</span> <span class='ocrx_word' id='word_1_22' title='bbox 2688 628 2985 712; x_wconf 57' lang='grc' dir='ltr'>παρίετο-ν</span> <span class='ocrx_word' id='word_1_23' title='bbox 3023 647 3210 711; x_wconf 70' lang='lat' dir='ltr'>qene-</span> 
     </span>
     <span class='ocr_line' id='line_1_4' title="bbox 570 724 3215 825; baseline 0.001 -30"><span class='ocrx_word' id='word_1_24' title='bbox 570 731 729 796; x_wconf 76' lang='lat' dir='ltr'>ralis</span> <span class='ocrx_word' id='word_1_25' title='bbox 741 779 762 812; x_wconf 90' lang='lat'>,</span> <span class='ocrx_word' id='word_1_26' title='bbox 823 730 1193 796; x_wconf 68' lang='lat' dir='ltr'>Isivoniemi</span> <span class='ocrx_word' id='word_1_27' title='bbox 1233 724 1702 825; x_wconf 67' lang='lat' dir='ltr'>archiepiscopo</span> <span class='ocrx_word' id='word_1_28' title='bbox 1757 734 2011 819; x_wconf 68' lang='lat' dir='ltr'>eiusque</span> <span class='ocrx_word' id='word_1_29' title='bbox 2052 734 2469 821; x_wconf 72' lang='lat' dir='ltr'>euffraqaneie</span> <span class='ocrx_word' id='word_1_30' title='bbox 2512 746 2729 799; x_wconf 69' lang='lat' dir='ltr'>notum</span> <span class='ocrx_word' id='word_1_31' title='bbox 2775 732 2953 818; x_wconf 83' lang='lat' dir='ltr'>facit</span> <span class='ocrx_word' id='word_1_32' title='bbox 3004 754 3069 796; x_wconf 79' lang='lat' dir='ltr'>se</span> <span class='ocrx_word' id='word_1_33' title='bbox 3126 734 3215 797; x_wconf 80' lang='lat' dir='ltr'>ad</span> 
     </span>
     <span class='ocr_line' id='line_1_5' title="bbox 576 838 3209 925; baseline 0 -21"><span class='ocrx_word' id='word_1_34' title='bbox 576 839 1081 904; x_wconf 76' lang='lat' dir='ltr'>concordanda-m</span> <span class='ocrx_word' id='word_1_35' title='bbox 1125 860 1265 903; x_wconf 79' lang='lat' dir='ltr'>cum</span> <span class='ocrx_word' id='word_1_36' title='bbox 1307 840 1444 903; x_wconf 57' lang='lat' dir='ltr'>mie</span> <span class='ocrx_word' id='word_1_37' title='bbox 1492 840 1568 903; x_wconf 83' lang='lat' dir='ltr'>de</span> <span class='ocrx_word' id='word_1_38' title='bbox 1613 838 1719 904; x_wconf 78' lang='lat' dir='ltr'>lite</span> <span class='ocrx_word' id='word_1_39' title='bbox 1764 852 1981 907; x_wconf 78' lang='lat' dir='ltr'>contra</span> <span class='ocrx_word' id='word_1_40' title='bbox 2015 840 2264 925; x_wconf 75' lang='lat' dir='ltr'>fratres</span> <span class='ocrx_word' id='word_1_41' title='bbox 2316 840 2391 907; x_wconf 87' lang='grc' dir='ltr'>Ο.</span> <span class='ocrx_word' id='word_1_42' title='bbox 2430 840 2546 906; x_wconf 87' lang='grc' dir='ltr'>ΤΙι.</span> <span class='ocrx_word' id='word_1_43' title='bbox 2579 840 2889 905; x_wconf 83' lang='lat' dir='ltr'>Livoniae</span> <span class='ocrx_word' id='word_1_44' title='bbox 2932 839 3209 907; x_wconf 75' lang='lat' dir='ltr'>Theode-</span> 
     </span>
     <span class='ocr_line' id='line_1_6' title="bbox 570 942 3209 1036; baseline 0.002 -25"><span class='ocrx_word' id='word_1_45' title='bbox 570 948 704 1011; x_wconf 89' lang='lat' dir='ltr'>rico</span> <span class='ocrx_word' id='word_1_46' title='bbox 760 947 836 1011; x_wconf 84' lang='lat' dir='ltr'>de</span> <span class='ocrx_word' id='word_1_47' title='bbox 897 942 1256 1032; x_wconf 70' lang='lat' dir='ltr'>Gruninye,</span> <span class='ocrx_word' id='word_1_48' title='bbox 1319 943 1735 1011; x_wconf 77' lang='lat' dir='ltr'>Alemanniae</span> <span class='ocrx_word' id='word_1_49' title='bbox 1791 949 2312 1030; x_wconf 69' lang='lat' dir='ltr'><strong><em>commendatori,</em></strong></span> <span class='ocrx_word' id='word_1_50' title='bbox 2376 948 2639 1036; x_wconf 80' lang='lat' dir='ltr'><em>plenam</em></span> <span class='ocrx_word' id='word_1_51' title='bbox 2696 948 2937 1013; x_wconf 77' lang='lat' dir='ltr'>dedisse</span> <span class='ocrx_word' id='word_1_52' title='bbox 2983 948 3209 1034; x_wconf 81' lang='lat' dir='ltr'>facul-</span> 
     </span>
     <span class='ocr_line' id='line_1_7' title="bbox 573 1066 780 1119; baseline -0.01 1"><span class='ocrx_word' id='word_1_53' title='bbox 573 1066 780 1119; x_wconf 73' lang='lat' dir='ltr'>tatem·</span> 
     </span>
    </p>

    <p class='ocr_par' dir='ltr' id='par_1_4' title="bbox 344 1174 3217 2229">
     <span class='ocr_line' id='line_1_8' title="bbox 570 1174 3211 1265; baseline -0.001 -20"><span class='ocrx_word' id='word_1_54' title='bbox 570 1176 954 1245; x_wconf 86' lang='lat' dir='ltr'>Reverendis</span> <span class='ocrx_word' id='word_1_55' title='bbox 981 1176 1052 1243; x_wconf 92' lang='lat' dir='ltr'>in</span> <span class='ocrx_word' id='word_1_56' title='bbox 1081 1174 1330 1243; x_wconf 89' lang='lat' dir='ltr'>Christo</span> <span class='ocrx_word' id='word_1_57' title='bbox 1375 1174 1660 1263; x_wconf 90' lang='lat' dir='ltr'>patribus</span> <span class='ocrx_word' id='word_1_58' title='bbox 1692 1196 1767 1245; x_wconf 89' lang='lat' dir='ltr'>ac</span> <span class='ocrx_word' id='word_1_59' title='bbox 1788 1176 2089 1263; x_wconf 88' lang='lat' dir='ltr'>dominis,</span> <span class='ocrx_word' id='word_1_60' title='bbox 2128 1228 2145 1245; x_wconf 91' lang='lat'><strong>.</strong></span> <span class='ocrx_word' id='word_1_61' title='bbox 2164 1228 2181 1245; x_wconf 94' lang='lat'><strong>.</strong></span> <span class='ocrx_word' id='word_1_62' title='bbox 2214 1178 2317 1245; x_wconf 87' lang='lat' dir='ltr'>dei</span> <span class='ocrx_word' id='word_1_63' title='bbox 2346 1178 2558 1263; x_wconf 87' lang='lat' dir='ltr'>g&#39;racia</span> <span class='ocrx_word' id='word_1_64' title='bbox 2586 1178 3055 1265; x_wconf 75' lang='lat' dir='ltr'>archiepiscopo</span> <span class='ocrx_word' id='word_1_65' title='bbox 3082 1174 3211 1265; x_wconf 86' lang='lat' dir='ltr'>Ly-</span> 
     </span>
     <span class='ocr_line' id='line_1_9' title="bbox 345 1282 3210 1373; baseline -0 -21"><span class='ocrx_word' id='word_1_66' title='bbox 345 1285 554 1367; x_wconf 82' lang='lat' dir='ltr'>vonie,</span> <span class='ocrx_word' id='word_1_67' title='bbox 588 1304 661 1351; x_wconf 91' lang='lat' dir='ltr'>ac</span> <span class='ocrx_word' id='word_1_68' title='bbox 691 1284 972 1352; x_wconf 90' lang='lat' dir='ltr'>eiusdem</span> <span class='ocrx_word' id='word_1_69' title='bbox 1003 1282 1434 1369; x_wconf 85' lang='lat' dir='ltr'>suffraganeis,</span> <span class='ocrx_word' id='word_1_70' title='bbox 1455 1286 1656 1352; x_wconf 72' lang='lat' dir='ltr'>stater</span> <span class='ocrx_word' id='word_1_71' title='bbox 1673 1284 1946 1373; x_wconf 90' lang='lat' dir='ltr'>P(oppo)</span> <span class='ocrx_word' id='word_1_72' title='bbox 1980 1286 2058 1354; x_wconf 88' lang='lat' dir='ltr'>de</span> <span class='ocrx_word' id='word_1_73' title='bbox 2080 1285 2447 1371; x_wconf 82' lang='lat' dir='ltr'>Osternaeh,</span> <span class='ocrx_word' id='word_1_74' title='bbox 2477 1285 2809 1373; x_wconf 89' lang='lat' dir='ltr'>hospitalis</span> <span class='ocrx_word' id='word_1_75' title='bbox 2838 1290 3055 1353; x_wconf 86' lang='lat' dir='ltr'>sancte</span> <span class='ocrx_word' id='word_1_76' title='bbox 3076 1282 3210 1351; x_wconf 88' lang='lat' dir='ltr'>Ma-</span> 
     </span>
     <span class='ocr_line' id='line_1_10' title="bbox 344 1390 3209 1478; baseline -0 -19"><span class='ocrx_word' id='word_1_77' title='bbox 344 1392 443 1460; x_wconf 85' lang='lat' dir='ltr'>rie</span> <span class='ocrx_word' id='word_1_78' title='bbox 463 1391 988 1459; x_wconf 86' lang='lat' dir='ltr'>Theotonieorum</span> <span class='ocrx_word' id='word_1_79' title='bbox 1017 1390 1502 1458; x_wconf 89' lang='lat' dir='ltr'>Ierosolimitani</span> <span class='ocrx_word' id='word_1_80' title='bbox 1531 1394 1852 1478; x_wconf 88' lang='lat' dir='ltr'>magister,</span> <span class='ocrx_word' id='word_1_81' title='bbox 1888 1394 2181 1460; x_wconf 84' lang='lat' dir='ltr'>devotam</span> <span class='ocrx_word' id='word_1_82' title='bbox 2224 1394 2290 1460; x_wconf 93' lang='lat' dir='ltr'>in</span> <span class='ocrx_word' id='word_1_83' title='bbox 2322 1393 2574 1461; x_wconf 91' lang='lat' dir='ltr'>domino</span> <span class='ocrx_word' id='word_1_84' title='bbox 2609 1392 3027 1460; x_wconf 85' lang='lat' dir='ltr'>reverentiam</span> <span class='ocrx_word' id='word_1_85' title='bbox 3066 1410 3209 1459; x_wconf 86' lang='lat' dir='ltr'>eum</span> 
     </span>
     <span class='ocr_line' id='line_1_11' title="bbox 347 1498 3211 1588; baseline -0 -22"><span class='ocrx_word' id='word_1_86' title='bbox 347 1499 848 1588; x_wconf 76' lang='lat' dir='ltr'><strong>promptitudine</strong></span> <span class='ocrx_word' id='word_1_87' title='bbox 875 1498 1242 1566; x_wconf 86' lang='lat' dir='ltr'>famulandi.</span> <span class='ocrx_word' id='word_1_88' title='bbox 1287 1498 1742 1568; x_wconf 88' lang='lat' dir='ltr'>Paternitatem</span> <span class='ocrx_word' id='word_1_89' title='bbox 1761 1506 2037 1568; x_wconf 83' lang='lat' dir='ltr'>vestram</span> <span class='ocrx_word' id='word_1_90' title='bbox 2065 1501 2226 1569; x_wconf 89' lang='lat' dir='ltr'>seire</span> <span class='ocrx_word' id='word_1_91' title='bbox 2249 1500 2557 1587; x_wconf 86' lang='lat' dir='ltr'>volumus,</span> <span class='ocrx_word' id='word_1_92' title='bbox 2583 1500 2748 1586; x_wconf 88' lang='lat' dir='ltr'>quod</span> <span class='ocrx_word' id='word_1_93' title='bbox 2776 1500 2961 1567; x_wconf 87' lang='lat' dir='ltr'>fratri</span> <span class='ocrx_word' id='word_1_94' title='bbox 2983 1499 3211 1580; x_wconf 88' lang='lat' dir='ltr'>Th(e0·</span> 
     </span>
     <span class='ocr_line' id='line_1_12' title="bbox 347 1604 3217 1693; baseline -0 -20"><span class='ocrx_word' id='word_1_95' title='bbox 347 1607 586 1688; x_wconf 81' lang='lat' dir='ltr'>dorico)</span> <span class='ocrx_word' id='word_1_96' title='bbox 632 1607 709 1674; x_wconf 89' lang='lat' dir='ltr'>de</span> <span class='ocrx_word' id='word_1_97' title='bbox 757 1604 1163 1693; x_wconf 85' lang='lat' dir='ltr'>Grunyngen,</span> <span class='ocrx_word' id='word_1_98' title='bbox 1207 1604 1586 1675; x_wconf 80' lang='lat' dir='ltr'>Alamannis</span> <span class='ocrx_word' id='word_1_99' title='bbox 1631 1607 2145 1693; x_wconf 82' lang='lat' dir='ltr'>commendatori,</span> <span class='ocrx_word' id='word_1_100' title='bbox 2192 1608 2513 1675; x_wconf 87' lang='lat' dir='ltr'>vobiscum</span> <span class='ocrx_word' id='word_1_101' title='bbox 2560 1606 2990 1692; x_wconf 86' lang='lat' dir='ltr'>conveniendi,</span> <span class='ocrx_word' id='word_1_102' title='bbox 3046 1604 3217 1673; x_wconf 89' lang='lat' dir='ltr'>ordi-</span> 
     </span>
     <span class='ocr_line' id='line_1_13' title="bbox 345 1713 3215 1803; baseline -0 -23"><span class='ocrx_word' id='word_1_103' title='bbox 345 1714 545 1781; x_wconf 90' lang='lat' dir='ltr'>nandi</span> <span class='ocrx_word' id='word_1_104' title='bbox 589 1734 702 1781; x_wconf 87' lang='lat' dir='ltr'>seu</span> <span class='ocrx_word' id='word_1_105' title='bbox 746 1713 1120 1800; x_wconf 88' lang='lat' dir='ltr'>disponendi</span> <span class='ocrx_word' id='word_1_106' title='bbox 1165 1733 1362 1801; x_wconf 88' lang='lat' dir='ltr'>supra</span> <span class='ocrx_word' id='word_1_107' title='bbox 1404 1716 1822 1799; x_wconf 79' lang='lat' dir='ltr'>contentione,</span> <span class='ocrx_word' id='word_1_108' title='bbox 1870 1736 1991 1803; x_wconf 89' lang='lat' dir='ltr'>que</span> <span class='ocrx_word' id='word_1_109' title='bbox 2032 1718 2201 1783; x_wconf 89' lang='lat' dir='ltr'>inter</span> <span class='ocrx_word' id='word_1_110' title='bbox 2227 1736 2341 1783; x_wconf 86' lang='lat' dir='ltr'>vos</span> <span class='ocrx_word' id='word_1_111' title='bbox 2373 1735 2453 1782; x_wconf 85' lang='lat' dir='ltr'>ex</span> <span class='ocrx_word' id='word_1_112' title='bbox 2492 1735 2619 1781; x_wconf 89' lang='lat' dir='ltr'>una</span> <span class='ocrx_word' id='word_1_113' title='bbox 2660 1720 2841 1801; x_wconf 89' lang='lat' dir='ltr'>parte</span> <span class='ocrx_word' id='word_1_114' title='bbox 2887 1719 2951 1781; x_wconf 86' lang='lat' dir='ltr'>et</span> <span class='ocrx_word' id='word_1_115' title='bbox 2986 1714 3215 1780; x_wconf 88' lang='lat' dir='ltr'>fratres</span> 
     </span>
     <span class='ocr_line' id='line_1_14' title="bbox 347 1820 3216 1911; baseline -0 -23"><span class='ocrx_word' id='word_1_116' title='bbox 347 1828 600 1889; x_wconf 82' lang='lat' dir='ltr'>nostros</span> <span class='ocrx_word' id='word_1_117' title='bbox 629 1820 912 1909; x_wconf 81' lang='lat' dir='ltr'>Lyvonie</span> <span class='ocrx_word' id='word_1_118' title='bbox 958 1840 1036 1888; x_wconf 86' lang='lat' dir='ltr'>ex</span> <span class='ocrx_word' id='word_1_119' title='bbox 1082 1826 1264 1907; x_wconf 88' lang='lat' dir='ltr'>parte</span> <span class='ocrx_word' id='word_1_120' title='bbox 1311 1820 1510 1899; x_wconf 78' lang='lat' dir='ltr'>altera</span> <span class='ocrx_word' id='word_1_121' title='bbox 1539 1822 1826 1907; x_wconf 84' lang='lat' dir='ltr'>vertitur,</span> <span class='ocrx_word' id='word_1_122' title='bbox 1872 1828 2064 1911; x_wconf 84' lang='lat' dir='ltr'>prout</span> <span class='ocrx_word' id='word_1_123' title='bbox 2090 1822 2215 1891; x_wconf 90' lang='lat' dir='ltr'>sibi</span> <span class='ocrx_word' id='word_1_124' title='bbox 2243 1821 2539 1909; x_wconf 85' lang='lat' dir='ltr'>expedire</span> <span class='ocrx_word' id='word_1_125' title='bbox 2569 1821 2905 1906; x_wconf 86' lang='lat' dir='ltr'>videbitur,</span> <span class='ocrx_word' id='word_1_126' title='bbox 2948 1820 3216 1888; x_wconf 89' lang='lat' dir='ltr'>liberam</span> 
     </span>
     <span class='ocr_line' id='line_1_15' title="bbox 348 1926 3215 2016; baseline -0.002 -19"><span class='ocrx_word' id='word_1_127' title='bbox 348 1948 462 1997; x_wconf 87' lang='lat' dir='ltr'>seu</span> <span class='ocrx_word' id='word_1_128' title='bbox 518 1928 871 2016; x_wconf 80' lang='lat' dir='ltr'>plenariam</span> <span class='ocrx_word' id='word_1_129' title='bbox 932 1926 1328 2003; x_wconf 80' lang='lat' dir='ltr'>concedimus</span> <span class='ocrx_word' id='word_1_130' title='bbox 1384 1926 1745 1997; x_wconf 83' lang='lat' dir='ltr'>facultatem</span> <span class='ocrx_word' id='word_1_131' title='bbox 1759 1980 1779 2013; x_wconf 89' lang='lat'>,</span> <span class='ocrx_word' id='word_1_132' title='bbox 1839 1936 2047 1997; x_wconf 89' lang='lat' dir='ltr'>ratum</span> <span class='ocrx_word' id='word_1_133' title='bbox 2108 1935 2173 1997; x_wconf 89' lang='lat' dir='ltr'>et</span> <span class='ocrx_word' id='word_1_134' title='bbox 2227 1934 2477 2015; x_wconf 89' lang='lat' dir='ltr'>gratum</span> <span class='ocrx_word' id='word_1_135' title='bbox 2529 1929 2861 2015; x_wconf 88' lang='lat' dir='ltr'>habentes,</span> <span class='ocrx_word' id='word_1_136' title='bbox 2920 1927 3215 2015; x_wconf 86' lang='lat' dir='ltr'>quiequid</span> 
     </span>
     <span class='ocr_line' id='line_1_16' title="bbox 345 2034 3215 2124; baseline -0.001 -21"><span class='ocrx_word' id='word_1_137' title='bbox 345 2036 520 2103; x_wconf 90' lang='lat' dir='ltr'>idem</span> <span class='ocrx_word' id='word_1_138' title='bbox 561 2037 760 2103; x_wconf 83' lang='lat' dir='ltr'>frater</span> <span class='ocrx_word' id='word_1_139' title='bbox 789 2034 1262 2117; x_wconf 87' lang='lat' dir='ltr'>Th(eodericus)</span> <span class='ocrx_word' id='word_1_140' title='bbox 1306 2034 1528 2103; x_wconf 86' lang='lat' dir='ltr'>fecerit</span> <span class='ocrx_word' id='word_1_141' title='bbox 1566 2036 1635 2103; x_wconf 90' lang='lat' dir='ltr'>in</span> <span class='ocrx_word' id='word_1_142' title='bbox 1679 2038 2026 2124; x_wconf 80' lang='lat' dir='ltr'>premissis,</span> <span class='ocrx_word' id='word_1_143' title='bbox 2096 2036 2333 2105; x_wconf 89' lang='lat' dir='ltr'>Datum</span> <span class='ocrx_word' id='word_1_144' title='bbox 2360 2034 2733 2121; x_wconf 89' lang='lat' dir='ltr'>Bohem(ie),</span> <span class='ocrx_word' id='word_1_145' title='bbox 2780 2054 2943 2103; x_wconf 88' lang='lat' dir='ltr'>anno</span> <span class='ocrx_word' id='word_1_146' title='bbox 2976 2034 3215 2101; x_wconf 88' lang='lat' dir='ltr'>domini</span> 
     </span>
     <span class='ocr_line' id='line_1_17' title="bbox 346 2142 2070 2229; baseline 0.001 -20"><span class='ocrx_word' id='word_1_147' title='bbox 346 2164 412 2209; x_wconf 90' lang='lat' dir='ltr'>m</span> <span class='ocrx_word' id='word_1_148' title='bbox 443 2143 714 2229; x_wconf 85' lang='lat' dir='ltr'>ccliiii,</span> <span class='ocrx_word' id='word_1_149' title='bbox 758 2144 827 2210; x_wconf 91' lang='lat' dir='ltr'>in</span> <span class='ocrx_word' id='word_1_150' title='bbox 869 2142 1088 2227; x_wconf 82' lang='lat' dir='ltr'>vigilia</span> <span class='ocrx_word' id='word_1_151' title='bbox 1134 2142 1542 2210; x_wconf 85' lang='lat' dir='ltr'>exaltacionis</span> <span class='ocrx_word' id='word_1_152' title='bbox 1588 2149 1802 2211; x_wconf 88' lang='lat' dir='ltr'>sancte</span> <span class='ocrx_word' id='word_1_153' title='bbox 1847 2146 2070 2211; x_wconf 87' lang='lat' dir='ltr'>erucis.</span> 
     </span>
    </p>
   </div>
   <div class='ocr_carea' id='block_1_3' title="bbox 347 2264 3213 2423">
    <p class='ocr_par' dir='ltr' id='par_1_5' title="bbox 347 2264 3213 2423">
     <span class='ocr_line' id='line_1_18' title="bbox 563 2264 3213 2336; baseline -0.002 -17"><span class='ocrx_word' id='word_1_154' title='bbox 563 2267 628 2329; x_wconf 89' lang='lat'>11,</span> <span class='ocrx_word' id='word_1_155' title='bbox 659 2266 755 2318; x_wconf 86' lang='lat'>141</span> <span class='ocrx_word' id='word_1_156' title='bbox 772 2285 819 2319; x_wconf 77' lang='lat' dir='ltr'>v,</span> <span class='ocrx_word' id='word_1_157' title='bbox 875 2267 920 2319; x_wconf 78' lang='grc' dir='ltr'><strong>Ε</strong></span> <span class='ocrx_word' id='word_1_158' title='bbox 955 2274 1258 2319; x_wconf 80' lang='lat' dir='ltr'>transsumto</span> <span class='ocrx_word' id='word_1_159' title='bbox 1295 2266 1360 2318; x_wconf 88' lang='lat' dir='ltr'>de</span> <span class='ocrx_word' id='word_1_160' title='bbox 1390 2266 1526 2319; x_wconf 82' lang='grc'>1254</span> <span class='ocrx_word' id='word_1_161' title='bbox 1561 2266 1672 2319; x_wconf 87' lang='lat' dir='ltr'>dec.</span> <span class='ocrx_word' id='word_1_162' title='bbox 1703 2268 1767 2318; x_wconf 87' lang='lat'>12</span> <span class='ocrx_word' id='word_1_163' title='bbox 1805 2268 1890 2335; x_wconf 83' lang='lat' dir='ltr'>(cf.</span> <span class='ocrx_word' id='word_1_164' title='bbox 1916 2268 2067 2336; x_wconf 77' lang='lat' dir='ltr'>infra)</span> <span class='ocrx_word' id='word_1_165' title='bbox 2105 2268 2188 2321; x_wconf 89' lang='lat' dir='ltr'>ed.</span> <span class='ocrx_word' id='word_1_166' title='bbox 2210 2266 2451 2320; x_wconf 83' lang='lat' dir='ltr'>mendose</span> <span class='ocrx_word' id='word_1_167' title='bbox 2474 2266 2657 2333; x_wconf 84' lang='lat' dir='ltr'>Dogiel</span> <span class='ocrx_word' id='word_1_168' title='bbox 2674 2266 2739 2329; x_wconf 85' lang='lat' dir='ltr'>V,</span> <span class='ocrx_word' id='word_1_169' title='bbox 2775 2266 2847 2317; x_wconf 85' lang='lat'>20</span> <span class='ocrx_word' id='word_1_170' title='bbox 2879 2282 2932 2319; x_wconf 88' lang='lat' dir='ltr'>n.</span> <span class='ocrx_word' id='word_1_171' title='bbox 2955 2264 3042 2327; x_wconf 83' lang='lat'>28,</span> <span class='ocrx_word' id='word_1_172' title='bbox 3078 2264 3213 2316; x_wconf 88' lang='lat' dir='ltr'>unde</span> 
     </span>
     <span class='ocr_line' id='line_1_19' title="bbox 347 2354 1340 2423; baseline -0.002 -14"><span class='ocrx_word' id='word_1_173' title='bbox 347 2355 556 2423; x_wconf 80' lang='lat' dir='ltr'>repetiit</span> <span class='ocrx_word' id='word_1_174' title='bbox 587 2355 714 2408; x_wconf 82' lang='lat' dir='ltr'>Livl.</span> <span class='ocrx_word' id='word_1_175' title='bbox 740 2355 896 2409; x_wconf 89' lang='lat' dir='ltr'><strong>U.-B.</strong></span> <span class='ocrx_word' id='word_1_176' title='bbox 921 2356 965 2419; x_wconf 82' lang='grc' dir='ltr'>Ι,</span> <span class='ocrx_word' id='word_1_177' title='bbox 999 2354 1106 2407; x_wconf 85' lang='grc'>356</span> <span class='ocrx_word' id='word_1_178' title='bbox 1141 2372 1192 2408; x_wconf 84' lang='grc' dir='ltr'>ιι.</span> <span class='ocrx_word' id='word_1_179' title='bbox 1217 2354 1340 2407; x_wconf 84' lang='grc'>274.</span> 
     </span>
    </p>
   </div>
   <div class='ocr_carea' id='block_1_4' title="bbox 353 2622 3217 3359">
    <p class='ocr_par' dir='ltr' id='par_1_6' title="bbox 353 2622 3217 3248">
     <span class='ocr_line' id='line_1_20' title="bbox 353 2622 3215 2713; baseline -0.002 -17"><span class='ocrx_word' id='word_1_180' title='bbox 353 2622 534 2695; x_wconf 83' lang='grc'>250.</span> <span class='ocrx_word' id='word_1_181' title='bbox 575 2626 752 2693; x_wconf 85' lang='grc'>1254</span> <span class='ocrx_word' id='word_1_182' title='bbox 812 2625 1013 2691; x_wconf 73' lang='lat' dir='ltr'>decbr.</span> <span class='ocrx_word' id='word_1_183' title='bbox 1049 2624 1138 2690; x_wconf 87' lang='grc'>12</span> <span class='ocrx_word' id='word_1_184' title='bbox 1189 2628 1261 2689; x_wconf 78' lang='lat' dir='ltr'>in</span> <span class='ocrx_word' id='word_1_185' title='bbox 1325 2627 1570 2691; x_wconf 80' lang='lat' dir='ltr'>civitate</span> <span class='ocrx_word' id='word_1_186' title='bbox 1617 2622 1984 2691; x_wconf 73' lang='lat' dir='ltr'>Senonemi.</span> <span class='ocrx_word' id='word_1_187' title='bbox 2064 2625 2392 2707; x_wconf 65' lang='lat' dir='ltr'>Alba-cus,</span> <span class='ocrx_word' id='word_1_188' title='bbox 2460 2626 2966 2713; x_wconf 65' lang='lat' dir='ltr'>archiepiscopus</span> <span class='ocrx_word' id='word_1_189' title='bbox 3019 2623 3215 2691; x_wconf 81' lang='lat' dir='ltr'>Divo-</span> 
     </span>
     <span class='ocr_line' id='line_1_21' title="bbox 565 2732 3216 2828; baseline 0 -30"><span class='ocrx_word' id='word_1_190' title='bbox 565 2737 755 2828; x_wconf 55' lang='grc' dir='ltr'><strong><em>μέσα,</em></strong></span> <span class='ocrx_word' id='word_1_191' title='bbox 813 2732 1148 2813; x_wconf 77' lang='lat' dir='ltr'>Eetoniac,</span> <span class='ocrx_word' id='word_1_192' title='bbox 1207 2733 1513 2799; x_wconf 71' lang='lat' dir='ltr'>Pmsiae</span> <span class='ocrx_word' id='word_1_193' title='bbox 1557 2754 1633 2799; x_wconf 87' lang='lat' dir='ltr'>ac</span> <span class='ocrx_word' id='word_1_194' title='bbox 1680 2733 1977 2821; x_wconf 73' lang='lat' dir='ltr'>Riqeneis</span> <span class='ocrx_word' id='word_1_195' title='bbox 2029 2734 2349 2815; x_wconf 70' lang='lat' dir='ltr'>eccleciae,</span> <span class='ocrx_word' id='word_1_196' title='bbox 2408 2733 2721 2799; x_wconf 75' lang='lat' dir='ltr'>Hem-icus</span> <span class='ocrx_word' id='word_1_197' title='bbox 2772 2732 3099 2799; x_wconf 74' lang='lat' dir='ltr'>Osiliensie</span> <span class='ocrx_word' id='word_1_198' title='bbox 3157 2745 3216 2798; x_wconf 80' lang='lat' dir='ltr'>et</span> 
     </span>
     <span class='ocr_line' id='line_1_22' title="bbox 490 2839 3215 2928; baseline -0.001 -21"><span class='ocrx_word' id='word_1_199' title='bbox 490 2910 522 2925; x_wconf 50' lang='lat'><strong>„</strong></span> <span class='ocrx_word' id='word_1_200' title='bbox 572 2840 886 2907; x_wconf 71' lang='lat' dir='ltr'>Henricue</span> <span class='ocrx_word' id='word_1_201' title='bbox 933 2839 1332 2907; x_wconf 71' lang='lat' dir='ltr'>Curoniensie</span> <span class='ocrx_word' id='word_1_202' title='bbox 1381 2843 1692 2927; x_wconf 77' lang='lat' dir='ltr'>episcopi,</span> <span class='ocrx_word' id='word_1_203' title='bbox 1741 2842 1931 2907; x_wconf 74' lang='lat' dir='ltr'>simul</span> <span class='ocrx_word' id='word_1_204' title='bbox 1973 2844 2224 2907; x_wconf 75' lang='lat' dir='ltr'>nominc</span> <span class='ocrx_word' id='word_1_205' title='bbox 2260 2840 2705 2909; x_wconf 74' lang='lat' dir='ltr'>Tharbatemie</span> <span class='ocrx_word' id='word_1_206' title='bbox 2752 2842 3034 2928; x_wconf 77' lang='lat' dir='ltr'>episcopi</span> <span class='ocrx_word' id='word_1_207' title='bbox 3075 2862 3215 2905; x_wconf 74' lang='lat' dir='ltr'>cum</span> 
     </span>
     <span class='ocr_line' id='line_1_23' title="bbox 581 2945 3215 3037; baseline -0 -23"><span class='ocrx_word' id='word_1_208' title='bbox 581 2948 967 3015; x_wconf 74' lang='lat' dir='ltr'>Theoderico</span> <span class='ocrx_word' id='word_1_209' title='bbox 1013 2950 1092 3013; x_wconf 85' lang='lat' dir='ltr'>de</span> <span class='ocrx_word' id='word_1_210' title='bbox 1127 2945 1471 3034; x_wconf 75' lang='lat' dir='ltr'>Groninqe,</span> <span class='ocrx_word' id='word_1_211' title='bbox 1515 2961 1922 3036; x_wconf 77' lang='lat' dir='ltr'>praeceptore</span> <span class='ocrx_word' id='word_1_212' title='bbox 1966 2950 2209 3015; x_wconf 75' lang='lat' dir='ltr'>ordinis</span> <span class='ocrx_word' id='word_1_213' title='bbox 2255 2950 2585 3037; x_wconf 74' lang='lat' dir='ltr'>hospitalia</span> <span class='ocrx_word' id='word_1_214' title='bbox 2629 2970 2680 3013; x_wconf 76' lang='lat' dir='ltr'>e.</span> <span class='ocrx_word' id='word_1_215' title='bbox 2711 2949 2966 3015; x_wconf 87' lang='lat' dir='ltr'>Mariae</span> <span class='ocrx_word' id='word_1_216' title='bbox 3007 2946 3215 3015; x_wconf 70' lang='lat' dir='ltr'>Theu-</span> 
     </span>
     <span class='ocr_line' id='line_1_24' title="bbox 575 3041 3216 3143; baseline -0 -21"><span class='ocrx_word' id='word_1_217' title='bbox 575 3060 924 3123; x_wconf 81' lang='lat' dir='ltr'>tonicorum</span> <span class='ocrx_word' id='word_1_218' title='bbox 951 3058 1022 3121; x_wconf 78' lang='lat' dir='ltr'>in</span> <span class='ocrx_word' id='word_1_219' title='bbox 1053 3055 1457 3136; x_wconf 77' lang='lat' dir='ltr'>Alemannia,</span> <span class='ocrx_word' id='word_1_220' title='bbox 1509 3058 1686 3121; x_wconf 77' lang='lat' dir='ltr'>cuius</span> <span class='ocrx_word' id='word_1_221' title='bbox 1718 3059 2068 3122; x_wconf 73' lang='lat' dir='ltr'>commissio</span> <span class='ocrx_word' id='word_1_222' title='bbox 2100 3053 2143 3137; x_wconf 93' lang='lat'><em>(</em></span> <span class='ocrx_word' id='word_1_223' title='bbox 2132 3079 2332 3143; x_wconf 81' lang='lat' dir='ltr'>supra</span> <span class='ocrx_word' id='word_1_224' title='bbox 2359 3080 2424 3121; x_wconf 78' lang='lat' dir='ltr'>n.</span> <span class='ocrx_word' id='word_1_225' title='bbox 2451 3054 2614 3138; x_wconf 83' lang='lat'><em>249)</em></span> <span class='ocrx_word' id='word_1_226' title='bbox 2646 3058 2722 3121; x_wconf 83' lang='lat' dir='ltr'>de</span> <span class='ocrx_word' id='word_1_227' title='bbox 2750 3056 2929 3123; x_wconf 87' lang='grc'>1254</span> <span class='ocrx_word' id='word_1_228' title='bbox 2960 3068 3112 3142; x_wconf 73' lang='lat' dir='ltr'>sept.</span> <span class='ocrx_word' id='word_1_229' title='bbox 3124 3041 3216 3121; x_wconf 78' lang='lat'>‘13</span> 
     </span>
     <span class='ocr_line' id='line_1_25' title="bbox 573 3161 3217 3248; baseline -0.001 -18"><span class='ocrx_word' id='word_1_230' title='bbox 573 3166 894 3245; x_wconf 71' lang='lat' dir='ltr'>inseritur,</span> <span class='ocrx_word' id='word_1_231' title='bbox 925 3166 1176 3229; x_wconf 79' lang='lat' dir='ltr'>nomine</span> <span class='ocrx_word' id='word_1_232' title='bbox 1202 3161 1496 3248; x_wconf 79' lang='lat' dir='ltr'>fratrum</span> <span class='ocrx_word' id='word_1_233' title='bbox 1528 3164 1770 3228; x_wconf 78' lang='lat' dir='ltr'>ordinis</span> <span class='ocrx_word' id='word_1_234' title='bbox 1803 3166 1934 3229; x_wconf 78' lang='lat' dir='ltr'>eius</span> <span class='ocrx_word' id='word_1_235' title='bbox 1965 3167 2036 3229; x_wconf 72' lang='lat' dir='ltr'>in</span> <span class='ocrx_word' id='word_1_236' title='bbox 2056 3163 2333 3229; x_wconf 73' lang='lat' dir='ltr'>Divonia</span> <span class='ocrx_word' id='word_1_237' title='bbox 2363 3166 2733 3229; x_wconf 67' lang='lat' dir='ltr'>conventiam</span> <span class='ocrx_word' id='word_1_238' title='bbox 2760 3164 2838 3228; x_wconf 82' lang='lat' dir='ltr'>de</span> <span class='ocrx_word' id='word_1_239' title='bbox 2868 3162 3217 3227; x_wconf 77' lang='lat' dir='ltr'>obedientia</span> 
     </span>
    </p>

    <p class='ocr_par' dir='ltr' id='par_1_7' title="bbox 573 3270 2187 3359">
     <span class='ocr_line' id='line_1_26' title="bbox 573 3270 2187 3359; baseline 0 -22"><span class='ocrx_word' id='word_1_240' title='bbox 573 3294 698 3359; x_wconf 82' lang='lat' dir='ltr'>per</span> <span class='ocrx_word' id='word_1_241' title='bbox 743 3272 1025 3337; x_wconf 75' lang='lat' dir='ltr'>ordinem</span> <span class='ocrx_word' id='word_1_242' title='bbox 1067 3274 1138 3336; x_wconf 79' lang='lat' dir='ltr'>in</span> <span class='ocrx_word' id='word_1_243' title='bbox 1183 3270 1458 3336; x_wconf 68' lang='lat' dir='ltr'>Isivonia</span> <span class='ocrx_word' id='word_1_244' title='bbox 1503 3273 1814 3359; x_wconf 48' lang='lat' dir='ltr'>episcopis</span> <span class='ocrx_word' id='word_1_245' title='bbox 1853 3271 2187 3357; x_wconf 78' lang='lat' dir='ltr'>facienda.</span> 
     </span>
    </p>
   </div>
   <div class='ocr_carea' id='block_1_5' title="bbox 269 3407 3291 5116">
    <p class='ocr_par' dir='ltr' id='par_1_8' title="bbox 269 3407 3291 5116">
     <span class='ocr_line' id='line_1_27' title="bbox 573 3407 3215 3500; baseline -0.002 -20"><span class='ocrx_word' id='word_1_246' title='bbox 573 3412 906 3496; x_wconf 86' lang='lat' dir='ltr'>Albertus‚</span> <span class='ocrx_word' id='word_1_247' title='bbox 965 3411 1067 3479; x_wconf 89' lang='lat' dir='ltr'>dei</span> <span class='ocrx_word' id='word_1_248' title='bbox 1121 3412 1335 3497; x_wconf 83' lang='lat' dir='ltr'>gracia</span> <span class='ocrx_word' id='word_1_249' title='bbox 1390 3410 1896 3499; x_wconf 83' lang='lat' dir='ltr'>archiepiscopus</span> <span class='ocrx_word' id='word_1_250' title='bbox 1950 3412 2263 3500; x_wconf 80' lang='lat' dir='ltr'>Lyvonie,</span> <span class='ocrx_word' id='word_1_251' title='bbox 2316 3410 2610 3495; x_wconf 74' lang='lat' dir='ltr'>Estenie,</span> <span class='ocrx_word' id='word_1_252' title='bbox 2666 3409 2925 3478; x_wconf 88' lang='lat' dir='ltr'>Pruscie</span> <span class='ocrx_word' id='word_1_253' title='bbox 2982 3428 3055 3476; x_wconf 86' lang='lat' dir='ltr'>ae</span> <span class='ocrx_word' id='word_1_254' title='bbox 3106 3407 3215 3475; x_wconf 88' lang='lat' dir='ltr'>Ri-</span> 
     </span>
     <span class='ocr_line' id='line_1_28' title="bbox 269 3518 3215 3605; baseline -0.001 -16"><span class='ocrx_word' id='word_1_255' title='bbox 269 3570 278 3577; x_wconf 88' lang='lat'>-</span> <span class='ocrx_word' id='word_1_256' title='bbox 349 3521 562 3605; x_wconf 83' lang='lat' dir='ltr'>gensis</span> <span class='ocrx_word' id='word_1_257' title='bbox 610 3518 900 3603; x_wconf 86' lang='lat' dir='ltr'>ecclesie,</span> <span class='ocrx_word' id='word_1_258' title='bbox 957 3523 1022 3586; x_wconf 90' lang='lat' dir='ltr'>et</span> <span class='ocrx_word' id='word_1_259' title='bbox 1077 3520 1296 3587; x_wconf 89' lang='lat' dir='ltr'>eadem</span> <span class='ocrx_word' id='word_1_260' title='bbox 1342 3520 1556 3603; x_wconf 81' lang='lat' dir='ltr'>gracia</span> <span class='ocrx_word' id='word_1_261' title='bbox 1599 3518 1907 3587; x_wconf 85' lang='lat' dir='ltr'>Henricus</span> <span class='ocrx_word' id='word_1_262' title='bbox 1955 3519 2285 3587; x_wconf 88' lang='lat' dir='ltr'>Osiliensis</span> <span class='ocrx_word' id='word_1_263' title='bbox 2344 3524 2409 3587; x_wconf 92' lang='lat' dir='ltr'>et</span> <span class='ocrx_word' id='word_1_264' title='bbox 2457 3519 2767 3587; x_wconf 88' lang='lat' dir='ltr'>Henrieus</span> <span class='ocrx_word' id='word_1_265' title='bbox 2810 3518 3215 3585; x_wconf 88' lang='lat' dir='ltr'>Ouroniensis</span> 
     </span>
     <span class='ocr_line' id='line_1_29' title="bbox 351 3623 3216 3717; baseline -0.001 -21"><span class='ocrx_word' id='word_1_266' title='bbox 351 3629 665 3717; x_wconf 87' lang='lat' dir='ltr'>episcopi,</span> <span class='ocrx_word' id='word_1_267' title='bbox 723 3627 1012 3694; x_wconf 90' lang='lat' dir='ltr'>omnibus</span> <span class='ocrx_word' id='word_1_268' title='bbox 1056 3623 1320 3694; x_wconf 85' lang='lat' dir='ltr'>Christi¹</span> <span class='ocrx_word' id='word_1_269' title='bbox 1361 3625 1651 3693; x_wconf 87' lang='lat' dir='ltr'>fidelibus</span> <span class='ocrx_word' id='word_1_270' title='bbox 1696 3631 2020 3713; x_wconf 86' lang='lat' dir='ltr'>presentes</span> <span class='ocrx_word' id='word_1_271' title='bbox 2071 3627 2482 3714; x_wconf 88' lang='lat' dir='ltr'>inspecturis,</span> <span class='ocrx_word' id='word_1_272' title='bbox 2538 3626 2807 3693; x_wconf 86' lang='lat' dir='ltr'>salutem</span> <span class='ocrx_word' id='word_1_273' title='bbox 2850 3626 2919 3692; x_wconf 90' lang='lat' dir='ltr'>in</span> <span class='ocrx_word' id='word_1_274' title='bbox 2961 3626 3216 3693; x_wconf 87' lang='lat' dir='ltr'>nomine</span> 
     </span>
     <span class='ocr_line' id='line_1_30' title="bbox 349 3732 3215 3822; baseline -0.002 -18"><span class='ocrx_word' id='word_1_275' title='bbox 349 3736 495 3804; x_wconf 88' lang='lat' dir='ltr'>Iesu</span> <span class='ocrx_word' id='word_1_276' title='bbox 541 3732 823 3804; x_wconf 87' lang='lat' dir='ltr'>Christi¹.</span> <span class='ocrx_word' id='word_1_277' title='bbox 893 3734 1305 3802; x_wconf 86' lang='lat' dir='ltr'>Universitati</span> <span class='ocrx_word' id='word_1_278' title='bbox 1348 3738 1557 3800; x_wconf 86' lang='lat' dir='ltr'>vestre</span> <span class='ocrx_word' id='word_1_279' title='bbox 1611 3739 1831 3800; x_wconf 90' lang='lat' dir='ltr'>notum</span> <span class='ocrx_word' id='word_1_280' title='bbox 1873 3735 2153 3801; x_wconf 74' lang='lat' dir='ltr'>‘facimus</span> <span class='ocrx_word' id='word_1_281' title='bbox 2200 3741 2265 3802; x_wconf 90' lang='lat' dir='ltr'>et</span> <span class='ocrx_word' id='word_1_282' title='bbox 2318 3734 2717 3822; x_wconf 83' lang='lat' dir='ltr'>presentibus</span> <span class='ocrx_word' id='word_1_283' title='bbox 2772 3738 3215 3822; x_wconf 86' lang='lat' dir='ltr'>protestamur,</span> 
     </span>
     <span class='ocr_line' id='line_1_31' title="bbox 352 3840 3217 3931; baseline -0.001 -21"><span class='ocrx_word' id='word_1_284' title='bbox 352 3844 556 3931; x_wconf 90' lang='lat' dir='ltr'>quod,</span> <span class='ocrx_word' id='word_1_285' title='bbox 603 3864 743 3910; x_wconf 90' lang='lat' dir='ltr'>cum</span> <span class='ocrx_word' id='word_1_286' title='bbox 791 3844 958 3910; x_wconf 90' lang='lat' dir='ltr'>inter</span> <span class='ocrx_word' id='word_1_287' title='bbox 999 3862 1114 3909; x_wconf 86' lang='lat' dir='ltr'>nos</span> <span class='ocrx_word' id='word_1_288' title='bbox 1161 3846 1224 3909; x_wconf 87' lang='lat' dir='ltr'>et</span> <span class='ocrx_word' id='word_1_289' title='bbox 1269 3840 1592 3908; x_wconf 89' lang='lat' dir='ltr'>dominum</span> <span class='ocrx_word' id='word_1_290' title='bbox 1639 3840 2130 3909; x_wconf 78' lang='lat' dir='ltr'>Thai-batensem</span> <span class='ocrx_word' id='word_1_291' title='bbox 2178 3843 2544 3929; x_wconf 83' lang='lat' dir='ltr'>episcopum</span> <span class='ocrx_word' id='word_1_292' title='bbox 2590 3862 2669 3910; x_wconf 80' lang='lat' dir='ltr'>ex</span> <span class='ocrx_word' id='word_1_293' title='bbox 2711 3861 2841 3909; x_wconf 89' lang='lat' dir='ltr'>una</span> <span class='ocrx_word' id='word_1_294' title='bbox 2882 3847 3098 3929; x_wconf 87' lang='lat' dir='ltr'>parte,</span> <span class='ocrx_word' id='word_1_295' title='bbox 3153 3846 3217 3908; x_wconf 93' lang='lat' dir='ltr'>et</span> 
     </span>
     <span class='ocr_line' id='line_1_32' title="bbox 349 3947 3217 4037; baseline 0 -20"><span class='ocrx_word' id='word_1_296' title='bbox 349 3952 724 4035; x_wconf 85' lang='lat' dir='ltr'>magistrum</span> <span class='ocrx_word' id='word_1_297' title='bbox 785 3955 849 4018; x_wconf 89' lang='lat' dir='ltr'>et</span> <span class='ocrx_word' id='word_1_298' title='bbox 902 3950 1130 4017; x_wconf 87' lang='lat' dir='ltr'>fratres</span> <span class='ocrx_word' id='word_1_299' title='bbox 1187 3948 1517 4035; x_wconf 89' lang='lat' dir='ltr'>hospitalis</span> <span class='ocrx_word' id='word_1_300' title='bbox 1577 3954 1790 4017; x_wconf 88' lang='lat' dir='ltr'>sancte</span> <span class='ocrx_word' id='word_1_301' title='bbox 1845 3947 2045 4017; x_wconf 89' lang='lat' dir='ltr'>Marie</span> <span class='ocrx_word' id='word_1_302' title='bbox 2104 3948 2628 4018; x_wconf 88' lang='lat' dir='ltr'>Theutonicorum</span> <span class='ocrx_word' id='word_1_303' title='bbox 2688 3950 2757 4017; x_wconf 93' lang='lat' dir='ltr'>in</span> <span class='ocrx_word' id='word_1_304' title='bbox 2798 3949 3084 4037; x_wconf 86' lang='lat' dir='ltr'>Lyvonia</span> <span class='ocrx_word' id='word_1_305' title='bbox 3138 3970 3217 4017; x_wconf 85' lang='lat' dir='ltr'>ex</span> 
     </span>
     <span class='ocr_line' id='line_1_33' title="bbox 336 4055 3217 4145; baseline -0.001 -20"><span class='ocrx_word' id='word_1_306' title='bbox 336 4058 554 4125; x_wconf 83' lang='lat' dir='ltr'>‘altera</span> <span class='ocrx_word' id='word_1_307' title='bbox 599 4076 788 4145; x_wconf 88' lang='lat' dir='ltr'>super</span> <span class='ocrx_word' id='word_1_308' title='bbox 833 4057 1098 4124; x_wconf 87' lang='lat' dir='ltr'>diversis</span> <span class='ocrx_word' id='word_1_309' title='bbox 1154 4055 1436 4124; x_wconf 84' lang='lat' dir='ltr'>articulis</span> <span class='ocrx_word' id='word_1_310' title='bbox 1491 4058 1738 4142; x_wconf 88' lang='lat' dir='ltr'>questio</span> <span class='ocrx_word' id='word_1_311' title='bbox 1783 4062 2165 4141; x_wconf 83' lang='lat' dir='ltr'>verteretur3</span> <span class='ocrx_word' id='word_1_312' title='bbox 2222 4058 2735 4126; x_wconf 83' lang='lat' dir='ltr'>convenientibus</span> <span class='ocrx_word' id='word_1_313' title='bbox 2788 4056 2969 4125; x_wconf 88' lang='lat' dir='ltr'>nobis</span> <span class='ocrx_word' id='word_1_314' title='bbox 3015 4057 3217 4123; x_wconf 88' lang='lat' dir='ltr'>archi-</span> 
     </span>
     <span class='ocr_line' id='line_1_34' title="bbox 351 4149 3217 4254; baseline 0 -21"><span class='ocrx_word' id='word_1_315' title='bbox 351 4149 651 4254; x_wconf 65' lang='lat' dir='ltr'>episcopo</span> <span class='ocrx_word' id='word_1_316' title='bbox 697 4170 760 4232; x_wconf 92' lang='lat' dir='ltr'>et</span> <span class='ocrx_word' id='word_1_317' title='bbox 805 4163 1099 4231; x_wconf 89' lang='lat' dir='ltr'>Osiliensi</span> <span class='ocrx_word' id='word_1_318' title='bbox 1146 4170 1210 4231; x_wconf 92' lang='lat' dir='ltr'>et</span> <span class='ocrx_word' id='word_1_319' title='bbox 1252 4164 1623 4231; x_wconf 86' lang='lat' dir='ltr'>Curoniensi</span> <span class='ocrx_word' id='word_1_320' title='bbox 1670 4165 1984 4251; x_wconf 86' lang='lat' dir='ltr'>episcopis</span> <span class='ocrx_word' id='word_1_321' title='bbox 2031 4169 2177 4231; x_wconf 89' lang='lat' dir='ltr'>ante</span> <span class='ocrx_word' id='word_1_322' title='bbox 2222 4163 2406 4231; x_wconf 88' lang='lat' dir='ltr'>dictis</span> <span class='ocrx_word' id='word_1_323' title='bbox 2454 4165 2621 4251; x_wconf 90' lang='lat' dir='ltr'>apud</span> <span class='ocrx_word' id='word_1_324' title='bbox 2666 4165 2985 4232; x_wconf 84' lang='lat' dir='ltr'>civitatem</span> <span class='ocrx_word' id='word_1_325' title='bbox 3023 4163 3217 4233; x_wconf 89' lang='lat' dir='ltr'>Seno-</span> 
     </span>
     <span class='ocr_line' id='line_1_35' title="bbox 347 4268 3276 4366; baseline -0.001 -24"><span class='ocrx_word' id='word_1_326' title='bbox 347 4294 609 4342; x_wconf 90' lang='lat' dir='ltr'>nensem</span> <span class='ocrx_word' id='word_1_327' title='bbox 635 4274 702 4339; x_wconf 94' lang='lat' dir='ltr'>in</span> <span class='ocrx_word' id='word_1_328' title='bbox 727 4272 1002 4339; x_wconf 87' lang='lat' dir='ltr'>crastino</span> <span class='ocrx_word' id='word_1_329' title='bbox 1026 4292 1074 4339; x_wconf 90' lang='lat' dir='ltr'>s.</span> <span class='ocrx_word' id='word_1_330' title='bbox 1094 4270 1340 4339; x_wconf 89' lang='lat' dir='ltr'>Nicolai</span> <span class='ocrx_word' id='word_1_331' title='bbox 1361 4270 1756 4356; x_wconf 86' lang='lat' dir='ltr'>confessoris,</span> <span class='ocrx_word' id='word_1_332' title='bbox 1787 4268 2173 4360; x_wconf 85' lang='lat' dir='ltr'>comparuit²</span> <span class='ocrx_word' id='word_1_333' title='bbox 2196 4270 2429 4339; x_wconf 89' lang='lat' dir='ltr'>ibidem</span> <span class='ocrx_word' id='word_1_334' title='bbox 2452 4272 2754 4355; x_wconf 87' lang='lat' dir='ltr'>magister</span> <span class='ocrx_word' id='word_1_335' title='bbox 2776 4270 3235 4358; x_wconf 67' lang='lat' dir='ltr'>Theodericus,</span> <span class='ocrx_word' id='word_1_336' title='bbox 3252 4348 3276 4366; x_wconf 26' lang='grc' dir='ltr'>χ</span> 
     </span>
     <span class='ocr_line' id='line_1_36' title="bbox 349 4370 3291 4467; baseline -0.001 -18"><span class='ocrx_word' id='word_1_337' title='bbox 349 4382 560 4449; x_wconf 87' lang='lat' dir='ltr'>dietus</span> <span class='ocrx_word' id='word_1_338' title='bbox 605 4379 684 4447; x_wconf 89' lang='lat' dir='ltr'>de</span> <span class='ocrx_word' id='word_1_339' title='bbox 713 4378 1118 4467; x_wconf 82' lang='lat' dir='ltr'>Grunyngen,</span> <span class='ocrx_word' id='word_1_340' title='bbox 1163 4384 1496 4467; x_wconf 88' lang='lat' dir='ltr'>preceptor</span> <span class='ocrx_word' id='word_1_341' title='bbox 1541 4378 1693 4445; x_wconf 88' lang='lat' dir='ltr'>dicti</span> <span class='ocrx_word' id='word_1_342' title='bbox 1733 4378 1973 4445; x_wconf 89' lang='lat' dir='ltr'>ordinis</span> <span class='ocrx_word' id='word_1_343' title='bbox 2003 4378 2333 4465; x_wconf 88' lang='lat' dir='ltr'>hospitalis</span> <span class='ocrx_word' id='word_1_344' title='bbox 2378 4399 2428 4444; x_wconf 92' lang='lat' dir='ltr'>s.</span> <span class='ocrx_word' id='word_1_345' title='bbox 2460 4377 2659 4445; x_wconf 85' lang='lat' dir='ltr'>Marie</span> <span class='ocrx_word' id='word_1_346' title='bbox 2690 4378 3217 4446; x_wconf 85' lang='lat' dir='ltr'>Theutonieorum</span> <span class='ocrx_word' id='word_1_347' title='bbox 3280 4370 3291 4377; x_wconf 65' lang='grc'><strong>”</strong></span> 
     </span>
     <span class='ocr_line' id='line_1_37' title="bbox 349 4484 3218 4572; baseline -0.002 -15"><span class='ocrx_word' id='word_1_348' title='bbox 349 4490 421 4557; x_wconf 89' lang='lat' dir='ltr'>in</span> <span class='ocrx_word' id='word_1_349' title='bbox 465 4488 875 4572; x_wconf 90' lang='lat' dir='ltr'>Alemannia,</span> <span class='ocrx_word' id='word_1_350' title='bbox 929 4488 1097 4555; x_wconf 76' lang='lat' dir='ltr'>vices</span> <span class='ocrx_word' id='word_1_351' title='bbox 1144 4506 1334 4571; x_wconf 87' lang='lat' dir='ltr'>agens</span> <span class='ocrx_word' id='word_1_352' title='bbox 1380 4486 1669 4571; x_wconf 84' lang='lat' dir='ltr'>magistri</span> <span class='ocrx_word' id='word_1_353' title='bbox 1712 4485 2023 4569; x_wconf 85' lang='lat' dir='ltr'>generalis</span> <span class='ocrx_word' id='word_1_354' title='bbox 2067 4487 2135 4552; x_wconf 90' lang='lat' dir='ltr'>in</span> <span class='ocrx_word' id='word_1_355' title='bbox 2180 4486 2298 4553; x_wconf 88' lang='lat' dir='ltr'>hac</span> <span class='ocrx_word' id='word_1_356' title='bbox 2343 4504 2565 4571; x_wconf 88' lang='lat' dir='ltr'>causa,</span> <span class='ocrx_word' id='word_1_357' title='bbox 2622 4486 2731 4571; x_wconf 89' lang='lat' dir='ltr'>qui</span> <span class='ocrx_word' id='word_1_358' title='bbox 2773 4484 3020 4553; x_wconf 88' lang='lat' dir='ltr'>litteras</span> <span class='ocrx_word' id='word_1_359' title='bbox 3064 4486 3218 4552; x_wconf 88' lang='lat' dir='ltr'>dicti</span> 
     </span>
     <span class='ocr_line' id='line_1_38' title="bbox 350 4592 3213 4682; baseline -0.002 -16"><span class='ocrx_word' id='word_1_360' title='bbox 350 4596 642 4682; x_wconf 84' lang='lat' dir='ltr'>magistri</span> <span class='ocrx_word' id='word_1_361' title='bbox 685 4593 996 4680; x_wconf 87' lang='lat' dir='ltr'>generalis</span> <span class='ocrx_word' id='word_1_362' title='bbox 1043 4593 1328 4663; x_wconf 84' lang='lat' dir='ltr'>exhibuit</span> <span class='ocrx_word' id='word_1_363' title='bbox 1372 4592 1488 4660; x_wconf 89' lang='lat' dir='ltr'>sub</span> <span class='ocrx_word' id='word_1_364' title='bbox 1533 4592 1652 4660; x_wconf 88' lang='lat' dir='ltr'>hac</span> <span class='ocrx_word' id='word_1_365' title='bbox 1693 4593 1928 4659; x_wconf 80' lang='lat' dir='ltr'>forma:</span> <span class='ocrx_word' id='word_1_366' title='bbox 1976 4592 2357 4661; x_wconf 87' lang='lat' dir='ltr'>Reverendis</span> <span class='ocrx_word' id='word_1_367' title='bbox 2404 4598 2521 4661; x_wconf 86' lang='lat' dir='ltr'>ete.</span> <span class='ocrx_word' id='word_1_368' title='bbox 2554 4594 2752 4661; x_wconf 84' lang='lat' dir='ltr'>frater</span> <span class='ocrx_word' id='word_1_369' title='bbox 2779 4592 3051 4680; x_wconf 89' lang='lat' dir='ltr'>P(oppo)</span> <span class='ocrx_word' id='word_1_370' title='bbox 3098 4597 3213 4660; x_wconf 85' lang='lat' dir='ltr'>ete.</span> 
     </span>
     <span class='ocr_line' id='line_1_39' title="bbox 353 4700 3216 4795; baseline -0.002 -21"><span class='ocrx_word' id='word_1_371' title='bbox 353 4706 458 4789; x_wconf 83' lang='lat' dir='ltr'>(cf.</span> <span class='ocrx_word' id='word_1_372' title='bbox 491 4724 686 4795; x_wconf 88' lang='lat' dir='ltr'>supra</span> <span class='ocrx_word' id='word_1_373' title='bbox 711 4724 776 4771; x_wconf 90' lang='lat' dir='ltr'>n.</span> <span class='ocrx_word' id='word_1_374' title='bbox 803 4704 932 4771; x_wconf 82' lang='lat'>249</span> <span class='ocrx_word' id='word_1_375' title='bbox 963 4704 1043 4771; x_wconf 92' lang='lat' dir='ltr'>de</span> <span class='ocrx_word' id='word_1_376' title='bbox 1076 4702 1248 4770; x_wconf 83' lang='lat'>1254</span> <span class='ocrx_word' id='word_1_377' title='bbox 1277 4707 1440 4789; x_wconf 88' lang='lat' dir='ltr'>sept.</span> <span class='ocrx_word' id='word_1_378' title='bbox 1459 4704 1588 4784; x_wconf 87' lang='lat'><strong>13).</strong></span> <span class='ocrx_word' id='word_1_379' title='bbox 1657 4700 1889 4767; x_wconf 90' lang='lat' dir='ltr'>Habito</span> <span class='ocrx_word' id='word_1_380' title='bbox 1919 4701 2114 4785; x_wconf 88' lang='lat' dir='ltr'>igitur</span> <span class='ocrx_word' id='word_1_381' title='bbox 2140 4701 2429 4787; x_wconf 82' lang='lat' dir='ltr'>diligenti</span> <span class='ocrx_word' id='word_1_382' title='bbox 2460 4706 2733 4768; x_wconf 83' lang='lat' dir='ltr'>tractatu</span> <span class='ocrx_word' id='word_1_383' title='bbox 2774 4701 2923 4767; x_wconf 88' lang='lat' dir='ltr'>hine</span> <span class='ocrx_word' id='word_1_384' title='bbox 2953 4705 3017 4768; x_wconf 92' lang='lat' dir='ltr'>et</span> <span class='ocrx_word' id='word_1_385' title='bbox 3046 4700 3216 4785; x_wconf 89' lang='lat' dir='ltr'>inde,</span> 
     </span>
     <span class='ocr_line' id='line_1_40' title="bbox 349 4808 3217 4896; baseline -0.001 -17"><span class='ocrx_word' id='word_1_386' title='bbox 349 4814 420 4879; x_wconf 93' lang='lat' dir='ltr'>in</span> <span class='ocrx_word' id='word_1_387' title='bbox 465 4812 658 4879; x_wconf 88' lang='lat' dir='ltr'>talem</span> <span class='ocrx_word' id='word_1_388' title='bbox 714 4812 984 4877; x_wconf 84' lang='lat' dir='ltr'>formam</span> <span class='ocrx_word' id='word_1_389' title='bbox 1039 4809 1432 4877; x_wconf 85' lang='lat' dir='ltr'>concorditer</span> <span class='ocrx_word' id='word_1_390' title='bbox 1476 4814 1575 4877; x_wconf 91' lang='lat' dir='ltr'>est</span> <span class='ocrx_word' id='word_1_391' title='bbox 1617 4813 2027 4893; x_wconf 87' lang='lat' dir='ltr'>conventum,</span> <span class='ocrx_word' id='word_1_392' title='bbox 2087 4809 2253 4896; x_wconf 90' lang='lat' dir='ltr'>quod</span> <span class='ocrx_word' id='word_1_393' title='bbox 2298 4808 2503 4877; x_wconf 86' lang='lat' dir='ltr'>dictus</span> <span class='ocrx_word' id='word_1_394' title='bbox 2558 4809 2756 4877; x_wconf 71' lang='lat' dir='ltr'>frater</span> <span class='ocrx_word' id='word_1_395' title='bbox 2801 4808 3217 4877; x_wconf 88' lang='lat' dir='ltr'>Theodericus</span> 
     </span>
     <span class='ocr_line' id='line_1_41' title="bbox 349 4915 3217 5005; baseline -0.001 -18"><span class='ocrx_word' id='word_1_396' title='bbox 349 4918 556 5004; x_wconf 87' lang='lat' dir='ltr'>nobis,</span> <span class='ocrx_word' id='word_1_397' title='bbox 605 4918 1072 5005; x_wconf 84' lang='lat' dir='ltr'>archiepiscopo</span> <span class='ocrx_word' id='word_1_398' title='bbox 1114 4915 1374 5001; x_wconf 87' lang='lat' dir='ltr'>Rigensi</span> <span class='ocrx_word' id='word_1_399' title='bbox 1420 4922 1486 4985; x_wconf 89' lang='lat' dir='ltr'>et</span> <span class='ocrx_word' id='word_1_400' title='bbox 1529 4916 1824 4985; x_wconf 87' lang='lat' dir='ltr'>Osiliensi</span> <span class='ocrx_word' id='word_1_401' title='bbox 1870 4918 2164 5004; x_wconf 84' lang='lat' dir='ltr'>episeopo</span> <span class='ocrx_word' id='word_1_402' title='bbox 2210 4915 2609 5004; x_wconf 88' lang='lat' dir='ltr'>presentibus</span> <span class='ocrx_word' id='word_1_403' title='bbox 2623 4967 2642 5000; x_wconf 91' lang='lat'>,</span> <span class='ocrx_word' id='word_1_404' title='bbox 2696 4922 2761 4984; x_wconf 91' lang='lat' dir='ltr'>et</span> <span class='ocrx_word' id='word_1_405' title='bbox 2804 4915 3217 4985; x_wconf 85' lang='lat' dir='ltr'>Tharbatensi</span> 
     </span>
     <span class='ocr_line' id='line_1_42' title="bbox 353 5023 3217 5116; baseline -0.001 -21"><span class='ocrx_word' id='word_1_406' title='bbox 353 5028 672 5116; x_wconf 82' lang='lat' dir='ltr'>episeopo,</span> <span class='ocrx_word' id='word_1_407' title='bbox 716 5026 865 5094; x_wconf 86' lang='lat' dir='ltr'>licet</span> <span class='ocrx_word' id='word_1_408' title='bbox 895 5025 1162 5111; x_wconf 79' lang='lat' dir='ltr'>absenti,</span> <span class='ocrx_word' id='word_1_409' title='bbox 1208 5024 1466 5093; x_wconf 87' lang='lat' dir='ltr'>cuilibet</span> <span class='ocrx_word' id='word_1_410' title='bbox 1493 5030 1800 5110; x_wconf 69' lang='lat' dir='ltr'>nosm,</span> <span class='ocrx_word' id='word_1_411' title='bbox 1845 5044 1963 5113; x_wconf 91' lang='lat' dir='ltr'>pro</span> <span class='ocrx_word' id='word_1_412' title='bbox 1994 5044 2109 5091; x_wconf 90' lang='lat' dir='ltr'>suo</span> <span class='ocrx_word' id='word_1_413' title='bbox 2139 5024 2506 5112; x_wconf 88' lang='lat' dir='ltr'>episcopatu</span> <span class='ocrx_word' id='word_1_414' title='bbox 2538 5023 2982 5112; x_wconf 87' lang='lat' dir='ltr'>obedientiam,</span> <span class='ocrx_word' id='word_1_415' title='bbox 3026 5042 3217 5112; x_wconf 87' lang='lat' dir='ltr'>quam</span> 
     </span>
    </p>
   </div>
  </div>
 </body>
</html>
