3892 5609
651 310 747 387 38
985 390 989 403 Ι
1433 290 1664 373 ‘ruam
1709 321 1994 373 smum.
2066 322 2399 371 amum.
2470 321 2735 371 errans

647 486 815 554 inter
858 490 1146 572 pastores
1194 490 1258 551 et
1285 483 1587 551 Amidain
1633 482 1837 550 tendit
1879 503 2079 568 usque
2124 483 2205 549 ad
2250 482 2495 567 collem,
2542 488 2688 551 ante
2733 504 2937 571 quem,
2965 482 3189 550 collem
3218 489 3367 549 sunt
3394 481 3523 549 duo

647 592 791 660 rubi
835 592 1121 659 salvatici
1169 596 1232 658 et
1277 591 1463 657 arbor
1493 591 1834 673 morarius3
1882 591 2109 658 dehinc
2137 590 2341 657 tendit
2369 610 2569 675 usque
2600 590 2680 656 ad
2710 592 3023 674 gastinam
3054 589 3288 656 dictam
3318 589 3525 673 Dagie

648 706 710 767 et
753 700 1115 767 extenditur
1157 718 1356 783 usque
1402 698 1483 765 ad
1526 697 1784 782 Zamga‚
1841 698 2067 778 dehinc
2112 718 2311 785 usque
2358 698 2439 764 ad
2480 698 2686 765 lacum
2734 696 2920 765 Helia
2964 703 3029 765 et
3070 696 3201 781 Iob,
3248 702 3314 763 et
3355 698 3525 763 inter

646 807 758 875 Ioh
800 812 864 873 et
889 806 1155 873 Ramam
1203 811 1300 872 est
1344 805 1614 891 quedam
1660 825 1816 871 cava
1859 805 2083 872 divisa.
2151 805 2307 873 Item
2354 805 2525 872 aliud
2569 804 2775 873 casale
2818 806 3071 873 nomine
3102 804 3330 893 Sespin
3378 825 3524 872 cum

647 914 1053 1001 pertinenciis
1113 918 1177 980 et
1221 913 1634 981 divisionibus
1687 913 1888 1000 ipsius
1941 914 2204 997 signatis
2253 934 2292 979 a
2334 918 2515 1000 parte
2559 912 2749 979 Baari
2792 913 3153 979 extenditur
3196 932 3395 998 usque
3440 912 3525 979 ad

647 1042 926 1104 crucem;
975 1020 1200 1089 dehinc
1243 1040 1446 1105 usque
1490 1021 1570 1087 ad
1615 1041 1833 1088 cavam
1881 1026 1946 1089 et
1988 1042 2185 1107 usque
2234 1020 2315 1087 ad
2358 1026 2655 1094 turonum
2700 1020 2779 1087 de
2811 1019 3062 1087 Sabuhc
3106 1026 3169 1087 et
3212 1020 3523 1105 usque-ad

649 1124 976 1214 aggerem⁸
1022 1128 1100 1194 de
1143 1127 1439 1213 Bezequi.
1512 1126 1684 1195 Inter
1731 1127 1961 1216 Sespin
2006 1134 2070 1195 et
2112 1127 2303 1195 Baari
2348 1134 2412 1196 et
2453 1127 2663 1195 Abedi
2705 1134 2768 1195 et
2812 1126 3106 1195 Raselain
3152 1134 3249 1195 est
3293 1126 3523 1194 divisio

649 1236 917 1322 quedam
961 1240 1146 1323 petra
1191 1235 1432 1302 scilicet
1475 1237 1660 1320 nigra
1700 1241 1764 1303 et
1803 1241 2135 1323 pertusum
2164 1234 2391 1321 vulpiS,
2440 1240 2502 1301 et
2534 1235 2893 1305 extenditur
2922 1256 3121 1320 usque
3152 1235 3233 1302 ad
3260 1235 3524 1301 curbam

646 1344 942 1411 Iohannis
974 1343 1190 1425 Turci3
1241 1342 1468 1409 dehinc
1510 1363 1708 1428 usque
1753 1342 1835 1409 ad
1879 1343 2141 1410 curbam
2186 1343 2264 1409 de
2292 1340 2527 1427 Mequn
2575 1347 2639 1409 et
2682 1362 2880 1428 usque
2925 1342 3004 1408 ad
3034 1342 3329 1429 Indapus.
3388 1340 3527 1409 Hec

646 1451 816 1517 infra
861 1451 1053 1517 situm
1098 1456 1196 1517 est
1239 1449 1446 1536 ipsum
1495 1450 1702 1517 casale
1749 1448 1995 1537 Sespin.
2084 1450 2187 1516 Ex
2230 1455 2411 1537 parte
2454 1448 2747 1516 Alasines
2794 1449 3153 1517 extenditur
3197 1470 3395 1535 usque
3440 1449 3525 1515 ad

650 1556 938 1625 arborem
983 1558 1326 1625 morarium
1372 1557 1681 1624 furcatam
1729 1561 1792 1624 et
1835 1577 2035 1642 usque
2081 1557 2161 1623 ad
2204 1556 2438 1623 flumen
2468 1556 2662 1623 Iohan
2709 1561 2772 1623 et
2817 1556 2897 1623 ad
2928 1558 3188 1641 vingum
3232 1555 3523 1623 Dendieu

649 1670 713 1731 et
757 1664 838 1731 ad
883 1665 1208 1732 ecclesiam
1254 1664 1332 1731 de
1361 1664 1636 1752 Indapus
1681 1668 1746 1732 et
1790 1664 1870 1731 ad
1900 1669 2197 1732 turonum
2227 1665 2471 1751 platum
2502 1669 2566 1731 et
2594 1670 2843 1751 petram
2872 1665 3121 1748 nigram
3156 1669 3219 1731 et
3250 1664 3521 1730 fractum

649 1772 962 1839 arvoltum
1008 1778 1072 1839 et
1113 1791 1312 1856 usque
1358 1772 1440 1838 ad
1483 1772 1758 1857 laecum,
1803 1772 1914 1838 ubi
1957 1772 2081 1839 fuit
2126 1771 2348 1838 domus
2392 1770 2687 1838 Iohannis
2733 1769 3001 1856 Gordiu,
3056 1777 3121 1839 et
3162 1772 3335 1837 viam
3378 1790 3523 1837 cru-

648 1880 900 1962 ciatam,
948 1879 1056 1945 ubi
1103 1885 1201 1946 est
1244 1899 1398 1946 crux
1445 1880 1524 1947 de
1568 1886 1770 1966 petra.
1841 1880 2008 1947 Hinc
2051 1884 2150 1947 est
2192 1884 2365 1945 recta
2411 1881 2515 1945 via
2560 1880 2637 1946 de
2680 1879 3000 1946 Amudain
3048 1878 3129 1945 ad
3164 1878 3413 1945 Tractic
3458 1884 3523 1946 et

647 1992 870 2074 postea
925 1985 1006 2052 ad
1060 1984 1316 2054 flumen.
1395 1986 1552 2054 Item
1611 1988 1782 2054 aliud
1835 1988 2042 2054 casale
2098 1988 2352 2053 nomine
2395 1986 2765 2073 Buquequia
2818 2006 2961 2053 cum
3004 1986 3411 2073 pertinenciis
3458 1992 3523 2053 et

648 2093 1060 2162 divisionibus
1119 2093 1250 2161 suis
1303 2095 1599 2180 sig-ustie,
1669 2096 1833 2163 sicut
1889 2094 2179 2161 dominus
2224 2094 2493 2162 Michael
2546 2097 2759 2182 ipsum
2811 2096 3046 2177 tenuit3
3119 2094 3397 2161 eiusdem
3460 2104 3524 2160 et

549 2184 554 2191 ’
648 2201 877 2289 Sespin
942 2201 1330 2269 territorium
1384 2202 1686 2286 iungitur.
1780 2202 1936 2270 Item
1990 2202 2060 2269 in
2116 2203 2433 2269 territorio
2492 2202 2724 2268 Meloni
2780 2202 2951 2268 aliud
3005 2202 3212 2268 casale
3266 2201 3523 2269 nomine

649 2308 1054 2376 Cumbethfor
1111 2328 1253 2374 cum
1313 2310 1718 2394 pertinenciis
1776 2316 1841 2377 et
1895 2310 2307 2377 divisionibus
2363 2310 2563 2396 ipsius
2624 2308 2885 2393 signatis
2943 2328 2980 2375 a
3024 2315 3205 2395 parte
3258 2291 3521 2376 orientis

649 2416 1040 2498 extenditur,
1099 2416 1262 2482 sicut
1305 2416 1482 2482 vadit
1522 2418 1628 2483 via
1669 2438 1870 2504 usque
1915 2417 1996 2482 ad
2040 2406 2286 2503 petram
2331 2418 2499 2483 inter
2543 2415 2949 2483 Cumbethfor
2994 2423 3057 2484 et
3102 2416 3410 2501 Tetimec‚
3457 2421 3523 2483 et

649 2529 796 2590 sunt
850 2522 1019 2590 infra
1061 2528 1240 2609 petre
1286 2543 1401 2609 pro
1447 2525 1634 2591 metis
1678 2523 1802 2591 fixe
1849 2530 1912 2591 et
1956 2523 2170 2591 subter
2216 2524 2537 2591 carbones.
2628 2523 2875 2591 Dehinc
2920 2524 3281 2591 extenditur
3322 2544 3523 2609 usque

515 2692 520 2699 .
650 2631 730 2699 ad
774 2635 976 2699 metas
1021 2636 1347 2717 petrarum
1391 2629 1552 2697 fixas
1599 2652 1680 2698 ex
1721 2638 1904 2719 parte
1950 2630 2213 2699 Vancun
2258 2638 2321 2699 et
2365 2632 2667 2699 carbones
2714 2632 2946 2699 subter.
3024 2632 3087 2697 A
3134 2638 3313 2717 parte
3358 2633 3523 2699 occi-

647 2739 854 2805 dentis
895 2740 1064 2805 inter
1095 2737 1504 2805 Cumbethfor
1549 2745 1614 2807 et
1659 2739 1865 2807 casale
1911 2740 2150 2805 dictum
2193 2739 2590 2823 Beleguinos,
2639 2739 2804 2824 quod
2846 2738 3137 2805 habitant
3178 2738 3399 2805 villani
3444 2740 3523 2807 de

647 2846 902 2914 Areneh
947 2852 1011 2912 et
1057 2851 1154 2912 est
1197 2850 1412 2913 sancte
1457 2844 1656 2913 Marie
1700 2847 1781 2913 de
1823 2849 2020 2932 turri,
2066 2852 2217 2914 sunt
2260 2852 2425 2914 mete
2471 2850 2795 2933 petrarum
2840 2844 2965 2911 fixe
3011 2852 3075 2913 et
3120 2845 3333 2913 subter
3386 2866 3523 2913 car-

651 2954 862 3021 bones.
931 2953 1178 3021 Dehinc
1220 2953 1580 3020 extenditur
1608 2974 1808 3039 usque
1855 2954 1937 3021 ad
1980 2954 2379 3042 columpnam
2425 2974 2863 3021 marmoream.
2932 2952 2993 3019 A
3039 2959 3221 3039 parte
3250 2958 3525 3041 septem-

648 3062 872 3129 trionis
916 3080 1136 3128 versus
1184 3060 1540 3127 Casseriam
1587 3065 1736 3127 sunt
1781 3067 1946 3129 mete
1989 3061 2115 3129 fixe
2162 3068 2225 3129 et
2268 3062 2483 3129 subter
2528 3061 2827 3128 carbones
2874 3066 2939 3127 et
2981 3060 3157 3128 vadit
3200 3081 3397 3146 usque
3442 3060 3523 3126 ad

651 3175 964 3237 turonum.
1046 3168 1109 3235 A
1151 3167 1416 3235 meridie
1473 3167 1836 3235 extenditur
1878 3190 2077 3256 usque
2134 3171 2214 3236 ad
2270 3175 2472 3237 metas
2531 3170 2609 3236 de
2652 3169 2981 3253 Bagnigun
2999 3218 3018 3253 ,
3076 3167 3184 3235 ubi
3229 3186 3385 3233 crux
3428 3170 3529 3233 est

649 3276 879 3365 posita,
928 3282 994 3343 et
1035 3294 1232 3363 usque
1268 3274 1348 3341 ad
1378 3276 1658 3358 rocham,
1707 3282 1772 3344 et
1799 3276 1969 3345 infra
1996 3284 2144 3344 sunt
2173 3283 2349 3364 petre
2380 3276 2503 3343 fixe
2536 3282 2600 3344 et
2626 3276 2928 3343 carbones
2960 3275 3193 3343 subter.
3252 3275 3312 3340 A
3342 3278 3525 3361 parte

648 3384 1040 3452 Abraainain
1100 3387 1164 3449 et
1209 3382 1492 3450 Casserie
1550 3389 1698 3449 sunt
1753 3390 1932 3470 petre
1984 3384 2109 3451 fixe
2156 3391 2219 3452 et
2264 3385 2563 3451 carbones
2608 3384 2843 3451 subter.
2922 3382 3009 3449 Et
3050 3384 3119 3447 in
3161 3381 3369 3447 medio
3414 3400 3525 3467 pe—

649 3498 890 3559 trarum
936 3490 1204 3557 fixarum
1255 3494 1353 3557 est
1397 3510 1552 3557 crux
1600 3490 1677 3557 de
1723 3497 1923 3577 petra.
1996 3492 2153 3559 Item
2200 3492 2372 3559 aliud
2418 3492 2623 3559 casale
2669 3491 2921 3557 nomine
2955 3492 3144 3576 Ayun
3190 3510 3333 3555 cum
3384 3509 3525 3575 per·-

649 3599 943 3668 tinenciis
989 3606 1054 3666 et
1097 3598 1509 3665 divisionibus
1563 3598 1766 3685 ipsius
1813 3600 2111 3683 signatis:
2174 3618 2213 3666 a
2254 3605 2435 3686 parte
2482 3599 2727 3666 Calasie
2773 3606 2871 3665 est
2912 3618 3067 3665 crux
3112 3598 3190 3663 de
3234 3601 3419 3684 petra
3461 3601 3525 3662 et

650 3708 952 3776 carbones
1010 3705 1226 3773 subter
1271 3726 1468 3792 supra
1511 3706 1710 3789 viam,
1751 3726 1890 3797 „que
1947 3706 2121 3774 ducit
2172 3708 2253 3773 ad
2292 3706 2576 3773 Vancun.
2668 3708 2727 3771 A
2774 3712 2955 3793 parte
3000 3704 3263 3771 orientis
3306 3710 3525 3771 exten-

650 3815 823 3881 ditur
869 3813 950 3882 ad
995 3819 1322 3899 pertusum
1370 3813 1578 3899 vulpis
1623 3818 1689 3881 et
1733 3818 1833 3879 est
1873 3814 1964 3882 ibi
2010 3834 2163 3881 crux
2211 3815 2289 3881 de
2332 3820 2531 3901 petra.
2624 3814 2869 3881 Dehinc
2925 3812 3283 3880 extenditur
3326 3832 3525 3896 usque

652 3921 734 3989 ad
779 3921 943 3989 ovile
989 3926 1054 3989 et
1095 3920 1163 3987 in
1207 3919 1416 3987 medio
1462 3926 1610 3987 sunt
1653 3927 1821 3989 mete
1865 3921 1943 3989 de
1990 3927 2174 4009 petra
2217 3924 2491 4007 quinque
2536 3927 2600 3988 et
2629 3922 2930 3989 carbones
2960 3920 3195 3987 subter.
3250 3920 3310 3986 A
3344 3924 3523 4006 parte

649 4024 957 4111 Vangun⁴
1004 4048 1202 4113 usque
1253 4029 1333 4094 ad
1381 4027 1569 4094 aliam
1617 4048 1864 4095 crucem
1911 4030 1992 4096 de
2034 4035 2235 4116 petra,
2284 4050 2404 4115 que
2447 4028 2577 4095 fixa
2622 4036 2718 4096 est
2758 4030 2929 4095 iusta
2970 4028 3286 4111 gastinam
3332 4048 3526 4113 supra

650 4138 852 4221 viam,
910 4140 974 4202 et
1016 4136 1083 4202 in
1129 4136 1334 4222 capite
1381 4136 1481 4201 vie
1527 4140 1626 4201 est
1677 4136 1804 4203 alia
1847 4143 2031 4224 petra
2076 4142 2140 4203 et
2182 4138 2287 4203 via
2328 4136 2418 4203 ibi
2464 4136 2783 4203 dividitur.
2866 4136 3005 4201 Hiis
3050 4136 3144 4201 ita
3188 4136 3522 4219 assignatis

648 4245 800 4311 item
849 4243 1012 4310 dono
1059 4248 1122 4309 et
1165 4242 1436 4309 concedo
1483 4243 1708 4309 amodo
1754 4245 1822 4310 in
1865 4251 2242 4331 perpetuum
2288 4245 2524 4312 eisdem
2552 4245 2855 4312 fratribus
2885 4244 3137 4330 plenam
3166 4243 3525 4311 libertatem

649 4372 764 4438 per
809 4356 1064 4434 terram,
1110 4370 1226 4437 per
1255 4336 1450 4433 mare,
1498 4370 1614 4435 per
1659 4356 1862 4418 totum
1904 4372 2169 4436 regnum
2216 4372 2427 4419 meum
2474 4360 2536 4419 et
2580 4372 2695 4439 per
2724 4356 2923 4418 totam
2968 4356 3203 4418 terram
3244 4352 3525 4417 omnium

648 4459 805 4525 mihi
851 4457 1318 4525 subiacencium
1367 4463 1430 4523 et
1475 4458 1906 4525 obediencium
1953 4460 2020 4525 in
2066 4460 2447 4546 civitatibus,
2494 4460 2561 4527 in
2607 4459 2905 4543 castelliS,
2950 4460 3019 4525 in
3062 4458 3252 4542 vinis,
3310 4459 3378 4523 in
3422 4478 3525 4523 ca-

649 4552 906 4651 salibus,
953 4566 1023 4632 in
1057 4565 1398 4648 montibuS,
1443 4565 1513 4630 in
1555 4565 1786 4651 planis,
1832 4567 1899 4633 in
1945 4568 2231 4653 portibus
2261 4568 2569 4635 vendendi
2618 4573 2683 4632 et
2723 4567 2971 4633 emendi
3003 4566 3084 4632 ad
3114 4586 3271 4651 opus
3302 4566 3524 4632 domus

649 4696 760 4742 sue
817 4674 1030 4741 omnia
1085 4672 1382 4739 victualia
1439 4678 1502 4739 et
1565 4693 1808 4758 queque
1863 4675 1986 4741 sibi
2040 4676 2425 4757 necessaria,
2488 4679 2553 4741 et
2606 4676 2805 4741 eciam
2862 4674 3251 4759 equitaturas
3307 4673 3524 4759 libere,

650 4784 889 4867 quiete,
939 4780 1229 4868 pacifice,
1277 4780 1412 4847 sine
1457 4782 1983 4866 contradictione,
2031 4783 2167 4849 sine
2215 4783 2384 4849 omni
2428 4783 2741 4865 drictura,
2789 4783 2924 4849 sine
2970 4782 3419 4849 contrarietate
3462 4787 3530 4848 et

649 4890 788 4957 sine
833 4890 1158 4957 exactione
1204 4888 1432 4973 aliqua.
1503 4886 1796 4955 Predicta
1825 4910 1973 4957 vero
2022 4890 2235 4957 omnia
2278 4890 2606 4957 castellum
2652 4894 2717 4956 et
2760 4888 2997 4955 casalia
3040 4909 3181 4956 cum
3228 4889 3416 4955 terris
3462 4894 3527 4955 et

643 4983 1052 5086 pertinenciis
1109 5002 1173 5065 et
1227 4995 1638 5063 divisionibus
1695 4998 1993 5081 signatis,
2053 5017 2195 5063 cum
2255 4998 2433 5083 aquis
2492 5003 2557 5065 et
2612 4996 2988 5063 molendinis
3048 5002 3112 5063 et
3164 5016 3308 5063 cum
3354 4996 3529 5063 omni
