3892 5609
1334 391 1720 440 ramme-m
1767 391 2157 440 essemus
3016 379 3168 452 413

317 547 494 614 nium
540 583 624 594 -
671 547 1005 635 provideri.
1087 546 1322 616 Datum
1379 550 1549 636 apud
1607 549 2177 618 Montemflasconis
2230 550 2277 615 ii
2322 549 2446 615 kal.
2492 549 2725 636 septbr.
2774 548 3173 636 pontificatus

315 654 518 721 nostri
564 675 729 721 anno
773 655 996 742 primo.

529 779 594 829 A.
617 777 682 830 16
715 795 766 846 Ρ.
785 778 854 830 55
896 777 1146 842 ,,Βο,ι·ιι11“.
1213 778 1446 830 Urbanus
1489 779 1617 832 1261
1660 797 1775 846 aug.
1801 779 1871 832 29
1919 779 2133 842 electus3
2181 789 2497 832 consecratus
2543 787 2623 830 est
2668 787 2797 845 sept.
2831 779 2867 829 4
2876 797 2895 841 3
2940 779 3005 830 31
3051 795 3173 846 ergo

317 881 436 932 aug.
471 883 522 934 Ρ.
548 883 594 918 a.
625 868 648 919 1
691 885 823 920 anno
860 867 1042 919 Christi
1084 865 1218 918 1262
1255 867 1658 920 adnumerandus
1695 877 1788 922 eet.

321 1070 497 1141 625.
539 1073 718 1141 1263
759 1077 979 1141 martii
1003 1075 1094 1141 22
1136 1077 1313 1162 apud
1356 1074 1578 1141 Urbem
1613 1075 1901 1142 Veterem.
1978 1073 2263 1141 Urbanus
2296 1075 2339 1141 I
2347 1075 2408 1141 V
2434 1079 2654 1162 repetit
2682 1075 3044 1141 Alexandri
3072 1075 3182 1141 IV

538 1203 602 1245 π.
634 1180 767 1248 600
812 1183 888 1247 de
927 1182 1104 1249 1258
1149 1183 1352 1248 decbr.
1385 1184 1491 1249 11.

536 1303 826 1371 Urbanus
873 1312 987 1372 etc.
1212 1305 1537 1386 Querelam
1586 1326 1840 1390 gravem
1887 1311 2003 1372 etc.
2054 1342 2137 1352 —
2183 1305 2572 1392 requirendis
2618 1307 2798 1372 iuxta
2840 1310 3173 1373 consuetu-

317 1409 528 1478 dinem
573 1431 754 1478 suam
799 1413 1168 1480 auctoritate
1213 1413 1559 1499 apostolica
1602 1412 2036 1480 confirmatam
2082 1413 2160 1478 ad
2193 1412 2486 1480 ecclesias
2518 1447 2601 1458 —
2632 1414 2912 1500 recipere
2942 1449 3023 1459 —
3060 1413 3171 1481 sed

318 1553 402 1565 -
451 1518 616 1604 quod
659 1518 852 1585 iidem
898 1520 1247 1607 presbyteri
1294 1521 1610 1605 quandam
1654 1556 1737 1566 —
1784 1540 1911 1586 non
1956 1519 2299 1586 formidant
2344 1555 2427 1566 --
2474 1539 2600 1586 non
2631 1520 2928 1587 debemus
2961 1555 3044 1566 —
3076 1526 3171 1588 te-

315 1645 540 1692 nemur
584 1660 667 1672 -—
717 1631 904 1710 atque
947 1627 1328 1713 precipimus
1375 1663 1458 1672 -
1505 1633 1578 1694 ut
1620 1627 1935 1714 predictos
1980 1627 2229 1711 fratres,
2273 1626 2609 1693 dummodo
2656 1627 2883 1713 ydonei
2914 1633 2979 1694 et
3009 1627 3171 1694 bone

315 1733 629 1819 opinionis
682 1733 988 1817 existant,
1043 1735 1112 1800 in
1156 1734 1433 1802 ecclesiis
1487 1735 1618 1800 suis
1663 1769 1746 1780 --
1795 1733 2119 1820 predicare
2164 1739 2227 1801 et
2271 1733 2641 1800 elemosinas
2688 1755 2948 1819 querere
2992 1736 3172 1800 iuxta

316 1839 484 1925 quod
531 1839 620 1906 eis
665 1840 1009 1926 apostolica
1054 1841 1232 1909 sedes
1276 1841 1560 1926 indulsit,
1608 1840 1744 1909 sine
1775 1877 1857 1888 -
1897 1840 2075 1908 salva
2118 1840 2547 1908 moderatione
2578 1841 2826 1908 concilii
2859 1841 3169 1927 generalis

313 1965 431 2013 nec
476 1945 713 2032 aliquid
759 1948 838 2015 ab
884 1949 975 2015 eis
1022 1985 1104 1995 —
1153 1948 1363 2016 taliter
1406 1949 1672 2016 veritate
1717 1949 1969 2032 cognita
2011 1948 2339 2015 vindicetis
2384 1983 2470 1994 —
2518 1948 2816 2034 predictis
2866 1949 3169 2018 fratribus
3286 1951 3291 1956 '

315 2087 400 2098 —
447 2061 850 2139 presumunt,
908 2056 1322 2143 precipimus,
1381 2062 1484 2140 ut,
1541 2057 1599 2122 si
1643 2055 1888 2141 quando
1933 2055 2203 2142 predicti
2244 2055 2473 2123 fratres
2519 2089 2625 2120 —.
2716 2054 2951 2122 Datum
3001 2055 3169 2143 apud

311 2158 548 2228 Urbem
581 2159 870 2230 Veterem
915 2163 984 2229 xi
1029 2163 1153 2230 kal.
1185 2163 1407 2250 aprilis
1452 2162 1850 2250 pontificatus
1894 2163 2097 2230 nostri
2142 2181 2305 2230 anno
2350 2161 2642 2230 secundo.

528 2283 786 2352 originale
821 2302 934 2338 cum
969 2285 1106 2338 bulla
1139 2286 1193 2339 in
1229 2287 1430 2340 archivo
1465 2287 1851 2354 Regimontano.

318 2486 494 2559 626.
534 2492 714 2560 1263
745 2495 962 2558 martii
988 2494 1078 2559 28
1120 2495 1300 2581 apud
1340 2494 1564 2561 Urbem
1605 2493 1893 2561 Veterem.
1979 2493 2265 2560 Urbanus
2296 2493 2345 2558 I
2348 2491 2407 2558 V
2426 2495 2653 2580 repetit
2680 2492 3038 2558 Alexandri
3064 2491 3113 2556 I
3114 2491 3172 2558 V

534 2623 597 2665 n.
630 2600 772 2678 544⁴
807 2601 885 2665 de
929 2601 1108 2666 1257
1153 2604 1323 2668 iunii
1352 2603 1414 2668 1.

533 2720 826 2790 Urbanus
873 2727 991 2790 ete.
1236 2723 1394 2792 Cum
1439 2724 1684 2792 dilectis
1727 2723 1874 2790 filiis
1921 2729 2037 2791 etc.
2118 2722 2351 2793 Datum
2400 2681 2567 2810 apud
2611 2721 2844 2790 Urbem
2873 2722 3164 2791 Veterem

312 2849 353 2896 v
395 2827 524 2897 kal.
558 2829 778 2916 aprilis
822 2829 1221 2918 pontificatus
1266 2833 1464 2898 nostri
1511 2852 1676 2898 anno
1724 2832 2015 2898 secundo.

523 2953 589 3006 A.
611 2952 677 3004 16
711 2970 762 3020 Ρ.
787 2955 810 3006 1
845 2953 1124 3020 „invenitur
1145 2954 1198 3006 in
1223 2955 1501 3007 Venetiis“.
1545 2955 1611 3006 A.
1639 2954 1704 3006 16
1739 2972 1791 3021 Ρ.
1809 2955 1877 3005 55
1906 2953 2160 3020 „Baruli“.
2212 2953 2604 3015 '1²ranssumtum,
2638 2961 2695 3005 ut
2715 2952 2899 3021 legitur
2921 2954 2974 3005 in
2998 2953 3166 3017 dorso,

317 3058 450 3108 „non
483 3043 607 3094 ntis
643 3041 1010 3094 authenticum“
1053 3043 1102 3094 d.
1128 3041 1180 3096 d.
1212 3043 1422 3096 Paduae
1462 3042 1597 3096 1336
1633 3043 1776 3111 april.
1801 3043 1835 3095 3
1871 3043 2059 3094 factum
2092 3042 2386 3094 auctoritate
2422 3050 2475 3094 et
2506 3042 2745 3107 testibus,
2781 3043 2960 3110 quibus
2994 3052 3162 3096 wans-

311 3139 530 3184 sumtum
564 3130 731 3184 bullae
765 3130 1044 3184 Alexandri
1077 3131 1150 3184 lv
1185 3149 1236 3184 n.
1261 3131 1366 3186 606
1403 3133 1468 3184 de
1508 3133 1643 3186 1259
1678 3131 1822 3200 april.
1848 3132 1920 3184 30
1954 3133 2007 3183 in
2042 3131 2242 3185 archivo
2278 3132 2661 3199 Regimontano.

316 3335 492 3408 627.
533 3337 734 3421 (Ante
761 3339 940 3407 1263
981 3341 1144 3406 maii
1167 3339 1308 3422 28).
1392 3339 1678 3406 Urbanus
1711 3341 1820 3407 IV
1857 3342 2072 3408 eximit
2110 3362 2229 3427 per
2256 3341 2593 3406 triennium
2639 3341 2921 3406 ordinem
2956 3337 3163 3406 Theu-

529 3449 808 3514 tonieum
848 3470 891 3511 a
929 3447 1484 3534 procurationibus
1525 3451 1912 3536 pecuniariis
1958 3450 2177 3534 leqatis
2222 3447 2551 3513 solvendis.

524 3569 716 3621 Oitatur
750 3587 783 3621 a
818 3568 1076 3622 Clemente
1111 3570 1185 3621 IV
1224 3569 1360 3622 1266
1395 3571 1512 3622 maii
1535 3571 1604 3622 28
1641 3571 1860 3638 (Affectu
1894 3569 2291 3637 benevolencie).

315 3770 491 3845 628.
532 3776 709 3844 1263
755 3778 942 3843 octbr.
975 3779 1014 3844 1
1063 3780 1241 3865 apud
1297 3775 1520 3843 Urbem
1571 3776 1857 3844 Veterem.
1962 3778 2249 3844 Urbanus
2294 3775 2405 3843 IV
2448 3779 2671 3863 repetit
2727 3775 3009 3841 Honorii
3049 3773 3175 3840 III

530 3906 594 3948 n.
626 3883 760 3950 305
803 3885 880 3949 de
924 3885 1102 3952 1218
1147 3887 1334 3952 octbr.
1367 3886 1429 3951 1.

531 4005 820 4074 Urbanus
877 4007 1206 4094 episeopus
1273 4027 1490 4075 servus
1547 4028 1871 4075 servorum
1927 4008 2029 4074 dei
2085 4005 2543 4074 venerabilibus
2599 4006 2900 4074 fratribus
2960 4004 3163 4072 arehi-

310 4113 622 4201 episoopis
667 4118 731 4180 et
776 4114 1086 4201 episcopis
1131 4133 1206 4181 ac
1249 4113 1493 4182 dilectis
1538 4113 1684 4181 filiis
1731 4113 2093 4198 abbatibus,
2149 4113 2495 4200 prioribus,
2542 4112 2913 4200 propositio,
2961 4111 3164 4188 archi-

308 4221 608 4305 diaconis,
656 4219 906 4288 decanis
953 4226 1018 4288 et
1061 4219 1202 4287 aliis
1249 4220 1652 4288 ecclesiarum
1699 4220 1976 4308 prelatis,
2025 4221 2106 4286 ad
2151 4240 2305 4305 quos
2349 4220 2557 4286 littere
2587 4221 2707 4286 iste
2738 4221 3161 4308 pervenerint,

308 4327 571 4394 salutem
621 4335 686 4394 et
729 4327 1135 4414 apostolicam
1184 4327 1696 4396 benedictionem.
1945 4327 2103 4394 Cum
2150 4326 2363 4394 dileoti
2406 4361 2493 4374 ν-
2538 4348 2846 4395 curemus.
2924 4327 3163 4395 Datum

309 4435 477 4524 apud
521 4434 754 4502 Urbem
785 4434 1077 4502 Veterem
1121 4435 1247 4503 kal.
1283 4435 1554 4503 octobris
1599 4434 1999 4524 pontificatus
2043 4433 2245 4500 nostri
2288 4454 2453 4500 anno
2499 4437 2713 4502 tercio.

518 4558 793 4625 originale,
829 4558 894 4610 de
931 4576 1028 4626 quo
1063 4558 1202 4610 bulla
1237 4559 1487 4626 quondam
1522 4558 1619 4611 filis
1655 4559 1856 4611 sericeis
1893 4573 2119 4626 appensa
2156 4557 2331 4610 avulsa
2352 4559 2453 4610 im
2476 4558 2635 4620 deest,
2672 4559 2725 4609 in
2749 4557 2951 4610 archivo
2975 4558 3163 4611 ordinis

305 4647 603 4702 Tbeutonici
635 4647 1014 4701 vindobonensi
1059 4648 1159 4700 iam
1194 4648 1384 4700 dudum
1417 4649 1594 4701 domus
1619 4647 2040 4701 Vindobonensis.
2106 4647 2177 4699 VI
2188 4685 2205 4711 ,
2230 4647 2336 4700 353
2346 4665 2392 4699 v.
2456 4647 2515 4698 In
2550 4647 2845 4714 apographo
2880 4647 2990 4699 sine
3024 4647 3162 4711 dato,

305 4737 442 4804 quod
487 4735 644 4804 signis
689 4735 1128 4789 confirmaverunt:
1183 4736 1339 4789 frater
1373 4737 1609 4790 Placidus
1657 4737 1740 4789 dei
1785 4737 1959 4803 gracia
2000 4737 2199 4790 humilis
2244 4737 2527 4788 Andrensis
2574 4736 2839 4804 episeopus
2849 4774 2867 4799 ,
2916 4737 3163 4804 dompnus

304 4825 702 4888 Bartholomaeus,
737 4835 901 4878 rector
935 4825 1146 4878 ecclesie
1182 4845 1222 4878 s.
1247 4824 1588 4879 Bartholomei
1622 4835 1674 4878 et
1703 4826 1915 4878 vicarius
1939 4825 2127 4888 Beroli,
2162 4825 2319 4878 stater
2342 4825 2533 4892 Symon
2566 4825 2765 4876 humilis
2800 4825 2959 4877 abbas
2994 4844 3035 4877 s.
3061 4824 3159 4878 Se·

301 4913 481 4966 muelie
507 4913 572 4966 de
593 4913 794 4977 Barolo,
831 4915 986 4967 stater
1011 4915 1316 4968 Godefridus
1339 4915 1538 4966 humilis
1564 4916 1723 4968 abbas
1747 4933 1787 4967 s.
1806 4913 1969 4966 Mario
1993 4914 2058 4965 de
2082 4913 2305 4981 Stirpeto
2329 4913 2513 4976 Baroli,
2540 4914 2843 4982 descriptum
2872 4911 3157 4980 „Venetiis“

303 5003 369 5056 A.
391 5003 456 5054 16
490 5020 542 5069 Ρ.
568 5003 763 5064 15.16;
800 5004 864 5056 Δ.
888 5003 953 5056 16
988 5022 1038 5071 p.
1060 5005 1129 5056 55
1160 5003 1410 5070 „Baruli“.
1465 5003 1631 5055 Etiam
1666 5003 1764 5055 tria
1797 5011 2101 5055 transsumtu
2124 5003 2175 5054 in
2200 5004 2400 5055 archivo
2425 5003 2793 5068 Regimontano
2818 5012 3161 5054 asservantur-2

308 5094 354 5145 1.
391 5092 442 5145 d„
468 5092 519 5145 d„
542 5093 674 5160 Rige
703 5094 836 5146 1335
873 5093 1000 5147 febr.
1027 5094 1114 5146 25.
1168 5095 1218 5146 2.
1255 5094 1306 5146 d.
1326 5093 1376 5146 d.
1400 5091 1693 5160 Strafsburg
1721 5091 1856 5146 1336
1891 5092 2015 5144 iunii
2043 5093 2123 5146 14.
2177 5093 2228 5144 3.
2265 5093 2315 5144 d.
2334 5092 2385 5145 d.
2409 5089 2736 5159 Marionburg
2765 5093 2899 5145 1393
2933 5091 3052 5144 maii
3074 5090 3162 5144 29.
