3892 5609
1188 311 1419 359 Τις-,ΒΜ
1464 310 1747 361 emon.
1817 312 2148 361 Amnum.
2225 312 2491 361 CYPRUS
2621 360 2637 389 ‚
3170 302 3271 373 4¹7

407 468 534 539 58.
581 468 758 536 1226
787 472 919 535 ian.
951 492 1001 536 s.
1029 470 1069 536 l.
1094 472 1229 537 ind.
1253 473 1382 537 aiv.
1436 474 1481 535 i.
1504 471 1549 537 6
1576 494 1634 536 v.
1653 472 1709 537 I.
1737 472 1778 537 l.
1809 470 1886 539 G.
1905 473 2012 539 28.
2064 473 2433 537 Fridericus
2459 472 2544 538 II
2577 475 2923 559 imperator
2968 472 3086 553 (Si
3125 474 3277 539 reli-

576 580 764 663 qiosa
793 576 986 659 loca),
1019 579 1340 645 attendens
1364 580 1618 644 domum
1646 602 1698 644 s.
1715 581 1810 644 M.
1833 580 1951 645 Th.
1976 582 2021 645 i.
2037 580 2094 645 I.
2121 604 2163 645 a
2186 580 2496 647 Romanis
2524 580 2945 667 poincipibus,
2970 584 3277 667 proqeni-

584 685 822 751 toribus
850 688 1006 767 suis,
1031 686 1390 753 inchoatam
1413 698 1470 751 et
1497 688 1813 752 immensis
1837 687 2144 771 beneficiis
2168 688 2561 774 ampliatam,
2580 687 2888 753 Isabellae
2913 690 3276 774 imperatri-

583 795 673 857 cis
713 794 1294 879 praedecessoribus
1335 795 1621 861 devotam
1657 797 1974 859 inventam
2018 817 2164 876 esse,
2212 796 2725 880 'devotionemque
2763 796 3081 861 revolvens
3112 795 3276 861 Her-

581 904 806 965 manni
843 904 1140 987 mayistri
1182 914 1241 968 et
1264 900 1587 985 fratrum,
1637 902 1892 967 domum
1934 904 2145 988 ipsam
2190 914 2247 969 et
2291 904 2606 967 derivatas
2652 902 2732 967 ab
2780 925 2853 967 ea
2862 950 2882 983 ,
2927 902 3175 987 fratres
3223 915 3279 967 et

583 1008 928 1092 confratres
951 1032 1096 1074 cum
1117 1009 1401 1075 omnibus
1426 1009 1626 1091 bonis,
1652 1030 1816 1096 quae
1839 1032 1959 1096 per
1980 1009 2187 1075 dotale
2216 1031 2400 1073 suum
2426 1032 2689 1095 reynum
2704 1008 3275 1075 Ierosolimitanum

580 1117 924 1202 possident,
974 1118 1162 1181 ctiam
1194 1138 1334 1181 cum
1361 1116 1628 1183 subditis
1663 1128 1718 1183 et
1751 1117 1972 1203 leyatis
2004 1136 2219 1183 eorum
2248 1130 2308 1182 et
2333 1120 2584 1203 neqotia
2616 1139 2829 1182 eorum
2858 1117 3293 1184 exercentibus·

581 1224 694 1289 sub
725 1222 992 1311 speciali
1014 1227 1397 1310 protectione
1423 1226 1680 1311 recipit,-
1721 1227 2093 1291 assentiente
2118 1246 2315 1290 uxore
2344 1226 2671 1307 corfirmat
2700 1227 2912 1291 omnia
2939 1224 3279 1311 privileqia

583 1344 642 1397 et
679 1333 1124 1418 possessiones,
1175 1353 1446 1417 quorum
1489 1332 1802 1418 quaedam
1843 1345 2023 1398 sunt:
2078 1330 2412 1397 Castellum
2460 1331 2655 1417 Reqis
2700 1354 2843 1396 cum
2882 1334 3275 1419 pertinentiis

583 1452 832 1526 excepto
863 1438 1068 1505 casali
1085 1435 1379 1521 Diaronss
1416 1440 1496 1505 ab
1525 1438 1750 1505 Ottone
1780 1442 1999 1506 comite
2026 1440 2105 1505 de
2132 1439 2544 1505 Ennenbsrck
2559 1435 2602 1521 ²,
2652 1452 2710 1505 et
2737 1440 3029 1505 Beatvice
3056 1461 3273 1520 uxore,

584 1540 918 1612 Iozcelini⁸
949 1550 1190 1613 comitis
1219 1547 1388 1631 filia,
1439 1559 1497 1612 et
1530 1546 1751 1613 Ottone
1777 1547 1923 1631 filio
1956 1560 2203 1628 emtum,
2252 1550 2429 1613 cuius
2460 1548 2705 1613 casalia
2732 1559 2911 1613 sunt:
2948 1546 3217 1614 Tersiha
3230 1540 3273 1628 ⁴,

584 1651 1034 1741 Carphasome,
1107 1649 1490 1735 Samohete⁵,
1569 1651 1806 1722 Geelim
1818 1650 1863 1736 ⁸,
1930 1649 2251 1736 Zomitd,
2312 1654 2591 1720 Beletini
2602 1648 2647 1736 ⁸,
2717 1648 3076 1741 Tarphile⁹,
3138 1654 3275 1719 Ra-

583 1763 802 1849 sapde,
848 1756 1217 1849 Sapheyem,
1252 1760 1570 1849 Gaphara,
1603 1762 1932 1829 Neiecchie
1944 1756 2000 1844 ¹²,
2033 1758 2421 1843 Danekile¹',
2454 1756 2827 1849 Labeyne'⁸,
2860 1761 3043 1827 Iubie
3054 1756 3114 1843 ¹⁴,
3147 1762 3276 1827 Be-

581 1870 787 1951 ckcra,
821 1864 1110 1951 Abelieu,
1145 1864 1425 1950 Amca²⁶,
1465 1864 1696 1951 (ἔθεον’,
1732 1864 1931 1952 Clam,
1966 1872 2262 1937 medietas
2292 1869 2492 1947 Noie3
2536 1863 2897 1951 Pliasoce¹⁹,
2932 1870 3189 1935 Achara
3201 1862 3273 1951 ²⁰,

588 1975 980 2064 Tayretrane
990 1972 1052 2058 ²¹,
1132 1975 1482 2063 Tayrebica
1496 1970 1566 2057 ²⁸,
1601 1992 1604 1995 ’
1635 1977 1924 2043 Phennes
1935 1970 2005 2059 ²⁸,
2083 1975 2368 2063 Carsylie
2377 1971 2444 2058 ²⁴,
2522 1972 2845 2059 Serohu²⁶‚
2923 1974 3193 2044 Gabatie
3202 1971 3273 2058 ⁸⁸,

589 2082 858 2171 Orpheis
870 2078 937 2167 ⁸⁷,
973 2084 1186 2167 Roeis,
1237 2078 1658 2172 Campsera⁸⁸,
1709 2078 2015 2171 Capsie'⁹,
2048 2077 2377 2166 Deceliam,
2410 2078 2802 2166 Derbastam,
2843 2084 3097 2171 Rapho,
3138 2084 3275 2150 Ra-

584 2191 693 2257 beb
703 2186 773 2275 ³⁸,
829 2192 1080 2277 Ezefer,
1139 2192 1381 2279 Berzey
1393 2186 1475 2270 ”3
1531 2196 1779 2259 tertium
1816 2191 2010 2276 feodi
2053 2194 2131 2257 de
2178 2190 2251 2258 S.
2290 2189 2583 2279 Georyio,
2642 2194 2819 2257 cuius
2860 2194 3278 2279 pertinentiae

580 2312 726 2365 sunt
768 2292 1078 2381 Archet⁸⁴,
1138 2298 1378 2381 Yanot,
1439 2298 1646 2365 Gabra
1658 2294 1727 2381 ⁸⁵,
1788 2298 2049 2380 Meblie,
2113 2292 2434 2387 Saphet⁸⁸,
2483 2299 2848 2381 Lemezera,
2904 2300 3176 2365 Kemelie
3222 2312 3279 2365 et

585 2409 835 2473 tertium
879 2407 1108 2472 casalis
1143 2408 1220 2472 de
1249 2400 1550 2473 Boukel⁸⁷
1583 2420 1640 2473 et
1667 2410 1915 2473 tertium
1943 2408 2023 2472 de
2052 2409 2302 2489 assisia,
2353 2429 2515 2493 quae
2558 2419 2646 2473 est
2689 2408 2766 2471 de
2812 2408 3022 2473 eodem
3046 2407 3273 2495 feodo,

583 2515 820 2581 scilicet
883 2516 1146 2580 tercium
1208 2514 1344 2581 800
1410 2515 1826 2581 bisantiorum
1900 2516 2364 2599 assiqnatorum
2392 2582 2398 2599 ,
2438 2516 2527 2579 ad
2601 2527 2883 2581 catenam
2948 2515 3275 2581 Acconen-

581 2644 740 2703 sm,
787 2624 834 2687 i.
869 2644 918 2686 e.
949 2622 1086 2689 266
1099 2615 1170 2708 'A
1217 2622 1550 2703 bisancios,
1599 2644 1756 2709 quos
1799 2625 2098 2709 mayister
2142 2634 2200 2687 et
2230 2621 2479 2706 fratres
2524 2622 2803 2688 Iohanni
2842 2626 2983 2709 reyi
3022 2627 3275 2690 remise·

583 2742 754 2811 runt,
801 2752 934 2795 una
963 2751 1104 2795 cum
1137 2732 1368 2799 assisia
1398 2729 1577 2795 2000
1608 2731 2033 2796 bisanciorum
2076 2730 2365 2795 similiter
2409 2730 2498 2795 ad
2541 2743 2825 2797 catenam
2853 2730 3277 2797 Acconensem

585 2840 1070 2924 assiqnatorum,
1121 2858 1313 2923 quam
1343 2839 1638 2902 assisiam
1672 2858 1871 2903 comes
1913 2849 1971 2903 et
2002 2859 2166 2901 uxor
2212 2860 2352 2901 cum
2378 2836 2524 2921 filio
2570 2838 2983 2903 vendiderunt
3025 2840 3273 2905 eisdem.

585 2941 925 3028 Confirmat
980 2945 1200 3010 domui
1249 2946 1505 3011 domum
1563 2946 1882 3031 quondam
1928 2938 2287 3010 Iozcelini⁸⁸
2333 2947 2575 3011 comitis
2622 2948 2867 3011 Accone
2922 2948 2999 3013 ab
3050 2948 3277 3011 eisdem

585 3063 830 3133 emtam,
881 3074 1042 3139 quae
1087 3052 1166 3117 ab
1215 3054 1450 3118 oriente
1492 3051 1720 3119 liabent
1759 3053 2050 3137 wellam,
2099 3053 2177 3118 ab
2213 3054 2521 3120 occidente
2558 3054 2918 3119 clausuram
2949 3055 3278 3120 domorum

585 3159 828 3225 abbatis
872 3162 1100 3225 montis
1154 3158 1366 3225 Tabor
1376 3182 1399 3237 ,·
1428 3184 1498 3227 ,α
1538 3162 1800 3225 meridie
1841 3163 2017 3225 viam
2062 3161 2390 3247 publicam
2400 3184 2423 3238 ,-
2480 3185 2524 3226 a
2568 3162 2979 3247 septentrione
3022 3162 3277 3227 domum

585 3267 884 3334 Rohardi
936 3268 1182 3333 domini
1235 3264 1530 3354 Cayplias
1541 3260 1608 3332 ⁸⁹.
1705 3266 1981 3334 Relaxat
2036 3270 2257 3333 domui
2316 3272 2742 3334 remissionem
2798 3269 3078 3335 Iohanni
3139 3270 3280 3355 φερέ

575 3375 832 3459 factam
876 3375 954 3439 de
993 3374 1284 3463 partibus
1329 3376 1706 3441 venditionis
1751 3374 1926 3439 illius
1958 3399 2127 3441 nunc
2160 3399 2285 3463 per
2317 3374 2669 3443 Saracenos
2702 3378 3039 3463 occupatis.
3112 3373 3273 3441 Con-

579 3482 805 3565 fhwat
845 3484 1044 3568 igitur
1075 3483 1294 3547 domui
1335 3504 1576 3547 omnem
1617 3481 1920 3547 Iozcelini
1930 3472 1979 3509 ⁴⁰
2020 3482 2419 3550 hereditatem
2429 3531 2450 3565 ,
2507 3506 2636 3570 quo
2683 3496 2848 3551 statu
2893 3496 3037 3549 ante
3080 3485 3274 3548 amis-

582 3612 720 3655 sam
754 3603 990 3656 terram
1018 3602 1302 3655 sanctam
1332 3589 1637 3670 habuerit,
1688 3614 1732 3655 a
1759 3590 2053 3657 Beatrice
2099 3613 2239 3656 cum
2284 3594 2543 3677 coniuqe
2588 3605 2648 3658 et
2666 3578 2673 3585 ’
2673 3592 2819 3676 filio
2867 3593 3087 3658 domui
3125 3614 3273 3657 ven-

586 3698 803 3780 ditam,
853 3700 1120 3783 exceptis
1140 3698 1490 3784 praedictis
1521 3699 1764 3763 assisiis
1795 3697 2221 3763 bisanciorum
2250 3698 2339 3763 ad
2366 3711 2649 3764 catenam
2665 3701 3083 3765 Acconensem
3111 3700 3273 3764 assi-

577 3808 811 3892 qnatis,
861 3812 1168 3870 caeterum
1200 3808 1414 3870 omnia
1443 3804 1523 3870 ab
1557 3808 1731 3871 omni
1765 3808 2027 3872 servicio
2060 3804 2257 3871 libera
2289 3818 2348 3872 et
2376 3818 2631 3872 exemta.
2692 3804 3033 3891 Confirmat
3060 3807 3280 3871 domui

584 3912 1028 3994 barbacanam,
1077 3926 1302 3994 turres,
1349 3935 1584 3995 muros,
1626 3914 1954 3998 fossatum
1998 3938 2041 3979 a
2081 3926 2246 3979 meta
2285 3915 2668 4000 porprisiae,
2727 3935 2918 3999 quam
2961 3913 3276 3979 Henricus

593 4018 915 4087 Tres-ensis
961 4042 1162 4087 comes
1204 4021 1532 4108 palatinus
1577 4024 1944 4087 assentiente
1977 4020 2253 4087 Isabella
2296 4043 2513 4101 uxore,
2564 4021 2868 4086 Alma-ici
2907 4024 3073 4108 reqis
3100 4022 3272 4105 filia,

583 4129 802 4194 domui
843 4130 1174 4209 concessit,
1222 4150 1420 4216 usque
1465 4130 1552 4194 ad
1591 4142 1847 4217 portam
1890 4152 1939 4193 s.
1974 4128 2268 4206 Nicolai,·
2315 4121 2577 4215 insuper
2616 4141 2863 4215 partem
2908 4154 2951 4196 a
2994 4130 3277 4195 Iohanne

580 4257 724 4323 νᾶφε
767 4258 1123 4301 concessam
1169 4236 1362 4317 lucri,
1423 4237 1598 4322 quod
1633 4236 1901 4322 faciunt
1935 4236 2185 4321 fratres
2230 4238 2301 4301 in
2346 4238 2542 4301 armis
2553 4284 2573 4317 ,
2622 4237 3063 4323 praesentibus
3107 4239 3275 4324 reqis

581 4343 936 4409 hominibus
981 4344 1232 4410 absente
1276 4356 1482 4410 tamen
1525 4346 1666 4430 ipso
1711 4366 1886 4430 φερε,
1942 4354 2263 4409 reservata
2305 4364 2450 4409 vero
2498 4345 2823 4411 medietate
2868 4345 3033 4409 lucri
3075 4366 3273 4431 prae-

581 4463 746 4517 sente
773 4474 918 4538 φερε
941 4452 1122 4536 facti
1148 4454 1218 4516 in
1245 4450 1439 4533 villis,
1489 4454 1733 4532 castris,
1783 4454 2060 4516 caeteris.
2126 4448 2423 4517 Concedit
2451 4452 2671 4517 domui
2680 4426 3041 4517 ‘libertatem
3069 4473 3273 4538 aqua-

579 4581 722 4624 rum
732 4606 753 4639 ,
801 4558 1170 4639 herbarum,
1229 4559 1546 4645 liqnorum
1588 4559 1820 4644 ubique
1858 4580 1979 4644 per
2022 4560 2389 4625 domanium
2432 4582 2613 4625 suum
2658 4560 2747 4625 ad
2790 4560 3013 4624 domus
3058 4580 3239 4622 usum
3250 4581 3275 4635 ,-

581 4668 796 4732 eximit
839 4690 884 4731 a
915 4666 1260 4753 plateatico
1314 4667 1586 4753 aliisque
1635 4666 2183 4732 consuetudinibus
2227 4690 2353 4754 per
2392 4689 2657 4755 reynum
2701 4666 3274 4732 Ierosolimitanum

583 4786 751 4840 terra
793 4777 1084 4861 mviqae
1127 4774 1293 4839 solvi
1331 4773 1551 4839 solitis.
1625 4772 1884 4855 Statuit,
1931 4796 2013 4839 ne
2043 4776 2185 4859 quis
2231 4776 2484 4841 domum
2528 4787 2587 4840 st
2610 4774 2859 4859 fratres
2906 4774 2983 4838 de
3023 4794 3272 4858 posses-

579 4882 858 4948 sionibus
905 4884 1128 4949 domus
1187 4884 1323 4948 sine
1365 4882 1604 4947 iudicio
1663 4894 1721 4946 et
1773 4882 2033 4947 iusticia
2086 4894 2453 4968 praesumat
2506 4881 2905 4968 aliquatenus
2953 4882 3269 4945 dissasire.

581 4986 948 5073 Confirmat,
1003 5011 1084 5057 nc
1129 4991 1287 5077 quid
1329 4990 1407 5055 de
1447 4988 1851 5077 proventibus
1897 5002 1957 5057 st
1999 4989 2179 5055 bonis
2222 4992 2389 5072 suis,
2450 5010 2613 5076 quac
2656 4988 2745 5054 ad
2784 5001 2999 5076 partes
3044 4991 3272 5054 cisma-
