3892 5609
719 263 814 336 26
827 264 869 336 6
1003 264 1013 270 “
1690 275 2119 335 remmom
2162 274 2609 327 somonam

713 444 938 502 tempore
973 434 1042 487 ad
1076 434 1436 501 perfectionem
1469 432 1747 497 reducetis,
1791 452 1902 487 cum
1940 434 2085 488 titulo
2126 435 2335 501 „fratres
2372 436 2549 489 domus
2580 436 2888 488 Teutonicae
2922 436 3185 503 hospitalis
3220 446 3431 491 sanctim
3462 438 3583 489 Mn·

712 525 818 577 riae
854 525 905 576 in
929 523 1252 587 Ierusalem“‚
1287 525 1341 575 in
1363 525 1564 576 nomine
1599 526 1757 591 patris
1793 534 1846 577 et
1867 525 1959 577 filii
1985 532 2037 577 et
2061 525 2263 592 spiritus
2288 522 2465 587 saricti,
2502 542 2677 587 amem
2714 526 2954 592 optimam
2978 542 3118 592 spem
3141 526 3411 589 habentes,
3446 527 3585 593 quod

712 632 802 665 vos
833 630 950 665 cum
987 614 1356 665 successoribus
1391 614 1570 667 vestris
1608 614 1692 665 dei
1726 623 1780 666 et
1813 615 2075 669 Romanae
2112 614 2353 667 ecclesiae
2387 613 2591 666 leudem
2626 622 2679 666 et
2712 615 2952 667 honorem
2988 631 3188 681 semper
3224 617 3421 667 auctari
3455 616 3585 667 sitis.

711 702 898 755 Datum
931 702 1125 753 Romae
1173 702 1310 768 apud
1357 712 1585 755 sanctum
1619 703 1865 757 Ioannem⁴
1895 703 1960 754 de
1998 704 2249 755 Laterano
2298 704 2591 755 duodecimo
2640 702 2724 754 die
2772 702 3011 755 februarii
3054 704 3373 770 pontific-ms
3423 707 3584 757 nostri

711 808 844 843 anno
881 791 1059 859 primo,
1097 797 1150 842 et
1183 799 1300 857 post
1335 800 1508 843 natum
1545 791 1794 844 Christum
1835 792 1988 845 1191.
2030 823 2093 831 -
2131 792 2393 843 Annotare
2428 793 2511 843 hic
2544 792 2669 844 libet
2702 792 2909 844 Beronii
2942 794 3097 844 verba
3133 793 3268 845 Ann.
3296 793 3477 846 eccles.
3514 794 3583 845 ad

715 878 850 933 1198
885 898 935 932 n.
959 880 1011 941 2,
1048 896 1178 946 quae
1214 888 1384 932 temen
1407 880 1610 932 minime
1635 880 1920 947 diplomatis
1952 882 2045 933 niti
2070 881 2318 944 videntur,
2354 882 2449 933 sed
2473 881 2705 935 chronico
2738 882 2911 933 nescio
2945 899 3063 948 quo.
3120 882 3315 947 „Fuere
3350 883 3582 935 eiusdem

713 969 982 1023 coelestini
1017 970 1172 1037 digna
1207 968 1306 1023 alia
1341 969 1586 1021 factorum
1619 971 1950 1037 monimenta,
1987 988 2117 1038 quae
2153 971 2302 1023 certis
2338 971 2445 1022 eius
2482 970 2799 1037 pontificatus
2838 971 2983 1023 annis
3016 988 3118 1021 non
3154 979 3275 1023 sunt
3308 971 3491 1035 affixa,
3528 982 3583 1024 et

708 1059 840 1110 inter
875 1058 974 1111 alia
1011 1058 1318 1111 confirmatio
1355 1059 1620 1125 religiosae
1661 1060 1867 1112 militiae
1904 1060 2094 1113 ordinis
2130 1060 2530 1112 Teutonicorum.
2596 1060 2827 1125 Rogatus
2872 1060 3007 1111 enim
3050 1060 3117 1111 ab
3152 1060 3375 1113 Hem-ico
3412 1062 3577 1129 impe-

709 1155 875 1200 ratore
912 1147 1116 1200 donavit
1155 1149 1358 1200 eosdem
1393 1147 1527 1199 idem
1563 1148 1788 1216 pontifex
1812 1159 1954 1201 veste
1979 1150 2097 1201 alba.
2119 1157 2172 1201 et
2195 1166 2341 1200 cruce
2365 1150 2526 1214 nigra,
2564 1149 2776 1200 subiecit
2798 1165 2917 1201 vero
2950 1148 3157 1215 regulae
3193 1168 3235 1202 s.
3251 1150 3579 1216 Aug-nstin?-

716 1412 892 1485 297.
934 1417 1110 1484 1199
1135 1416 1312 1503 febr.
1346 1418 1430 1485 19
1475 1418 1800 1485 Laterani.
1869 1419 2271 1485 Innocentius
2300 1419 2426 1484 ΙΙΙ
2460 1417 2791 1507 hospitalis
2830 1417 3201 1485 Thcutonici
3237 1422 3575 1506 protectio-

932 1546 1074 1589 nem
1128 1527 1420 1612 suscepit,
1484 1530 1608 1593 cui·
1644 1529 2104 1593 ordinationem
2156 1528 2495 1593 secundum
2547 1526 3055 1613 Tmplariorum
3098 1539 3157 1593 ct
3199 1526 3573 1614 Hospitala-

930 1634 1175 1697 riorum
1215 1634 1467 1719 requlas
1513 1638 1922 1721 compositam
1966 1634 2309 1719 confirmat.

932 1770 1333 1840 Innocentius
1378 1781 1494 1841 etc.
1541 1777 1844 1861 magistro
1891 1782 1957 1843 et
1998 1775 2300 1842 fratribus
2344 1773 2700 1861 hospitali8‚
2746 1773 2914 1859 quod
2956 1772 3418 1841 Theutonicum
3465 1794 3573 1861 ap-

711 1878 982 1965 pellatur
1027 1885 1143 1947 etc.
1217 1878 1632 1950 Sacrosancta
1673 1882 1959 1949 Romana
2004 1878 2297 1949 ecclesiast
2340 1888 2455 1949 etc.
2503 1905 2700 1969 usquc
2744 1885 2833 1949 ad
2874 1882 3127 1948 verbum
3173 1883 3569 1970 suscipimus.

713 1986 1084 2073 specialiter
1129 1993 1336 2054 autem
1385 1989 1838 2057 ordinationem
1898 1990 2133 2058 factam
2187 1990 2256 2056 in
2302 1989 2565 2057 ecclesia
2608 1994 2820 2056 vestra
2861 1989 3042 2056 iuxta
3084 1987 3345 2055 modum
3392 1988 3571 2056 Tem-

708 2094 1054 2182 plariorum
1099 2095 1168 2162 in
1205 2096 1447 2163 clericis
1494 2102 1558 2163 et
1601 2096 1927 2181 militibus,
1977 2102 2041 2164 et
2088 2097 2169 2163 ad
2214 2096 2577 2184 exemplum
2606 2096 3181 2183 Hospitalariorum
3221 2097 3293 2162 in
3336 2118 3571 2183 paupe-

709 2204 884 2271 ribus
932 2208 997 2270 et
1037 2200 1335 2287 infirmis,
1395 2206 1558 2271 sicut
1613 2204 1876 2291 provide
1918 2204 2088 2271 facta
2136 2209 2231 2271 est
2286 2209 2350 2271 et
2395 2225 2434 2271 a
2479 2205 2655 2271 vobis
2699 2208 2954 2290 recepta
3005 2208 3069 2270 et
3112 2203 3419 2271 hactenus
3464 2204 3569 2271 ob-

709 2317 980 2396 servata,
1027 2310 1343 2378 devotioni
1374 2316 1582 2379 vestre
1623 2312 1993 2379 auctoritate
2024 2309 2369 2397 apostolica
2399 2309 2839 2378 confirmamus
2885 2316 2949 2378 et
2994 2312 3307 2396 presentis
3352 2313 3571 2399 scripti

711 2420 941 2506 pagina
983 2419 1461 2485 communimus.
1529 2417 1704 2485 Nulli
1750 2440 1896 2503 ergo
1931 2424 2045 2486 etc.
2090 2424 2303 2486 nostre
2350 2419 2758 2506 protectionis
2803 2424 2867 2485 et
2910 2416 3406 2485 confirmationis
3452 2426 3565 2487 etc.

709 2526 944 2593 Datum
987 2524 1288 2593 Laterani
1333 2526 1398 2591 xi
1444 2525 1568 2592 kal.
1618 2526 1831 2593 martii
1877 2526 2077 2611 (pont.
2110 2545 2167 2592 a.
2198 2528 2281 2607 1).

920 2650 964 2701 E
987 2650 1200 2715 registro
1223 2648 1502 2700 Innocentii
1525 2648 1601 2700 III
1637 2650 1717 2700 ed.
1741 2648 1932 2700 Baluze
1959 2650 2011 2700 in
2036 2648 2275 2716 Epistolis
2301 2648 2596 2701 Innocentii.
2639 2646 2793 2700 1682.
2830 2647 2915 2700 fol.
2952 2648 3040 2700 lib.
3063 2648 3091 2699 1
3124 2664 3208 2715 ep.
3232 2647 3369 2711 5703
3407 2650 3503 2701 vol.
3526 2650 3567 2713 1.

708 2738 840 2801 3273
875 2738 1010 2790 unde
1047 2739 1249 2804 repetiit
1271 2738 1481 2790 Hennes
1516 2727 1569 2800 1,'
1588 2740 1619 2789 5
1656 2756 1707 2790 n.
1734 2739 1769 2788 4
1806 2738 1871 2790 ad
1901 2737 2037 2790 1198
2072 2739 2350 2789 remittens.
2404 2736 2508 2789 Sed
2545 2738 2611 2788 de
2647 2736 2971 2803 chronologia
2992 2737 3271 2789 Innocentii
3308 2739 3372 2791 cf.
3396 2738 3565 2791 Boeb-

707 2828 831 2880 meri
875 2836 1080 2894 regesta
1115 2826 1234 2878 290.
1298 2826 1504 2878 leuzio
1551 2828 1703 2879 etiam
1737 2845 1831 2880 nos
1869 2827 2125 2879 debemus.
2189 2827 2247 2878 In
2284 2826 2499 2893 epistola
2536 2826 2600 2877 de
2641 2826 2777 2878 1199
2813 2826 2938 2877 febr.
2964 2826 2999 2877 8
3033 2827 3167 2877 idem
3203 2844 3343 2893 papa.
3376 2836 3569 2879 tantum

706 2917 924 2984 loquitur
959 2917 1142 2968 omisso
1177 2916 1439 2983 hospitalis
1483 2916 1628 2968 titulo
1665 2916 1729 2969 de
1771 2916 2151 2983 „Theutonicis“
2190 2916 2493 2968 monasterio
2530 2934 2571 2969 s.
2598 2916 2855 2968 Trinitatis
2890 2916 3246 2969 Panormitano
3280 2917 3537 2969 eiiciendis
3548 2936 3565 2979 ς

707 3006 895 3059 Bnluze
930 3006 963 3058 l.
989 3022 1033 3058 c.
1055 3006 1160 3057 324
1173 3025 1190 3068 3
1225 3005 1432 3057 Hennes
1469 3004 1511 3067 1,
1535 3006 1572 3056 4
1606 3024 1656 3057 n.
1683 3006 1736 3068 3,
1773 3023 1922 3073 quum
1947 3005 2297 3058 HeinricusVI
2320 3005 2591 3073 imperator
2616 3005 2889 3071 diplomate
2912 3005 2978 3056 de
3004 3004 3140 3061 1197
3166 3004 3251 3058 iul.
3276 3005 3343 3057 18
3368 3006 3421 3057 id
3443 3024 3563 3058 con·

707 3096 915 3149 cesserit
953 3095 1226 3163 „ecclesiae
1261 3102 1466 3146 sanctae
1501 3094 1694 3146 Mariae
1731 3102 1784 3146 et
1818 3094 2085 3161 hospitali“
2126 3096 2347 3162 ipsorum
2394 3093 2461 3145 nd
2497 3110 2674 3160 preces
2716 3094 2953 3158 „fratrum
2990 3094 3251 3161 hospitalis
3288 3094 3562 3147 Theutoni-

707 3202 875 3237 corum
912 3184 1050 3251 apud
1071 3184 1388 3235 Hierusalem
1425 3184 1697 3235 constructi
1729 3184 1781 3233 in
1817 3183 2060 3236 honorem
2092 3184 2143 3235 b.
2166 3182 2239 3235 M.
2264 3185 2341 3235 νύ*
2404 3182 2478 3234 Cf.
2504 3182 2776 3234 Antonium
2800 3182 3086 3249 Mongitore
3118 3183 3450 3236 Monuments
3482 3185 3561 3235 hi·

707 3274 890 3326 storica
937 3290 1112 3325 sacrae
1161 3273 1335 3325 domus
1379 3272 1653 3325 mansionis
1697 3292 1740 3325 s.
1774 3272 2032 3324 Trinitatis
2067 3272 2295 3325 militaris
2348 3272 2537 3323 ordinis
2584 3272 3004 3325 Theutonicorum
3050 3273 3188 3323 urbis
3232 3272 3469 3326 Panormi
3512 3282 3565 3325 et

705 3363 878 3429 magni
921 3363 1029 3415 eius
1074 3362 1432 3430 praeceptoris.
1491 3361 1728 3415 Panormi
1769 3360 1920 3413 1721.
1966 3361 2053 3413 fol.
2101 3379 2152 3428 p.
2182 3362 2264 3413 13.
2324 3361 2535 3413 Hennes
2569 3360 2611 3422 1,
2648 3360 2683 3410 2
2716 3378 2770 3413 n.
2794 3360 2845 3412 2.
3062 3362 3107 3413 1.
3142 3360 3411 3415 Romulae
3444 3378 3559 3430 spe-

705 3452 867 3505 cimen
903 3453 1116 3520 praebet
1149 3452 1280 3503 infra
1313 3451 1596 3504 Innocentii
1626 3450 1700 3502 IV
1735 3450 2051 3519 privilegium
2085 3451 2152 3503 de
2193 3448 2327 3502 1247
2365 3448 2537 3516 aprilis
2572 3448 2659 3501 25.

709 3728 885 3800 298.
931 3730 1104 3797 1209
1148 3732 1280 3795 iun.
1315 3728 1412 3796 27
1454 3728 1717 3795 Viterbii
1759 3724 1875 3813 (cf.
1908 3728 2087 3794 1215
2131 3726 2301 3812 febr.
2330 3724 2469 3809 18).
2539 3727 2939 3795 Innocentius
2964 3728 3089 3794 III
3112 3730 3411 3815 fratrum
3452 3732 3557 3798 ho-

926 3838 1174 3925 spitalis
1219 3860 1268 3903 ε.
1303 3839 1556 3903 Mariae
1585 3836 2080 3901 Alamannorum
2112 3834 2680 3922 Hierosolymitani
2720 3836 2809 3901 ad
2850 3840 3056 3903 instar
3095 3835 3427 3905 Coclectini
3450 3836 3566 3905 III

917 3949 1364 4033 protectionem
1407 3947 1670 4033 suscipit
1714 3947 1890 4031 eique
1937 3946 2150 4009 omnia
2195 3944 2357 4009 bona
2404 3944 2743 4027 confimat.

924 4087 1324 4155 Innocentius
1367 4088 1696 4174 episcopus
1743 4106 1959 4153 servus
2012 4103 2338 4152 servorum
2381 4084 2483 4151 dei
2526 4084 2769 4151 dilectis
2814 4083 2961 4151 filiis
3004 4085 3309 4153 fratribus
3352 4086 3557 4174 hospi·

704 4196 850 4263 talis
897 4202 1109 4263 sancte
1153 4194 1352 4262 Marie
1393 4194 1886 4262 Alemannorum
1932 4191 2415 4259 lerosolimitani
2458 4199 2587 4258 tam
2634 4192 3053 4278 presentibu8‚
3100 4214 3293 4279 quam
3336 4196 3556 4261 futuris

703 4303 1072 4389 regulariter
1139 4298 1616 4369 substituendis¹
1686 4302 1752 4367 in
1814 4304 2209 4387 perpetuum.
2455 4297 2764 4366 Effectum
2780 4297 2803 4329 ²
2870 4300 3037 4368 iusta
3102 4300 3557 4388 postulantibus

703 4412 1029 4496 indulgere
1075 4416 1138 4478 et
1166 4410 1344 4493 vigor
1373 4409 1668 4493 equitatis
1714 4414 1780 4474 et
1808 4408 1961 4474 ordo
1994 4408 2191 4492 exigit
2223 4407 2507 4493 rationis,
2556 4408 2889 4494 presertim
2918 4409 3167 4495 quando
3213 4412 3555 4497 petentium

706 4520 1088 4587 voluntatem
1145 4524 1210 4584 et
1264 4518 1465 4603 pietas
1513 4516 1770 4583 adiuvat
1819 4523 1884 4583 et
1927 4516 2162 4583 veritas
2204 4535 2335 4582 non
2392 4515 2709 4601 relinquit.
2786 4514 3175 4602 Eapropter,
3238 4517 3453 4585 dilecti
3492 4518 3557 4585 in

705 4626 957 4694 domino
1001 4624 1144 4710 filii,
1202 4626 1428 4692 vestris
1481 4624 1664 4691 iustis
1721 4621 2247 4709 postulationibus
2294 4622 2633 4690 clementer
2676 4624 3038 4708 annuimus,
3096 4629 3159 4690 et
3211 4620 3555 4711 prefatum⁸

681 4722 1014 4821 ⁴hospitale
1061 4737 1274 4800 sancte
1319 4730 1517 4798 Marie
1561 4730 2058 4798 Alemannorum
2104 4726 2719 4815 Ierosolimitanum⁴‚
2777 4730 2845 4796 in
2893 4750 3013 4817 quo
3060 4731 3275 4799 divino
3329 4732 3554 4800 manci·

705 4843 840 4929 pati
871 4842 1021 4909 estis
1052 4841 1370 4927 obsequio,
1407 4838 1488 4906 ad
1518 4838 1840 4927 exemplar
1868 4838 2069 4907 felicis
2098 4838 2548 4906 recordationis
2579 4838 2878 4907 Celestini
2907 4860 3073 4927 pape
3104 4840 3552 4927 predecessoris

709 4950 912 5019 nostri
957 4948 1074 5017 sub
1117 4948 1289 5017 beati
1331 4946 1507 5017 Petri
1561 4954 1626 5017 et
1679 4951 1900 5015 nostra
1951 4947 2343 5034 protectione
2396 4947 2806 5035 suscipimus,
2866 4952 2931 5015 et
2983 4948 3296 5034 presentis
3340 4948 3553 5036 scripti
