3892 5609
1344 318 1732 367 annncni
1775 318 2165 367 cenamus
3033 308 3182 379 365

319 473 505 545 495.
547 477 723 543 1245
767 476 1128 563 septembris
1171 477 1260 543 12
1305 476 1610 564 Luqduni
1655 476 1768 563 (cf.
1802 479 2138 545 decembris
2169 478 2309 561 18).
2380 478 2779 545 Innocentius
2821 477 2931 545 IV
2966 482 3187 567 repetit

545 584 825 650 Honorii
865 583 989 649 III
1021 606 1085 647 n.
1117 582 1250 650 367
1301 586 1378 649 de
1421 586 1601 651 1222
1627 584 1961 670 februarii
1996 586 2103 651 20.

549 724 948 794 Innocentius
995 731 1110 794 etc.
1336 724 1669 804 Querelam
1715 747 1971 811 gravem
2022 764 2099 773 —-
2150 726 2533 811 astringatis,
2612 726 2848 793 Datum
2895 725 3186 811 Lugduni

323 832 374 899 ii
420 832 563 900 idus
610 833 984 922 septembris
1029 830 1429 919 pontificatus
1475 836 1676 901 nostri
1722 854 1885 901 anno
1929 835 2146 901 tercio,

536 974 658 1026 Sine
705 975 824 1027 dato
869 974 1050 1025 citatur
1095 972 1158 1025 R.
1189 970 1287 1024 157
1334 972 1466 1025 inter
1506 975 1830 1039 „Iuncensia“
1871 984 2110 1041 tanquam
2155 974 2315 1027 simile
2360 974 2635 1025 Alexandri
2668 974 2742 1025 IV
2790 975 3087 1027 Treverensi
3134 984 3186 1026 et

322 1064 389 1115 A.
414 1062 480 1113 16
515 1080 567 1130 p.
592 1063 679 1115 98.
719 1093 782 1103 -
824 1064 946 1115 Cum
982 1062 1128 1115 dato:
1165 1061 1200 1111 2
1235 1062 1303 1113 id.
1329 1064 1519 1129 septbr.
1559 1064 1792 1131 Lugduni
1827 1081 1878 1131 p.
1905 1082 1951 1116 a.
1976 1064 2011 1115 3
2048 1081 2118 1115 or.
2156 1080 2267 1115 cum
2302 1062 2440 1115 bulla
2474 1062 2526 1113 in
2560 1062 2660 1113 filis
2696 1064 2897 1115 sericeis
2934 1063 3095 1114 rubris
3133 1070 3187 1114 et

319 1151 471 1203 luteis
507 1168 734 1219 appensa
768 1153 821 1204 in
857 1152 1056 1203 archivo
1093 1150 1280 1203 ordinis
1317 1152 1612 1205 'l'heutonici
1639 1152 2031 1205 vindobonensi.
2062 1181 2122 1190 —-
2164 1152 2287 1203 Cum
2310 1151 2456 1204 dato:
2497 1153 2560 1203 15
2597 1152 2698 1203 kal.
2725 1152 2914 1204 ianuar.
2951 1152 3185 1218 Lugduni

321 1258 375 1307 p.
403 1260 448 1292 a.
473 1241 507 1293 3
550 1241 604 1292 in
637 1249 941 1292 transsumto
976 1240 1040 1291 de
1082 1240 1216 1291 1396
1253 1238 1368 1305 aug'.
1403 1240 1467 1293 18
1513 1242 1700 1293 archivi
1735 1240 2119 1307 Regimontani3
2168 1240 2230 1291 cf.
2268 1240 2555 1307 Napiersky
2601 1240 2758 1300 Index
2794 1242 2844 1302 Ι,
2870 1240 2903 1290 5
2946 1259 2995 1292 n.
3026 1239 3105 1292 16.
3132 1241 3183 1290 4.

320 1330 412 1381 Or.
449 1330 624 1382 domus
647 1330 1051 1382 vindobonensis
1088 1345 1200 1379 cum
1233 1328 1371 1380 bulla
1414 1328 1467 1380 in
1512 1329 1610 1381 filis
1656 1329 1857 1381 sericeis
1903 1331 2065 1382 rubris
2102 1339 2155 1381 et
2188 1329 2335 1381 luteis
2383 1346 2611 1397 appensa
2654 1330 2705 1380 in
2754 1330 2952 1381 archivo
2997 1328 3185 1381 ordinis

319 1418 620 1471 Theutonici
653 1418 1004 1471 vindobonae.
1065 1418 1160 1470 Ed.
1197 1416 1426 1469 Duellius
1461 1418 1530 1480 11,
1553 1418 1589 1469 8
1623 1434 1676 1470 n.
1706 1416 1787 1469 10.

321 1648 505 1721 496.
546 1653 722 1720 1245
780 1654 1114 1718 decembris
1160 1651 1249 1717 18
1304 1650 1624 1737 Luyduni.
1719 1651 2118 1718 Innocmitius
2165 1652 2278 1719 IV
2320 1654 2542 1739 repetit
2596 1676 2659 1717 n.
2698 1653 2831 1719 495
2886 1653 2963 1717 de
3007 1652 3183 1718 1245

545 1760 904 1845 septembris
943 1759 1052 1825 12.

543 1890 944 1959 Innocentius
1003 1895 1120 1958 etc.
1363 1889 1692 1969 Querelam
1752 1910 2007 1975 gravem
2067 1895 2184 1958 etc.
2276 1889 2509 1957 Datum
2566 1889 2857 1975 Lugduni
2915 1910 2997 1955 xv
3054 1889 3178 1956 kal.

321 2000 595 2066 ianuarii
640 1997 1039 2087 pontificatus
1084 1998 1286 2064 nostri
1331 2017 1496 2064 anno
1543 1997 1754 2065 tercio.

322 2246 505 2317 497.
546 2249 725 2317 1246
769 2250 1058 2314 ianuarii
1097 2249 1140 2314 4
1185 2248 1505 2334 Duyduni.
1599 2246 1999 2314 Innocentius
2040 2246 2088 2313 I
2092 2248 2153 2313 V
2187 2248 2462 2313 concedit
2515 2248 2731 2313 ordini
2780 2245 3178 2328 ΊἸιετιτοπίσο,

548 2356 737 2443 quod,
771 2378 963 2443 quum
973 2355 1222 2439 fratres
1255 2358 1385 2420 eius
1416 2377 1480 2420 se
1507 2357 1774 2421 invicem
1799 2358 2239 2442 percusse-rint,
2275 2380 2317 2419 a
2346 2358 2563 2442 priore
2591 2375 2703 2419 suo
2734 2354 3183 2419 absolutionem

542 2465 789 2550 possint
831 2464 1124 2549 adipisci.

543 2595 940 2663 Innocentius
987 2594 1318 2682 episcopus
1366 2616 1582 2662 servus
1627 2615 1951 2662 servorum
1997 2594 2097 2661 dei
2143 2593 2387 2661 dilectis
2432 2591 2579 2660 filiis
2624 2593 2927 2676 magistro
2963 2597 3028 2659 et
3054 2592 3181 2659 fta-

319 2703 524 2771 tribus
569 2701 900 2791 hospitalis
947 2707 1161 2770 sancte
1191 2700 1390 2769 Mar-ie
1421 2703 1942 2769 Theutonicorum
1986 2700 2466 2769 lerosolimitani
2512 2700 2774 2767 salutem
2824 2705 2887 2765 et
2932 2703 3182 2785 aposto—

318 2810 510 2877 licam
565 2809 1078 2897 benedictionem.
1328 2809 1646 2877 canonica
1701 2810 2147 2876 constitutione
2202 2813 2489 2893 cavetur,
2553 2807 2718 2893 quod
2764 2806 3062 2874 'monachi
3120 2812 3183 2872 et

319 2917 606 2985 canonici
649 2916 988 3001 regulares,
1036 2935 1425 3001 quocumque
1469 2918 1656 2984 modo
1703 2937 1772 2984 se
1815 2918 2259 3003 percusserint,
2306 2936 2431 2982 non
2478 2922 2627 2981 sunt
2664 2914 2743 2980 ad
2774 2912 3179 3000 apostolicam

321 3025 536 3091 sedem
580 3024 893 3107 mittendi,
941 3022 1052 3090 sed
1097 3023 1440 3089 secundum
1485 3024 1932 3091 discrecionem
1981 3028 2045 3091 et
2087 3023 2548 3110 providentiam
2594 3022 2693 3089 sui
2723 3021 2967 3087 abbatis
2996 3020 3183 3086 disci-

320 3131 495 3219 pline
540 3131 906 3198 subdantur.
999 3130 1235 3209 Quodsi
1279 3132 1526 3198 abbatis
1572 3131 1865 3197 discretio
1913 3130 1995 3197 ad
2038 3150 2251 3198 eorum
2299 3130 2743 3197 correctionem
2775 3148 2903 3194 non
2931 3126 3181 3211 sufficit,

319 3238 720 3326 providentia
777 3244 874 3305 est
928 3237 1244 3304 diocesani
1298 3238 1576 3325 episcopi
1623 3237 2003 3321 adhibenda,
2058 3238 2182 3303 nisi
2229 3256 2520 3303 excessus
2568 3234 2839 3301 difficilis
2883 3234 3075 3301 fuerit
3119 3230 3183 3299 et

321 3346 594 3413 enormis
611 3395 631 3429 ,
677 3350 937 3432 propter
983 3364 1164 3429 quem
1211 3346 1436 3411 merito
1483 3346 1570 3412 sit
1614 3345 1694 3411 ad
1737 3344 2083 3411 Romanam
2133 3344 2457 3411 ecclesiam
2504 3363 2791 3410 recursus
2838 3340 3179 3408 habendus.

319 3450 450 3519 Nos
501 3472 648 3536 ergo
696 3451 776 3519 ad
823 3472 933 3517 vos
978 3455 1282 3519 statutum
1329 3452 1686 3518 huiusmodi
1733 3452 2027 3518 duximus
2073 3451 2567 3531 extendendum,
2626 3450 2995 3516 auctoritate
3038 3468 3182 3535 pre-

202 3610 214 3622 ,
320 3558 594 3626 sentium
653 3562 998 3626 statuentes
1011 3608 1031 3644 ‚
1089 3563 1162 3625 ut
1213 3559 1282 3625 in
1339 3560 1454 3626 tali
1507 3579 1656 3627 casu
1670 3608 1689 3644 ‚
1744 3559 1870 3625 nisi
1913 3558 2172 3625 maioris
2216 3558 2302 3624 sit
2344 3556 2742 3644 providentia
2784 3555 3181 3641 requirenda,

319 3686 436 3753 per
481 3666 756 3753 priorem
801 3671 1101 3749 vestrum,
1149 3666 1279 3751 qui,
1325 3666 1490 3733 sicut
1533 3667 1909 3750 audivimus„
1954 3666 2267 3753 presbiter
2312 3684 2447 3732 esse
2494 3664 2697 3748 debet,
2740 3663 3041 3730 fratribus
3076 3683 3181 3729 ve-

319 3773 472 3839 stris
529 3772 935 3841 absolutionis
992 3771 1358 3840 beneficium
1415 3774 1834 3860 impendatur.
1926 3773 2161 3840 Datum
2207 3770 2500 3857 Lugduni
2556 3772 2605 3837 ii
2657 3791 2854 3838 nonas
2909 3769 3183 3837 ianuarii

321 3878 722 3968 pontificatus
766 3881 970 3947 nostri
1015 3900 1179 3947 anno
1223 3880 1438 3948 tercio,

532 4020 654 4073 Sine
690 4020 833 4073 dato:
884 4021 1196 4089 „preceptori
1231 4030 1284 4074 et
1319 4021 1555 4074 fratribus
1601 4021 1862 4089 hospitalis
1899 4028 2073 4073 nancte
2107 4019 2269 4072 Mario
2304 4020 2722 4071 Theutonicorum
2757 4020 2807 4071 in
2846 4017 3175 4071 Alemannia“

319 4109 562 4176 inscripta
597 4110 779 4161 citatur
799 4110 864 4161 R..
881 4108 952 4161 88
979 4110 1110 4161 inter
1131 4110 1628 4176 Mergeuthemensia
1659 4128 1710 4162 n.
1728 4110 1824 4171 483
1867 4108 2181 4176 „preceptori
2204 4116 2257 4159 et
2278 4108 2513 4160 fratribus
2538 4108 2800 4175 hospitalis
2824 4118 2997 4160 sancte
3019 4106 3182 4161 Maris

319 4198 740 4251 Theutonicorum
774 4198 826 4250 in
849 4196 1093 4266 Marpurg
1115 4198 1414 4266 Moguntine
1449 4198 1690 4251 diocesis“
1731 4198 1910 4250 citatur
1933 4198 1999 4250 R.
2022 4196 2120 4249 123
2154 4197 2287 4248 inter
2307 4196 2709 4264 Marburgensia.
2756 4198 2843 4249 Or.
2867 4198 3183 4265 praeceptori

319 4296 374 4339 et
405 4286 644 4340 fratribus
679 4286 939 4354 hospitalis
975 4296 1178 4341 sanotae
1202 4287 1396 4340 Mariae
1419 4287 1834 4341 Theutonicorum
1869 4288 1922 4339 in
1944 4286 2245 4339 Alemannis.
2279 4287 2485 4339 missum
2520 4304 2631 4339 cum
2666 4286 2805 4339 bulla
2840 4287 2893 4339 in
2926 4286 3024 4339 filis
3056 4302 3179 4338 oan-

317 4376 520 4429 nabinis
543 4392 772 4445 appensa
794 4374 846 4428 in
871 4377 1072 4431 archivo
1096 4376 1259 4431 ordini
1283 4376 1576 4430 'l'heutonici
1593 4374 1989 4430 vindobonensi.
2037 4374 2336 4429 Germanice
2357 4376 2424 4432 D.
2444 4374 2590 4429 n.81.
2616 4407 2677 4417 -·
2705 4376 2829 4429 Cum
2852 4376 2996 4429 dato:
3032 4376 3076 4439 Ι,
3095 4376 3181 4427 85.

322 4609 502 4682 498.
543 4612 721 4679 1246
761 4614 984 4679 martii
1012 4612 1093 4678 11
1137 4610 1459 4699 [aydani.
1529 4612 1926 4679 Innocentius
1952 4610 2062 4677 IV
2091 4613 2313 4699 repetit
2348 4635 2415 4677 n.
2438 4611 2583 4677 478
2614 4612 2693 4677 de
2720 4612 2899 4679 1244
2927 4613 3089 4677 maii
3113 4610 3177 4677 3.

545 4746 946 4821 Innocentius
999 4758 1116 4821 etc.
1361 4752 1519 4821 Cum
1571 4752 1818 4823 dilectis
1869 4758 1988 4821 etc.
2078 4752 2315 4821 Datum
2359 4751 2653 4839 Lugduni
2695 4774 2736 4819 v
2780 4752 2923 4820 idus
2969 4752 3181 4821 martii

318 4858 726 4947 pontificatus
771 4860 972 4929 nostri
1018 4880 1183 4927 anno
1229 4864 1470 4946 quarto.
