3892 5609
1338 357 1726 406 rammam
1772 357 2159 406 cenamus
3019 345 3167 416 441

327 516 560 582 fectum
578 566 597 600 ,
654 516 782 583 acsi
837 515 1094 582 ecclesie
1151 536 1392 583 necnon
1438 518 1669 585 vicarie
1728 516 2007 604 predicte
2052 515 2208 584 alias
2256 517 2332 582 de
2376 517 2512 582 iure
2558 521 2621 582 et
2664 516 2743 582 de
2782 515 2949 582 facto
2996 537 3177 582 vaca-

329 623 588 706 vissent,
631 623 1177 690 constitutionibus
1211 625 1568 709 apostolicis
1601 643 1674 690 ac
1703 625 1958 690 statutis
1991 630 2055 691 et
2086 624 2633 691 consuetudinibus
2665 622 2816 689 dicti
2845 623 3177 710 hospitalis

327 730 660 796 contrariis
727 750 852 796 non
921 729 1311 796 obstantibus
1375 732 1861 816 quibuscunque.
1956 729 2127 796 Nulli
2185 751 2331 814 ergo
2392 732 2645 797 omnino
2702 735 2817 796 etc.
2914 729 2981 796 Si
3038 731 3176 815 quis

329 843 538 904 autem
596 843 710 903 etc.
800 836 1033 903 Datum
1079 837 1273 905 Rome
1330 837 1494 924 apud
1551 845 1834 906 sanctum
1880 837 2137 903 Petrum
2185 837 2273 903 vii
2317 838 2458 905 idus
2504 836 2721 924 aprilis
2778 836 3177 924 pontificatus

327 944 532 1010 nostri
577 964 738 1014 anno
784 949 1021 1010 octavo.

541 1085 798 1152 originale
832 1102 942 1136 cum
978 1085 1114 1137 bulla
1155 1085 1250 1150 „ad
1285 1087 1572 1138 mandatum
1609 1085 1739 1138 dom.
1765 1101 1898 1152 pape
1934 1085 2120 1151 gratis“
2160 1085 2459 1138 extu-aditum
2494 1086 2545 1138 in
2570 1085 2769 1138 archivo
2792 1085 3177 1152 Regimontano.

329 1175 516 1226 Texta·
551 1173 712 1240 prima
734 1191 850 1241 pars
875 1174 1070 1226 videtur
1095 1175 1382 1242 depravata.

337 1379 513 1450 695.
553 1381 735 1449 1397
767 1383 995 1468 aprilis
1026 1383 1069 1447 7
1105 1383 1342 1448 Romae
1385 1385 1562 1469 apud
1603 1405 1652 1446 s.
1688 1383 1965 1448 Petrum.
2038 1383 2415 1468 Bomfaciua
2458 1384 2564 1450 IX
2607 1387 2926 1450 occasione
2970 1382 3177 1468 capel-

555 1489 802 1554 lanatus
833 1490 1165 1575 apostolici
1189 1489 1461 1554 Iohanni
1486 1493 1562 1554 de
1586 1489 1844 1556 Colonia
1876 1490 2094 1555 collati
2120 1491 2399 1556 declarat
2420 1491 2671 1557 clericos
2702 1493 2944 1556 ordinis
2975 1490 3179 1555 Theu-

554 1597 748 1660 tonici
799 1599 866 1660 in
927 1597 1394 1682 capellanorum
1455 1597 1938 1684 apostolicorum
1994 1600 2371 1662 consortium
2414 1611 2685 1684 receptos
2728 1619 2857 1664 non
2900 1596 3184 1663 subtrahi

557 1704 798 1768 ordinis
845 1703 1238 1768 obedientiae.

553 1833 910 1901 Bonifacius
965 1837 1294 1922 episcopus
1348 1855 1563 1901 servus
1623 1855 1942 1902 servorum
2016 1836 2117 1903 dei
2174 1837 2253 1902 ad
2308 1837 2580 1904 futuram
2640 1837 2733 1903 rei
2792 1836 3178 1904 memoriam.

552 1941 899 2009 Affectione
921 1949 984 2008 et
1007 1943 1334 2009 devotione
1357 1943 1691 2029 precipuis,
1717 1963 1871 2027 quas
1897 1944 1977 2009 ad
2000 1943 2258 2010 dilectos
2288 1943 2450 2010 filios
2474 1945 2843 2032 magistrum
2869 1948 2933 2010 et
2952 1944 3182 2009 fratres

333 2049 664 2135 hospitalis
730 2049 910 2115 beate
965 2049 1162 2116 Marie
1222 2050 1704 2116 Teutonicorum
1761 2050 2243 2116 lerosolimitani
2298 2051 2605 2135 gerimus,
2663 2051 2884 2116 merito
2940 2049 3183 2116 induci-

335 2177 507 2239 mur,
567 2161 640 2222 ut
683 2175 789 2238 ea,
845 2177 958 2242 per
1004 2177 1124 2242 que
1177 2157 1404 2223 fratres
1461 2157 1583 2242 ipsi
1633 2177 1670 2222 a
1713 2157 2105 2240 regularibus
2164 2157 2577 2224 observantiis
2634 2158 2872 2225 retrahi
2918 2157 3181 2243 possint,

335 2263 704 2329 submovere
749 2263 1014 2329 sollicite
1059 2264 1438 2329 studeamus
1509 2264 1725 2350 Nuper
1769 2265 2078 2349 siquidem
2126 2251 2421 2332 dilectum
2476 2263 2675 2331 filium
2724 2265 3057 2330 Iohannem
3105 2264 3183 2330 de

335 2369 626 2454 Colonia,
681 2370 938 2436 fratrem
993 2371 1146 2436 dicti
1203 2370 1565 2457 hospitalis,
1623 2372 1689 2437 in
1745 2378 2029 2438 nostrum
2087 2377 2151 2438 et
2196 2371 2535 2458 apostolice
2581 2371 2747 2437 sedis
2791 2371 3183 2458 capellanum

334 2477 607 2560 gratiose
650 2477 1000 2564 recepimus
1047 2498 1120 2543 ac
1162 2483 1518 2544 nostrorum
1565 2484 1630 2546 et
1673 2477 1938 2544 aliorum
1994 2479 2159 2545 sedis
2206 2479 2479 2545 eiusdem
2528 2478 2993 2564 capellanorum
3038 2497 3185 2543 con-

336 2585 530 2651 sortio
574 2584 1002 2651 favorabiliter
1048 2587 1552 2669 aggregavimuS,
1609 2592 1798 2672 prout
1851 2587 1916 2650 in
1976 2588 2209 2652 nostris
2253 2587 2399 2652 inde
2438 2585 2735 2652 confectis
2777 2585 3006 2652 litteris
3051 2584 3185 2671 ple-

335 2693 478 2759 nius
523 2692 892 2758 continetur.
951 2691 1106 2757 Cum
1151 2697 1383 2776 autem,
1429 2694 1591 2760 sicut
1635 2692 1914 2770 exhibita
1958 2691 2137 2760 nobis
2182 2715 2383 2780 nuper
2426 2714 2539 2781 pro
2572 2699 2749 2779 parte
2794 2692 3082 2776 magistri
3126 2697 3192 2758 et

334 2801 603 2867 fratrum
661 2799 1044 2886 prefatorum
1101 2800 1320 2886 petitio
1379 2801 1767 2883 continebat,
1826 2801 2029 2866 dictus
2088 2801 2349 2867 Ioannes
2406 2800 2647 2866 litteras
2704 2799 3059 2865 huiusmodi
3116 2817 3190 2864 ac

335 2908 526 2974 etiam
571 2907 904 2973 nonnullos
949 2925 1276 2992 processus
1325 2927 1436 2993 per
1481 2907 1728 2989 easdem
1761 2907 1840 2972 ad
1884 2908 2001 2973 hoc
2042 2905 2179 2973 fieri
2225 2927 2593 2994 procurasse
2638 2907 2948 2990 credatur,
2994 2911 3067 2971 ut
3110 2905 3189 2971 ab

335 3013 692 3081 obedientia
735 3015 1022 3097 magistri
1067 3022 1131 3080 et
1163 3014 1488 3100 hospitalis
1518 3015 1940 3101 predictorum
1975 3015 2373 3098 eximeretur,
2420 3022 2503 3098 et,
2548 3015 2601 3079 si
2632 3033 2745 3099 per
2776 3013 2931 3080 alios
2960 3013 3189 3078 fratres

337 3121 488 3189 dicti
548 3121 876 3207 hospitalis
935 3121 1168 3187 similia
1221 3126 1780 3206 attemptarentur‚
1841 3123 1905 3187 in
1965 3142 2257 3205 magnam
2312 3120 2734 3188 turbationem
2794 3117 3189 3186 observantie

335 3229 644 3312 regularis
689 3227 1014 3314 hospitalis
1059 3227 1308 3294 cederet
1365 3229 1690 3312 antedicti,
1751 3249 1866 3314 pro
1927 3235 2105 3315 parte
2148 3230 2427 3314 ipsorum
2488 3229 2773 3312 magistri
2816 3232 2881 3292 et
2922 3227 3191 3291 fratrum

334 3337 518 3403 nobis
561 3336 683 3402 fuit
723 3335 1046 3401 humiliter
1087 3335 1528 3421 supplicatum,
1575 3340 1646 3400 ut
1690 3336 2019 3421 providere
2062 3337 2217 3422 ipsis
2263 3356 2451 3422 super
2510 3337 2627 3402 hoc
2672 3335 2749 3400 de
2806 3333 3191 3416 benignitate

337 3443 681 3530 apostolica
725 3442 1143 3526 dignaremur.
1215 3442 1344 3508 Nos
1389 3443 1580 3526 igitur
1611 3443 1967 3508 huiusmodi
2012 3443 2571 3530 supplicationibus
2605 3441 2909 3524 inclinati,
2954 3440 3190 3506 eisdem

220 3543 235 3552 ”
338 3551 640 3634 magistro
698 3555 762 3616 et
824 3548 1124 3615 fratribus
1191 3551 1562 3616 auctoritate
1629 3549 1974 3635 apostolica
2038 3556 2256 3616 tencre
2320 3549 2701 3636 presentium
2770 3547 3189 3630 concedimus,

339 3659 506 3744 quod
551 3663 680 3723 tam
738 3657 876 3743 ipse
919 3655 1224 3724 Iohannes
1279 3677 1468 3740 quam
1515 3658 1702 3723 etiam
1751 3658 2105 3742 quicunque
2150 3657 2258 3722 alii
2302 3658 2527 3722 fratres
2568 3655 2796 3742 prefati
2842 3654 3191 3741 hospitalis,

340 3766 448 3851 qui
493 3765 706 3831 forsan
751 3765 816 3829 in
865 3762 1222 3850 capellanos
1269 3763 1432 3830 dicte
1476 3765 1642 3830 sedis
1689 3763 1987 3830 hactenus
2034 3773 2182 3830 sunt
2224 3763 2464 3849 recepti
2518 3763 2616 3828 vel
2661 3763 3051 3848 inposterum
3094 3781 3194 3827 re-

339 3873 680 3960 cipientur,
742 3871 998 3957 perinde
1043 3871 1173 3936 suis
1219 3871 1550 3936 ordinariis
1595 3871 1905 3938 iudicibus
1953 3891 2025 3936 ac
2070 3867 2493 3958 superioribus
2552 3868 2796 3935 subsint
2854 3889 2927 3936 ac
2975 3889 3193 3955 parere

339 3989 404 4048 et
445 3979 766 4047 intendere
811 3985 1173 4061 teneantur,
1233 3979 1359 4044 acsi
1405 3978 1712 4064 capellani
1757 3979 1921 4044 dicte
1968 3977 2133 4043 sedis
2176 3977 2435 4042 minime
2488 3977 2697 4042 forent
2740 3982 2803 4042 et
2847 3996 3035 4062 super
3077 3976 3195 4041 hoc

337 4089 582 4154 litteras
631 4085 1002 4172 apostolicas
1049 4104 1190 4150 cum
1237 4087 1630 4171 processibus
1677 4085 2035 4151 huiusmodi
2079 4084 2175 4149 vel
2222 4084 2355 4150 sine
2396 4083 2523 4149 illis
2556 4084 2816 4148 minime
2860 4083 3194 4169 impetras-

341 4202 510 4278 sent,
556 4193 912 4260 huiusmodi
957 4194 1307 4278 impetratis
1355 4213 1427 4258 ac
1471 4193 1883 4278 impetrandis
1928 4193 2157 4258 litteris
2204 4199 2267 4258 et
2322 4191 2715 4277 processibus
2760 4209 3000 4256 necnon
3046 4209 3196 4255 con·

340 4301 770 4369 stitutionibus
817 4301 1174 4386 apostolicis
1221 4321 1294 4366 ac
1340 4301 1591 4366 statutis
1637 4305 1701 4367 et
1743 4299 2295 4366 consuetudinibus
2352 4299 2503 4364 dicti
2558 4296 2889 4383 hospitalis
2946 4303 3009 4363 et
3052 4296 3193 4362 aliis

339 4409 669 4476 contrariis
727 4428 852 4474 non
908 4407 1298 4473 obstantibus
1359 4407 1870 4491 quibuscumque.
1951 4406 2122 4472 Nulli
2192 4425 2339 4488 ergo
2406 4405 2726 4470 hominum
2790 4403 2978 4470 liceat
3035 4403 3195 4470 hanc

341 4519 634 4605 paginam
682 4520 895 4582 nostre
939 4513 1352 4581 concessionis
1398 4514 1740 4596 infringere
1785 4520 1900 4580 etc.
1976 4511 2043 4578 Si
2091 4513 2229 4598 quis
2276 4518 2391 4578 etc.
2462 4511 2697 4578 Datum
2741 4509 2975 4577 Romae
3028 4510 3195 4597 apud

341 4630 627 4690 sanctum
671 4623 924 4689 Petrum
975 4623 1060 4686 vii
1105 4622 1243 4710 idus
1291 4622 1507 4708 aprilis
1553 4619 1951 4706 pontificatus
1996 4620 2196 4686 nostri
2244 4639 2404 4685 anno
2452 4625 2691 4685 octavo.

551 4763 647 4814 Ed.
683 4762 907 4814 Duellius
945 4763 994 4814 in
1032 4763 1310 4828 appendice
1345 4763 1377 4810 9
1415 4781 1463 4812 n.
1501 4763 1578 4812 10.
1651 4762 2027 4812 Transsumtum
2074 4761 2338 4810 autoritate
2376 4769 2427 4810 et
2462 4759 2626 4826 sigillo
2658 4759 2886 4809 Woruori
2924 4759 2987 4809 do
3026 4757 3195 4824 Ilayn,

342 4853 568 4906 officialis
605 4851 985 4917 llerbipolensis
1023 4851 1205 4912 curiae,
1244 4851 1292 4902 d.
1325 4852 1457 4901 1418
1494 4851 1663 4902 decbr.
1688 4851 1721 4900 2
1757 4851 1943 4901 factum
1979 4850 2029 4899 iu
2066 4849 2266 4900 archivo
2302 4847 2684 4913 Regimontano.
