3892 5609
1169 320 1399 369 1·an
1445 320 1730 369 sanem.
1798 320 2133 367 ARMENJA.
2206 320 2473 369 onmes
3164 310 3261 381 63

384 482 484 544 est
529 496 848 563 expressa,
901 480 1184 564 presenti
1226 481 1462 566 pagina
1505 480 1712 564 sigillo
1757 500 1897 545 meo
1943 478 2237 546 roboravi
2283 485 2347 545 et
2390 479 2763 566 subscriptis
2807 479 3075 545 testibus
3120 499 3268 545 con-

381 582 653 651 firmavi.
735 584 940 651 Huius
995 587 1088 652 rei
1144 592 1338 655 testes
1395 592 1572 654 sunt:
1636 586 2039 653 Boemundus
2098 586 2388 653 dominus
2444 585 2813 668 Botorouis;
2874 586 3145 652 Thomas
3192 586 3269 653 de

381 690 572 776 Ham,
621 692 1059 759 conestabulus
1092 693 1523 780 Tripolianus;
1571 694 1879 761 Henricus
1925 694 2005 760 de
2038 692 2179 759 Rufi
2226 698 2290 759 et
2316 692 2621 759 Radulfus
2666 712 2865 780 nepos
2905 694 3072 774 eius;
3118 692 3268 759 Phi-

383 796 598 885 lippus
643 799 722 865 de
765 798 1150 885 Maugaste13
1194 800 1618 887 Ingerrannus
1663 801 1742 867 de
1783 800 2092 867 Femium.
2163 801 2397 867 Actum
2442 805 2540 867 est
2582 801 2702 866 hoc
2746 820 2909 865 anno
2956 800 3267 866 dominice

382 906 840 973 incarnationis
883 915 974 973 m·
1004 916 1096 975 cc·
1127 916 1283 974 xxx·
1312 909 1452 975 iiii‘z

597 1047 640 1109 1,
677 1046 803 1097 mv.
841 1065 892 1099 n.
917 1046 1003 1099 37.
1185 1050 1232 1101 1.
1267 1048 1448 1101 littolfo
1486 1058 1606 1100 tunc
1641 1048 1882 1116 temporis
1920 1040 2231 1115 preceptoris
2268 1049 2329 1100 Β.
2508 1048 2558 1098 2.
2596 1047 2806 1113 gastinis
2844 1055 2897 1097 et
2932 1046 2991 1097 B.

393 1328 514 1401 79.
564 1334 740 1400 1235
795 1334 1119 1399 novembri
1161 1338 1497 1422 Auqustae.
1589 1336 1961 1401 Fm'dericus
1991 1335 2080 1400 ‚II
2125 1337 2470 1421 imperator
2529 1334 2855 1417 confirmat
2896 1333 3264 1399 Hermanno

563 1444 866 1527 mayistro
935 1442 1266 1527 hospitalis
1327 1465 1377 1506 ε.
1423 1444 1517 1507 Μ.
1559 1442 1673 1507 Th„
1721 1447 1792 1507 in
1829 1442 1885 1507 I.
1947 1445 2017 1507 in
2087 1464 2203 1507 sua
2268 1444 2637 1527 praesent-ia
2709 1444 3038 1505 constituto
3106 1444 3263 1505 ser-i-

569 1562 753 1635 ptum
807 1548 1164 1634 publicum,
1224 1552 1563 1615 seeundum
1601 1550 1790 1637 quod
1832 1551 2233 1615 Rem-andus
2291 1551 2368 1613 de
2412 1548 2699 1613 Por-celet
2757 1561 2815 1635 et
2859 1547 3135 1612 [sabella
3190 1550 3267 1612 de

565 1655 781 1721 Besan
827 1678 1042 1721 coram
1089 1656 1369 1721 Ricardo
1403 1656 1794 1742 Filanyerio‚
1845 1656 2172 1742 imperiali
2212 1656 2613 1736 maresc-alce,
2662 1657 2847 1740 reqm'
2877 1654 3263 1719 Ierosolimi-

567 1766 707 1828 tani
733 1762 948 1827 baiulo
980 1775 1037 1828 et
1067 1764 1268 1848 leqato
1299 1766 1558 1850 imperii
1583 1768 1653 1831 in
1675 1764 1971 1849 partibus
2005 1762 2254 1851 Syriae,
2304 1764 2718 1828 vendiderunt
2747 1762 3028 1846 [adolfo
3068 1784 3263 1849 prae-

567 1872 806 1955 ceptori
833 1871 1040 1935 dictae
1069 1872 1288 1936 domus
1335 1871 1576 1936 casalia
1609 1872 1914 1937 Arabiam
1950 1882 2005 1935 et
2032 1870 2384 1933 Zechanim
2431 1892 2570 1935 cum
2611 1872 2879 1955 qaetinie
2912 1869 3261 1949 Berhaenm,

565 1976 842 2057 Mezen-a,
889 1978 1228 2043 Miekelim.

599 2114 641 2177 1,
667 2115 731 2166 21
749 2132 797 2167 r.
832 2132 884 2166 n.
903 2116 973 2167 38
998 2124 1051 2168 et
1073 2116 1162 2169 45.
1214 2116 1581 2184 Apographum
1617 2115 1958 2168 authenticum
1982 2114 2372 2166 confirmationis
2398 2115 2463 2165 de
2494 2112 2629 2165 1243
2654 2114 2763 2165 dec.
2788 2114 2841 2164 in
2866 2114 3067 2165 archivo
3096 2114 3262 2166 Stutt-

385 2205 630 2269 gan-tensi.
681 2204 814 2256 Edd.
842 2204 906 2257 de
932 2204 1177 2258 Stiufried
1209 2206 1348 2257 Mon.
1375 2204 1654 2257 zoumua.
1705 2204 1852 2257 Halia
1889 2205 2145 2257 Saxonum
2184 2203 2337 2255 1848.
2390 2204 2433 2265 1,
2468 2200 2541 2254 46
2576 2221 2627 2255 n.
2652 2202 2723 2253 29
2756 2212 2812 2253 et
2846 2202 3077 2255 Huillard
3090 2230 3113 2241 -
3129 2202 3261 2253 Bre—

383 2290 550 2343 holles
585 2290 677 2355 IV,
715 2290 836 2345 ¹792.

391 2575 515 2647 80.
565 2576 741 2645 1235
773 2582 1000 2645 Accon.
1075 2581 1385 2646 Robertm
1421 2580 1492 2647 S.
1519 2581 1773 2645 Mariae
1803 2581 1880 2644 de
1909 2578 2151 2643 Latina
2194 2582 2265 2644 in
2296 2576 2640 2645 Ierusalem
2684 2578 2878 2643 abbas
2924 2578 3260 2665 approbat,

568 2686 740 2773 quod
793 2686 1106 2752 Iohannes
1161 2684 1404 2773 Grzffus
1461 2687 1766 2775 hospitali
1817 2710 1866 2751 ε.
1909 2688 2195 2751 Mariae.
2220 2686 2745 2753 Theutonicorum
2800 2688 2871 2749 in
2919 2685 3265 2751 Ierusalem

566 2796 892 2880 quanda-m
927 2798 1178 2881 peciam
1223 2807 1426 2859 terrae
1471 2796 1650 2881 apud
1694 2798 1905 2859 Accon
1951 2794 2077 2859 eibi
2119 2795 2468 2859 censualem
2511 2794 2809 2857 vendidit.

611 2934 727 3001 Rei
770 2940 946 3017 geste
991 2941 1204 3003 servat
1245 2935 1618 3003 memoriam
1665 2942 1730 3002 et
1757 2936 1991 3001 valoris
2022 2935 2261 3001 confert
2306 2935 2599 3021 perpetui
2636 2934 3074 3001 fulcimentum
3108 2933 3266 3001 scri-

387 3046 574 3128 pture
621 3041 839 3126 serice,
885 3043 1036 3127 quia
1078 3043 1450 3129 plerumque
1495 3042 1744 3133 defectu
1787 3043 2045 3108 testium
2092 3045 2203 3106 aut
2244 3062 2359 3126 per
2389 3040 2561 3123 longi
2592 3041 2922 3107 decursum
2958 3043 3263 3127 temporis

387 3153 598 3234 potest
641 3148 1008 3216 contrahere
1054 3149 1396 3216 levitatem.
1465 3148 1566 3216 Ea
1607 3154 1869 3235 propter
1899 3152 2119 3231 notum
2150 3148 2237 3213 sit
2280 3148 2569 3215 omnibus
2613 3147 3013 3233 presentibus
3059 3153 3124 3215 et
3164 3149 3263 3215 fu-

387 3255 548 3321 turis
564 3304 584 3338 ,
644 3255 812 3338 quod
866 3276 980 3321 nos
1025 3254 1338 3323 Robertus
1385 3256 1644 3322 ecclesie
1689 3260 1906 3322 sancte
1951 3254 2151 3321 Marie
2199 3256 2277 3322 de
2320 3253 2551 3321 Latina
2596 3255 2665 3319 in
2710 3254 3093 3323 Hierusalem
3146 3255 3263 3321 hu·-

387 3361 558 3428 milis
614 3360 810 3428 abbas
867 3362 944 3428 de
990 3364 1316 3430 voluntate
1375 3367 1438 3429 et
1493 3382 1804 3430 consensu
1857 3362 2125 3449 capituli
2176 3362 2378 3428 nostri
2432 3360 2797 3446 laudamus,
2853 3362 3140 3429 volumus
3200 3368 3265 3429 et

389 3467 816 3554 approbamus
859 3470 1314 3555 vendicionem,
1363 3490 1553 3555 quam
1597 3468 1828 3535 nobilis
1874 3470 1975 3535 vir
2004 3468 2311 3535 Iohannes
2342 3465 2579 3534 Griffus
2622 3468 2775 3534 fecit
2818 3469 2895 3534 de
2940 3469 3264 3536 voluntate

389 3581 455 3641 et
497 3575 889 3662 beneplacito
945 3578 1161 3643 uxoris
1217 3598 1328 3645 sue
1372 3576 1570 3643 Marie
1625 3578 1692 3643 in
1741 3578 1918 3643 curia
1961 3576 2317 3641 Acconeusi
2370 3575 2555 3641 fratri
2596 3574 2851 3641 Lutolfo
2909 3576 3263 3663 preceptori

390 3688 454 3749 et
495 3682 704 3749 locum
749 3683 1038 3767 magistri
1082 3686 1322 3751 tenenti
1369 3689 1433 3751 et
1477 3684 1811 3751 conventui
1855 3682 2187 3769 hospitalis
2232 3689 2449 3750 sancte
2494 3683 2695 3750 Marie
2732 3682 3261 3749 Theutonicorum

387 3790 457 3855 in
501 3788 842 3856 Ierusalem
890 3789 969 3856 de
1014 3791 1286 3876 quadam
1331 3792 1513 3879 pecia
1555 3796 1725 3857 terre
1771 3787 1923 3857 sita²
1969 3810 2169 3877 prope
2212 3790 2459 3874 Accon‚
2508 3810 2697 3875 quam
2742 3789 2911 3857 idem
2954 3787 3262 3855 Iohannes

389 3894 626 3962 Griffus
672 3902 736 3963 et
780 3916 941 3962 uxor
984 3897 1118 3963 eius
1164 3898 1450 3984 predicta
1493 3918 1532 3964 a
1575 3897 1758 3965 nobis
1806 3903 1870 3965 et
1915 3896 2183 3965 ecclesia
2224 3902 2445 3964 nostra
2489 3896 2605 3963 sub
2651 3895 2930 3963 censuali
2976 3894 3160 3961 titulo
3200 3905 3261 3961 v·

389 4002 810 4069 bisanciorum
858 4003 997 4069 auri
1041 4010 1586 4071 sarracenatorum
1629 4003 1812 4071 nobis
1859 4009 1923 4070 et
1968 4003 2228 4070 ecclesie
2271 4003 2401 4069 iam
2431 4004 2598 4069 dicte
2646 4002 2970 4069 annuatim
3016 4002 3263 4069 solven-

389 4109 614 4175 dorum
659 4109 977 4177 tenebant.
1047 4110 1288 4179 Eadem
1318 4133 1467 4178 vero
1498 4116 1672 4178 terra
1701 4110 1826 4177 hiis
1857 4111 2196 4177 correnciis
2226 4111 2632 4178 terminatur:
2681 4129 2761 4176 ex
2793 4115 2975 4195 parte
3005 4110 3263 4195 quidem

388 4215 679 4283 orientali
735 4217 1031 4301 contigua
1086 4223 1184 4285 est
1231 4218 1416 4285 vinee
1467 4216 1795 4285 Michaelis
1841 4216 1919 4284 de
1964 4217 2336 4303 Ierusalem,
2397 4223 2461 4283 et
2516 4236 2594 4281 ex
2652 4221 2834 4302 parte
2891 4217 3299 4284 occidentali·

385 4323 636 4390 iardino
666 4322 974 4407 Pandolfi‚
1023 4325 1101 4391 ab
1149 4324 1413 4392 australi
1455 4346 1604 4392 vero
1651 4330 1834 4411 parte
1879 4326 2273 4391 contermina
2316 4328 2414 4390 est
2455 4324 2689 4410 partim
2735 4323 2982 4390 iardino
3014 4324 3261 4410 Templi

387 4434 452 4497 et
501 4430 740 4517 partim
784 4430 1031 4497 iardino
1075 4433 1330 4499 Andree
1376 4432 1454 4498 de
1485 4431 1782 4513 Wienna3
1845 4440 1909 4497 et
1954 4452 1993 4498 a
2038 4432 2465 4519 septentrione
2520 4431 2768 4497 iardino
2816 4431 3068 4496 domino
3113 4430 3261 4496 Rol-

385 4538 592 4619 landi3
644 4542 708 4604 et
748 4536 1103 4621 ingressum
1147 4539 1339 4606 habet
1383 4559 1498 4625 per
1541 4538 1711 4604 viam
1758 4537 2079 4625 publicam
2126 4545 2273 4605 ante
2318 4538 2633 4605 iardinum
2680 4537 3011 4623 hospitalis
3060 4537 3262 4602 sancti

385 4643 705 4711 Iohannis.
758 4644 1056 4712 Preterea
1083 4646 1519 4713 investivimus
1553 4645 1908 4731 predictum
1937 4644 2328 4728 L(udolfum)
2366 4650 2799 4732 preceptorem
2829 4644 3085 4709 nomine
3114 4661 3261 4708 con-

383 4756 612 4817 ventus
659 4754 722 4818 et
765 4751 1036 4819 fratrum
1079 4751 1362 4819 eiusdem
1405 4752 1741 4838 hospitalis
1785 4753 1864 4819 de
1909 4753 2095 4839 pecia
2123 4758 2291 4820 terre
2321 4748 2703 4819 memorata²
2734 4750 2927 4817 salvis
2958 4759 3019 4813 v·
3052 4747 3261 4815 bisan-

385 4859 503 4926 ciis
551 4860 691 4925 auri
735 4861 1152 4927 sarracenatis
1199 4858 1380 4926 nobis
1437 4864 1501 4925 et
1552 4879 1702 4945 sepe
1749 4859 1914 4926 dicte
1960 4859 2225 4927 ecclesie
2270 4860 2349 4926 de
2390 4858 2623 4926 Latina
2666 4879 2709 4924 a
2751 4858 2916 4923 dicto
2963 4856 3261 4943 hospitali

387 4965 652 5051 singulis
699 4967 882 5035 annis
927 4967 1186 5052 pacifice
1232 4972 1298 5033 et
1341 4966 1479 5033 sine
1509 4967 2006 5057 contradictione
2040 4967 2111 5033 in
2140 4967 2302 5034 festo
2334 4966 2615 5033 omnium
2643 4968 3005 5031 sanctorum
3039 4983 3261 5031 census
