3892 5609
1351 387 1742 437 Pammeni
1785 386 2173 437 GENERALIA
3032 378 3075 450 3
3087 379 3126 449 7
3138 378 3181 449 9

335 542 456 593 dato
491 559 554 594 ex
590 542 820 609 originali
855 554 971 595 tunc
991 544 1484 611 Mergenthemensia
1519 546 1722 608 archivi,
1759 546 1894 612 quod
1929 564 2063 598 nunc
2096 564 2207 597 cum
2244 546 2381 597 bulla
2414 547 2469 597 in
2504 546 2601 599 filis
2636 547 2837 599 sericeis
2873 564 3101 613 appensa
3134 548 3186 599 in

337 630 535 682 archivo
573 632 758 683 ordinis
783 634 1076 687 Theutonici
1101 634 1478 686 Vindoboneusi
1513 644 1814 695 asservatur,
1851 636 1932 687 ed.
1960 636 2024 686 de
2048 635 2166 687 wal
2200 636 2521 687 Recherches
2556 636 2621 697 11,
2647 636 2780 697 3523
2816 636 2949 687 unde
2984 636 3188 702 repetiit

336 718 544 771 Hennes
568 720 610 781 I,
637 722 734 771 152
769 740 820 773 n.
843 723 958 774 163.
990 754 1047 761 —-
1079 724 1200 775 Cum
1227 724 1344 775 dato
1369 725 1519 775 etiam
1546 724 1608 777 A.
1633 723 1696 774 16
1733 742 1782 789 p.
1803 724 1927 788 4sq.
1959 724 2267 790 „Venetiis“.
2414 726 2459 777 1.
2496 725 2761 776 conventui
2784 724 2849 775 11.
2992 724 3043 775 2.
3078 724 3183 775 fra-

339 809 495 859 tribus
532 809 598 860 Η.

1449 923 1851 931 -——————--
1872 924 1904 929 ..-
1926 922 1998 929 ——-
2022 922 2077 928 ῳ-

345 1066 386 1137 5
399 1065 518 1137 37.
560 1070 740 1135 1257
795 1075 1015 1137 martii
1055 1074 1100 1139 6
1157 1073 1478 1139 Laterani.
1573 1070 1934 1139 Alexander
1980 1073 2091 1139 IV
2146 1074 2361 1138 ordini
2424 1072 2799 1139 Theutom'oo
2868 1073 3189 1156 confirnmt

439 1162 444 1167 ⁵
559 1179 914 1266 p‘m'vileqia.

561 1309 921 1379 Alexander
962 1313 1291 1399 episcopus
1349 1334 1564 1380 servus
1611 1332 1934 1379 servorum
1982 1313 2082 1379 dei
2128 1312 2371 1379 dilectis
2416 1310 2562 1378 filiis
2606 1312 2907 1395 magistro
2956 1315 3019 1379 et
3059 1310 3188 1379 fra-

341 1415 542 1482 tribus
597 1416 926 1505 hospitalis
979 1427 1194 1487 sancte
1237 1420 1434 1487 Marie
1480 1420 2005 1487 Theutonicorum
2060 1419 2541 1486 lerosolimitani
2595 1419 2861 1486 salutem
2918 1424 2983 1485 et
3038 1439 3188 1505 apo-

341 1523 622 1589 stolicam
670 1525 1180 1593 benedictionem.
1345 1526 1446 1593 Ad
1476 1526 1796 1591 assiduum
1827 1526 2061 1594 Christi
2090 1528 2411 1594 servitium
2445 1527 2775 1613 deputatos
2804 1527 3017 1592 favore
3047 1546 3189 1613 pre-

342 1630 524 1716 cipuo
591 1632 886 1717 prosequi
941 1632 1224 1699 Romana
1289 1632 1475 1699 debet
1540 1632 1828 1716 ecclesia,
1895 1640 1969 1699 ut
2032 1634 2100 1698 in
2164 1634 2307 1700 illos
2372 1632 2697 1719 potissime
2753 1634 3023 1717 gratiam
3078 1652 3189 1699 sue

342 1736 744 1820 benignitatis
789 1740 1103 1824 extendat,
1149 1740 1255 1825 qui
1287 1738 1563 1805 vacando
1609 1738 1838 1804 divinis
1885 1740 2198 1825 obsequiis
2244 1746 2585 1807 noscuntur
2626 1740 2895 1826 amplius
2943 1759 3190 1825 prome-

342 1844 486 1909 reri.
556 1842 717 1921 Quia
759 1844 950 1928 igitur
981 1846 1178 1912 eterni
1222 1846 1388 1929 regis
1435 1845 1842 1932 beneplacitis
1874 1867 1985 1913 vos
2016 1846 2225 1913 taliter
2254 1848 2684 1933 mancipastis,
2731 1867 2873 1912 cum
2904 1851 3191 1933 accepta-

343 1950 468 2017 bile
497 1950 678 2017 valde
722 1952 922 2039 ipsius
970 1953 1334 2037 obsequium
1379 1974 1791 2039 personarum
1821 1954 2115 2041 periculis
2150 1954 2407 2019 minime
2437 1954 2812 2037 formidatiS,
2857 1952 3189 2040 intrepidis

343 2059 808 2143 prosequamini
850 2060 1075 2126 animis
1108 2066 1172 2126 et
1200 2060 1438 2126 viribus
1467 2060 1794 2126 indefessis
1827 2082 1940 2147 pro
1972 2066 2139 2127 terre
2172 2060 2700 2127 ierosolimitanae
2730 2060 2929 2127 tutela
2958 2059 3193 2127 Christi

343 2165 644 2249 sanguine
687 2166 1003 2233 rubricate
1045 2168 1336 2234 continue
1380 2167 1791 2251 decertantes,
1838 2168 2017 2234 decet
2059 2168 2337 2257 profecto
2385 2172 2449 2233 et
2492 2166 2767 2253 expedit,
2812 2171 2885 2232 ut
2922 2168 3191 2253 copiosis

343 2292 454 2338 vos
511 2273 980 2340 corroboremus
1037 2274 1355 2341 favoribus
1410 2280 1739 2359 vestroque
1795 2276 2000 2341 ordini
2047 2274 2383 2361 apostolice
2430 2274 2632 2357 gratie
2675 2273 2997 2339 dexteram
3044 2293 3189 2359 por-

341 2380 638 2462 rigamus.
729 2378 887 2445 Cum
941 2380 1134 2463 igitur
1180 2381 1525 2467 apostolica
1575 2382 1754 2447 sedes
1810 2381 2111 2447 nonnulla
2166 2380 2496 2468 privilegia
2540 2384 2602 2446 et
2648 2381 3051 2467 quamplures
3094 2381 3192 2446 in-

341 2486 696 2570 dulgentias
743 2492 805 2553 et
833 2488 1068 2569 gratias
1099 2488 1300 2554 cidem
1333 2488 1538 2554 ordini
1569 2488 1682 2555 sub
1712 2489 2077 2555 diversitate
2106 2493 2463 2574 temporum
2492 2488 2743 2553 duxerit
2778 2488 3190 2572 concedenda,

340 2613 456 2660 nos
503 2594 825 2679 cupientes
871 2614 965 2677 ca,
1012 2614 1132 2679 que
1178 2596 1302 2680 ipsi
1349 2595 1550 2660 ordini
1596 2602 1661 2662 et
1702 2596 1876 2663 vobis
1923 2618 1963 2661 a
2006 2595 2288 2681 predicta
2332 2594 2479 2660 sede
2520 2614 2817 2661 concessa
2854 2602 3019 2679 sunt,
3065 2614 3193 2661 non

343 2701 545 2768 solum
591 2702 836 2785 integra
881 2708 943 2769 et
983 2701 1162 2769 illesa
1207 2722 1479 2786 servare,
1525 2704 1717 2770 immo
1764 2705 1995 2791 potius,
2044 2708 2346 2787 quantum
2377 2722 2518 2768 cum
2550 2703 2664 2768 deo
2697 2723 3049 2788 possumne,
3084 2701 3193 2768 ad-

345 2828 603 2893 augere,
654 2790 892 2875 vestris⁶
924 2810 1485 2896 supplicationibus
1530 2811 1815 2878 inclinati
1859 2810 2215 2877 huiusmodi
2262 2810 2619 2896 privilegia,
2666 2810 3085 2893 indulgentias
3132 2814 3195 2876 et

343 2918 580 3001 gratias
625 2916 792 2982 dicto
839 2916 1065 3003 ordini,
1112 2937 1236 2983 non
1269 2918 1656 2986 obstantibus
1689 2918 2069 3003 quibuslibet
2098 2915 2664 3000 constitutionibus,
2712 2918 3192 3004 provisionibus,

344 3022 855 3107 diffinitionibuS,
913 3024 1407 3091 ordinationibus
1466 3031 1528 3092 et
1583 3025 2105 3092 declarationibus
2162 3026 2345 3091 factis
2392 3028 2455 3091 et
2506 3023 2921 3111 promulgatis
2968 3044 3006 3089 a
3048 3023 3195 3089 sede

343 3130 647 3218 predicta,
693 3150 806 3217 per
853 3152 1006 3215 quas
1051 3134 1278 3199 vestris
1325 3132 1668 3219 privilegiis
1715 3140 1778 3200 et
1822 3133 2261 3218 indulgentiis,
2316 3134 2535 3216 gratiis
2582 3137 2647 3200 et
2687 3128 3081 3198 libertatibus
3127 3130 3193 3195 in

343 3237 516 3304 nullo
563 3238 851 3323 derogari
879 3237 1186 3325 volumus,
1235 3242 1604 3308 auctoritate
1651 3240 1993 3327 apostolica
2038 3240 2477 3306 confirmamus
2523 3244 2587 3306 et
2630 3239 2940 3326 presentis
2977 3237 3196 3324 scripti

345 3346 695 3433 patrocinio
741 3348 1226 3432 communimus,
1285 3348 1690 3415 decernentes
1743 3368 1959 3414 omnes
2018 3347 2706 3430 excommunicationis,
2762 3344 3082 3411 interdicti
3134 3349 3197 3410 et

345 3453 775 3540 suspensionis
821 3456 1194 3538 sententias,
1253 3456 1308 3520 si
1363 3476 1518 3540 quas
1569 3456 1636 3522 in
1680 3476 1793 3521 vos
1839 3455 1940 3521 vel
1984 3460 2259 3520 vestrum
2306 3454 2581 3539 alffiuos,
2638 3458 2749 3519 aut
2792 3454 2860 3518 in
2905 3452 3195 3518 ecclesias

347 3580 460 3628 seu
517 3560 791 3646 quelibet
851 3560 990 3627 loca
1046 3562 1198 3627 dicti
1255 3563 1490 3629 ordinis
1546 3568 1836 3649 pretextu
1893 3562 2319 3649 predictarum
2374 3561 2919 3645 constitutionum,
2986 3560 3197 3645 provi-

346 3669 624 3752 sionum,
672 3666 1145 3751 diffinitionum,
1192 3669 1680 3736 declarationum
1729 3690 1971 3737 necnon
2012 3669 2365 3737 litterarum
2412 3688 2600 3753 super
2644 3666 2767 3732 hiis
2813 3688 2851 3733 a
2894 3666 3041 3733 sede
3086 3666 3197 3733 ob-

345 3780 660 3843 tentarum
710 3776 924 3841 eadem
969 3776 1353 3863 promulgari
1394 3778 1745 3861 contigerit,
1791 3778 2003 3843 irritas
2038 3782 2099 3843 et
2125 3778 2362 3842 inanes.
2430 3774 2934 3841 Declarationem
2962 3781 3195 3858 tamen,

347 3884 857 3952 constitutionem
916 3890 980 3949 et
1033 3884 1486 3951 ordinationem
1544 3906 1582 3951 a
1642 3884 1923 3969 predicta
1968 3884 2113 3951 sede
2157 3885 2387 3951 factam
2431 3883 2532 3949 vel
2580 3882 2813 3950 editam
2858 3902 3046 3969 super
3090 3882 3197 3949 de-

347 3992 528 4059 cimis
570 3991 888 4057 novalium
936 3995 999 4057 et
1043 3992 1210 4057 circa
1252 3992 1564 4057 indultum
1607 3991 2053 4078 apostolicum,
2112 3992 2277 4077 quod
2320 3992 2635 4079 plerisque
2679 3991 3072 4072 conceditur,
3126 3994 3198 4057 ut

347 4120 464 4187 pro
511 4120 586 4165 ea
629 4098 938 4185 portione,
987 4118 1110 4183 qua
1154 4098 1395 4165 veteres
1442 4118 1546 4165 eos
1593 4099 1984 4182 contingunt,
2032 4099 2347 4165 novalium
2396 4101 2672 4167 decimas
2716 4100 3043 4187 percipere
3090 4118 3198 4163 va-

346 4208 542 4291 leant,
585 4206 873 4272 volumus
921 4212 984 4273 et
1026 4206 1408 4293 precipimus
1453 4205 1898 4272 inviolabiliter
1944 4205 2283 4272 observari.
2376 4208 2548 4274 Nulli
2595 4229 2740 4293 ergo
2789 4206 3040 4274 omnino
3087 4206 3198 4271 ho-

349 4316 590 4382 minum
645 4312 833 4381 liceat
888 4314 1048 4379 hanc
1103 4320 1314 4381 nostre
1361 4312 1888 4396 confirmacioniS,
1947 4312 2417 4380 constitucionis
2464 4320 2527 4381 et
2576 4314 2857 4401 precepti
2903 4313 3197 4400 paginam

345 4423 692 4505 infringere
723 4421 820 4487 vel
866 4422 922 4487 ei
967 4442 1124 4487 ausu
1169 4422 1500 4488 temerario
1547 4422 1876 4489 contraire.
1952 4418 2021 4486 Si
2066 4421 2204 4506 quis
2252 4427 2459 4487 autem
2504 4421 2623 4487 hoc
2654 4426 3027 4505 attemptare
3058 4440 3199 4505 pre-

349 4531 710 4616 sumpserit,
755 4528 1252 4612 indignacionem
1301 4530 1744 4614 omnipotentis
1790 4528 1892 4593 dei
1939 4532 2002 4594 et
2048 4528 2371 4594 beatorum
2417 4526 2589 4595 Petri
2634 4534 2697 4595 et
2724 4526 2904 4593 Pauli
2948 4530 3199 4611 aposto-

349 4638 554 4705 lorum
601 4637 734 4703 eius
785 4656 852 4701 se
897 4636 1144 4701 noverit
1185 4636 1598 4702 incursurum.
1669 4634 1902 4701 Datum
1933 4634 2234 4702 Laterani
2276 4636 2325 4701 ii
2368 4653 2513 4701 non.
2546 4636 2758 4701 martii
2802 4634 3199 4721 pontificatus

351 4746 550 4813 nostri
597 4764 760 4811 anno
807 4744 1012 4810 tertio.

563 4886 605 4935 E
639 4892 943 4935 transsumto
988 4882 1048 4933 fr.
1085 4881 1384 4943 Bonacursi,
1431 4882 1670 4948 'l'yrcnsis
1718 4882 2079 4948 archicpiscopi
2127 4881 2191 4933 dc
2227 4882 2334 4934 ord.
2370 4883 2572 4949 praed„
2620 4882 2789 4935 vicarii
2836 4884 3201 4951 patriarchatus

351 4972 732 5024 lerosolimitani
775 4982 828 5025 et
863 4972 1182 5039 episcopatus
1217 4971 1522 5023 Acconcnsis
1532 5009 1548 5033 ,
1597 4981 1650 5022 et
1694 4971 1754 5023 fr.
1791 4970 2020 5023 Gailardi
2034 5008 2047 5032 ‚
2082 4970 2471 5024 Bethleemitani
2506 4973 2758 5040 episcopi,
2803 4975 3099 5025 auctoritate
3136 4974 3203 5025 ad

351 5062 640 5113 instantiam
675 5063 736 5114 fr.
759 5062 996 5115 Iohannis
1031 5060 1201 5127 magni
1237 5061 1574 5129 praeceptoris
1610 5060 1786 5113 domus
1821 5060 2087 5127 hospitalis
2122 5070 2293 5113 sancto
2326 5062 2489 5115 Man-io
2512 5063 2931 5116 Theutonicorum
2966 5063 3201 5116 lerosoli-
