3892 5609
1356 300 1750 349 vamnma
1793 300 2184 349 canamus
3048 290 3199 362 299

329 460 578 527 cionem
621 461 792 527 circa
833 480 948 527 nos
997 464 1062 527 et
1105 458 1454 527 Romanam
1501 460 1832 529 ecclesiam
1879 460 2175 528 exhibere
2220 466 2586 529 noscuntur.
2654 460 2807 529 Inde
2860 467 2978 545 est,
3037 462 3206 549 qnod

331 567 510 635 vobis
557 588 672 654 per
719 561 1066 653 apostolica
1111 568 1350 653 scripta
1391 566 1800 653 precipiendo
1845 567 2243 653 mandamuS,
2292 570 2590 653 quatinus
2633 570 2945 635 universis
2985 589 3205 654 parro-

327 674 572 741 chianis
619 675 846 741 vestris
894 673 1009 740 sub
1054 674 1566 741 interminatione
1614 673 2033 741 anathematis
2081 673 2413 760 prohibere
2456 676 2709 760 curetis,
2756 696 2835 743 ne
2868 696 2907 741 a
2940 677 3205 761 prefatis

325 782 632 849 fratribus
693 780 792 847 vel
835 801 1052 848 eorum
1113 780 1470 847 hominibus
1533 781 1610 847 de
1656 780 2055 865 victualibus,
2112 782 2525 865 vestimentis,
2582 782 2923 867 pecudibus
2970 804 3081 849 seu
3128 783 3206 849 de

332 888 478 957 aliis
533 890 722 955 rebus
781 889 1120 955 eorundem
1177 888 1444 953 fratrum
1499 888 1719 955 usibus
1778 887 2097 973 deputatis
2158 866 2521 971 caucagium
2594 909 2708 955 seu
2774 889 3209 975 aliquamlibet

331 996 852 1063 consuetudinem
901 994 1150 1079 exigere
1186 995 1286 1061 vel
1332 1001 1704 1079 extorquere
1750 1001 2135 1080 presumant.
2208 993 2277 1061 Si
2323 996 2430 1079 qui
2476 1001 2687 1063 autem
2728 1002 2971 1063 contra.
2991 996 3207 1086 prohi-

334 1102 642 1169 bitionem
698 1107 980 1168 nostram
1029 1102 1241 1169 venire
1288 1102 1812 1187 presumpserint,
1861 1122 1967 1167 eos
2013 1121 2053 1166 a
2096 1103 2570 1188 presumptione
2600 1123 2717 1168 sua
2742 1121 2871 1168 non
2900 1101 3206 1169 differatis

331 1230 451 1297 per
499 1208 1164 1276 excommunicationis
1197 1209 1574 1275 sententiam
1606 1208 1958 1292 cohercere,
2005 1209 2165 1274 etin
2194 1208 2381 1275 terris
2412 1225 2647 1292 eorum,
2682 1210 2737 1275 si
2767 1229 2921 1294 quas
2950 1208 3206 1293 habent,

333 1318 550 1383 omnia
607 1317 821 1383 divina
865 1320 1077 1401 preter
1132 1313 1448 1401 baptisma
1504 1316 1910 1401 parvulorum
1968 1320 2033 1381 et
2088 1315 2467 1402 penitentias
2531 1316 2933 1383 morientium
2992 1316 3206 1403 prohi-

334 1423 538 1491 beatis
597 1422 804 1489 officia
849 1421 1168 1489 celebrari.
1245 1422 1351 1488 Ad
1394 1421 1528 1507 hec,
1577 1422 1744 1508 quia,
1793 1423 1956 1488 sicut
1999 1422 2269 1508 predicti
2313 1422 2543 1488 fratres
2592 1428 2901 1507 asserunt,
2950 1422 3208 1507 quidam

333 1530 672 1621 presbiteri
729 1537 792 1595 et
849 1529 960 1597 alii
1014 1528 1225 1595 clerici
1295 1534 1501 1595 vestre
1557 1529 2010 1595 iurisdictionis
2070 1528 2137 1593 in
2193 1528 2472 1597 ecclesiis
2527 1528 2687 1611 illis,
2744 1549 2865 1614 que
2927 1548 3043 1615 pro
3098 1549 3206 1595 ex-

333 1636 614 1705 cessibus
671 1638 738 1703 in
796 1634 1052 1701 domum
1109 1635 1536 1722 predictorum
1591 1636 1860 1701 fratrum
1921 1635 2273 1701 commissis
2330 1636 2445 1702 sub
2502 1636 2835 1732 interdicto
2892 1641 3205 1720 tenentur,

334 1744 552 1811 divina
580 1741 897 1809 celebrare
926 1748 1318 1828 presumunt,
1349 1762 1478 1826 coa,
1511 1742 1566 1807 si
1595 1762 1697 1809 res
1728 1742 1820 1807 ita
1851 1762 1917 1807 se
1949 1741 2158 1825 habet,
2200 1763 2239 1807 a
2270 1762 2380 1808 sue
2410 1743 2904 1829 presumptionis
2944 1743 3209 1810 audacia

333 1871 452 1937 per
497 1850 928 1936 suspensionis
959 1855 1023 1915 et
1053 1849 1716 1915 excommunicationis
1749 1849 2127 1915 sententiam
2159 1848 2593 1934 compescatis.
2640 1848 2875 1915 Datum
2904 1847 3207 1915 Laterani

333 1978 420 2025 xv
465 1958 593 2024 kal.
636 1956 940 2023 februarii
984 1954 1385 2042 pontificatus
1429 1955 1632 2021 nostri
1677 1974 1840 2021 anno
1887 1956 2127 2039 quinto.

547 2088 670 2141 Sine
693 2086 840 2139 dato:
878 2088 918 2149 1,
943 2086 1043 2148 753
1077 2087 1146 2149 Π,
1174 2086 1276 2138 112
1310 2082 1360 2138 n.
1389 2087 1486 2148 71;
1523 2088 1588 2138 D.
1607 2086 1704 2148 713
1742 2088 1807 2139 A.
1833 2086 1903 2137 20
1937 2105 1989 2137 n.
2008 2087 2077 2139 69
2114 2086 2292 2137 Latine
2317 2095 2371 2137 et
2394 2068 2693 2139 Germanice
2716 2104 2829 2137 cum
2852 2095 2997 2137 nota:
3040 2086 3205 2151 „Gre-

332 2176 506 2242 gorius
549 2178 602 2229 in
637 2176 1012 2242 Mergintheym
1024 2195 1040 2236 ς
1089 2176 1400 2227 Allexander
1443 2178 1494 2226 in
1529 2176 1800 2242 Maguncia
1842 2184 1894 2227 et
1932 2175 2273 2227 Confluentia“
2317 2176 2509 2241 (versio
2546 2168 2675 2226 laxit:
2730 2192 2849 2239 „zcu
2886 2175 3057 2225 Mentz
3102 2174 3209 2225 und

335 2264 566 2331 Oolne“).
595 2295 656 2303 --
699 2266 822 2315 Cum
857 2264 1003 2315 dato:
1042 2265 1280 2316 Laterani
1317 2282 1378 2315 xv
1402 2264 1506 2317 kal.
1533 2265 1658 2316 febr.
1697 2282 1746 2331 p.
1772 2283 1825 2316 n.
1850 2284 1895 2314 a.
1921 2266 1955 2315 5
1992 2281 2054 2314 ex
2080 2264 2308 2330 originali
2334 2264 2521 2315 archivi
2552 2264 2803 2330 quondam
2830 2264 3207 2314 Confluentinae

335 2352 514 2404 domus
550 2370 684 2405 nunc
719 2353 906 2405 ordinis
942 2353 1240 2405 Theutonici
1273 2352 1698 2415 vindobonensis,
1735 2354 1814 2403 cui
1849 2352 1944 2403 filis
1984 2352 2185 2403 sericeis
2223 2352 2482 2419 appendet
2516 2351 2679 2417 bulla,
2715 2352 2797 2403 ed.
2821 2352 3030 2403 Hennes
3067 2351 3109 2415 1,
3138 2350 3207 2401 55

335 2460 386 2493 ιι.
411 2442 498 2494 51.
552 2441 615 2493 A.
642 2442 706 2491 16
743 2459 793 2507 p.
811 2440 882 2493 74
923 2441 1210 2506 „Colonie“.

341 2663 438 2734 33
455 2664 519 2733 1.
562 2666 734 2731 1221
781 2668 1072 2731 ianuarii
1112 2666 1199 2733 19
1239 2665 1561 2731 Laterani.
1646 2664 1972 2731 Honorius
2014 2665 2139 2730 III
2184 2667 2511 2751 confirmat
2566 2653 2783 2731 ordini
2833 2656 3210 2731 Theutonico

565 2774 811 2848 liberae,
840 2768 1234 2859 confratrum
1275 2772 1664 2859 sepulturam
1709 2774 2359 2860 eleemosynarumque
2407 2775 2845 2859 quaestionem.

562 2912 879 2979 Honorius
925 2914 1255 3000 episcopus
1315 2934 1532 2980 servus
1595 2932 1916 2979 servorum
1978 2914 2078 2981 dei
2132 2914 2595 2981 venerabilibus
2648 2912 2951 2979 fratribus
3008 2912 3213 2979 archi·-

343 3020 658 3107 episcopis
689 3025 754 3087 et
785 3019 1096 3106 episcopis
1129 3027 1193 3087 et
1220 3020 1466 3088 dilectis
1497 3020 1645 3087 filiis
1679 3020 2029 3105 abbatibus,
2061 3021 2397 3107 prioribuS,
2434 3020 2706 3105 decania,
2738 3018 3213 3103 archidiaconia,

337 3128 710 3214 prepositiS,
759 3126 1301 3213 archipresbiteris
1360 3133 1423 3194 et
1480 3127 1620 3193 aliis
1677 3127 2081 3193 ecclesiarum
2144 3128 2424 3213 prelatiS,
2484 3128 2563 3193 ad
2621 3148 2775 3211 quos
2828 3128 3039 3193 littere
3091 3126 3213 3191 iste

337 3235 762 3321 pervenerint,
809 3233 1076 3301 salutem
1124 3239 1188 3301 et
1231 3234 1638 3321 apostolicam
1687 3233 2201 3301 benedictionem.
2438 3234 2597 3300 Cum
2646 3232 2991 3320 apostolica
3032 3232 3212 3297 sedes

339 3341 589 3408 dilectis
642 3340 790 3408 filiis
857 3340 1160 3407 fratribus
1219 3342 1440 3407 domus
1487 3342 1818 3428 hospitalis
1875 3348 2092 3408 sancte
2146 3340 2345 3408 Maric
2392 3340 2914 3407 Theotonicorum
2970 3339 3211 3405 leroso-

339 3448 615 3515 limitani
673 3448 1033 3532 indulserit,
1087 3455 1160 3513 ut
1217 3468 1484 3533 corpora
1540 3444 1837 3513 fratrum¹
1898 3467 2157 3514 suorum
2212 3447 2633 3515 ecclesiastice
2674 3447 2922 3533 possint
2962 3447 3213 3513 tradere

339 3554 687 3641 sepultura,
733 3554 987 3638 dignum
1037 3560 1152 3638 est,
1199 3560 1272 3620 ut
1316 3575 1504 3641 super
1547 3555 1666 3621 hoc
1713 3555 2061 3641 apostolica
2106 3554 2345 3621 statuta
2399 3560 2745 3621 serventur.
2837 3553 3213 3619 Mandamus

339 3662 556 3745 itaque
585 3660 764 3729 vobis
797 3666 984 3746 atque
1027 3661 1432 3748 precipimuS,
1477 3662 1772 3746 quatinus
1818 3663 2182 3729 memoratis
2226 3662 2528 3728 fratribus
2572 3660 2812 3727 nullam
2859 3660 3214 3729 molestiam

337 3768 628 3835 inferatis
672 3767 771 3834 vel
819 3788 857 3833 a
913 3767 1179 3835 subditis
1229 3769 1454 3835 vestris
1510 3770 1894 3855 permittatis
1949 3768 2199 3853 inferri,
2260 3770 2595 3853 quominus
2642 3768 2989 3835 confratres
3042 3788 3210 3851 suos,

337 3875 468 3943 nisi
525 3876 1046 3941 excommunicati
1091 3875 1190 3941 vel
1247 3875 1620 3941 nominatim
1665 3875 1987 3942 interdicti
2034 3875 2439 3959 decesserint,
2483 3874 2682 3942 libere
2726 3895 2902 3941 more
2948 3874 3213 3941 aliorum

339 3981 644 4064 fidelium,
694 3982 1190 4066 quandocunque
1225 3983 1398 4069 ipsos
1430 3983 1589 4048 mori
1621 3983 1976 4066 contigerit,
2010 3983 2261 4049 valeant
2299 3982 2584 4069 sepelire.
2654 3981 2927 4049 Eosdem
2968 4002 3215 4066 quoque

337 4091 572 4157 fratres
628 4088 710 4155 ad
766 4089 1116 4173 querendas
1174 4088 1548 4155 elemosinas
1622 4108 1971 4175 pauperum
2040 4089 2221 4156 iuxta
2276 4089 2739 4173 indulgenciam
2810 4094 3091 4155 nostram
3145 4086 3213 4154 in

341 4196 624 4264 ecclesiis
669 4196 896 4261 vestris
953 4196 1150 4282 recipi
1196 4197 1442 4263 faciatis
1491 4201 1572 4278 et,
1621 4196 1675 4261 si
1724 4197 1828 4280 qui
1877 4194 2273 4262 subditorum
2316 4202 2667 4263 vestrorum
2726 4197 2817 4263 eis
2862 4216 3051 4281 super
3096 4194 3217 4261 hoc

335 4302 864 4391 impedimentum
923 4303 1347 4388 prostiterint,
1404 4302 1650 4369 sublato
1717 4302 2163 4388 appellationis
2222 4303 2540 4371 obstaculo
2598 4322 2863 4369 censura
2914 4302 3217 4369 canonica

557 4549 677 4600 Sine
704 4549 848 4600 dato:
887 4548 926 4599 1.
946 4547 1041 4609 7Ο;
1079 4548 1144 4611 11,
1163 4549 1233 4600 93
1247 4567 1262 4610 3
1301 4550 1364 4599 A.
1383 4548 1453 4599 20
1488 4568 1540 4600 n.
1565 4550 1631 4600 14
1665 4550 1846 4600 Latine
1869 4558 1922 4600 et
1947 4550 2263 4603 Germanice.
2288 4580 2350 4589 -
2393 4552 2515 4601 Cum
2540 4551 2687 4601 dato:
2725 4550 2963 4601 Laterani
2985 4549 3089 4601 xiiii
3112 4548 3216 4601 kal.

255 4695 274 4713 ⁶
339 4640 472 4691 febr.
509 4656 560 4703 p.
578 4656 628 4689 n.
649 4656 694 4689 a.
713 4638 748 4688 5
785 4638 862 4688 bis
886 4638 938 4687 in
961 4638 1054 4688 R.:
1098 4638 1141 4687 1.
1179 4638 1242 4687 61
1273 4656 1322 4689 ιι.
1345 4638 1410 4689 19
1445 4637 1818 4705 privilegiorum
1841 4640 1894 4688 in
1917 4638 2277 4704 Ratisponensi
2302 4640 2449 4691 domo
2476 4648 2865 4699 asseri-storum3
2905 4638 2955 4689 2.
2992 4638 3062 4694 38
3084 4638 3217 4687 inter

341 4726 660 4791 Ellingensia
697 4725 794 4785 22,
835 4734 1074 4791 tanquam
1112 4728 1459 4793 apographum
1495 4728 1786 4778 transsumti
1821 4728 1993 4778 Accon
2035 4727 2169 4778 1277
2208 4736 2305 4779 oct.
2339 4728 2401 4779 19
2450 4744 2539 4793 per
2574 4727 2917 4778 Bonacursum
2940 4726 3217 4791 Tyrensem

343 4814 776 4880 archiepiscopum
801 4823 854 4865 et
873 4814 1166 4865 Gailardum
1183 4813 1638 4867 Bethleemitanum
1663 4816 1955 4883 episcopum
1980 4815 2208 4866 confecti.
2248 4817 2309 4867 A.
2327 4816 2391 4865 16
2419 4815 2514 4881 p.5
2547 4814 2855 4879 „Venetiis“.
3004 4816 3049 4865 1.
3077 4812 3218 4865 addit

343 4904 504 4955 serior
539 4921 742 4954 manus:
781 4920 874 4954 con
912 4904 953 4955 1.
991 4902 1300 4953 confratrum
1330 4904 1394 4955 A.
1421 4902 1506 4954 20.
