3892 5609
1357 401 1746 449 vaxnnom
1789 401 2178 449 sammua
2230 375 2235 380 ’
3037 389 3189 460 429

341 553 519 624 672.
560 556 740 626 1300
764 505 1098 644 februas&
1125 562 1208 626 15
1255 561 1580 628 Laterani.
1651 561 2031 646 Bonifaciue
2068 561 2244 628 VIII
2266 565 2487 648 repetit
2521 559 2818 647 Greyorii
2842 560 2951 626 IX
2972 585 3037 626 n.
3062 562 3195 629 469

558 709 917 776 Bonifaeius
973 716 1088 777 eto.
1313 710 1470 777 Cum
1539 731 1585 809 a,
1644 712 1824 779 nobis
1885 719 2001 780 eto.
2083 712 2318 779 Datum
2376 711 2673 778 Laterani
2740 733 2823 778 xv
2893 712 3195 780 kalendas

335 815 552 880 martii
595 814 994 902 pontificatus
1038 819 1240 884 nostri
1285 839 1448 884 anno
1495 826 1692 886 sexto.

547 955 592 1006 E
624 964 928 1008 transsumto
974 959 1038 1009 de
1079 959 1214 1010 1393
1261 959 1380 1012 maii
1413 959 1482 1011 29
1531 959 1582 1010 in
1629 959 1828 1012 archivo
1865 959 2234 1026 Regimontano
2280 968 2536 1012 asservato
2584 959 2771 1010 editum
2806 959 2858 1010 in
2894 957 3021 1010 Livl.
3045 959 3109 1010 U.
3133 957 3193 1010 B.

334 1040 380 1104 1,
403 1041 508 1094 ‘156
542 1061 592 1095 n.
611 1043 732 1095 588.
783 1045 936 1096 Aliud
972 1056 1327 1100 transsumtum
1363 1048 1412 1099 d.
1441 1049 1490 1099 d.
1527 1047 1690 1100 Reval
1717 1047 1852 1099 1415
1889 1047 2059 1100 decbr.
2084 1048 2157 1098 24
2192 1047 2285 1099 sub
2322 1047 2497 1114 sigillis
2534 1047 2757 1113 episcopi
2793 1047 3107 1100 Revnliensis
3144 1057 3197 1100 et

335 1132 446 1184 eius
481 1133 705 1199 capituli,
739 1150 934 1188 necnon
969 1136 1168 1189 abbatis
1203 1137 1270 1188 de
1303 1136 1476 1200 Pedia,
1513 1137 1778 1188 autoritate
1815 1136 1936 1187 dieti
1972 1136 2197 1203 episeopi
2229 1137 2417 1191 factum
2452 1136 2504 1188 in
2540 1136 2717 1188 eodem
2753 1134 2976 1188 archivot

343 1335 747 1408 673.1307
791 1347 952 1408 maii
979 1345 1072 1410 22
1099 1345 1417 1412 Aninione
1460 1343 1573 1430 (qs.
1609 1344 1786 1412 1308
1828 1343 2184 1426 martii20‚
2231 1340 2558 1428 1309l10,
2593 1344 2766 1411 1311
2804 1346 3025 1410 martii
3052 1342 3191 1492 15).

560 1445 832 1515 Clemens
869 1451 929 1517 V
963 1456 1187 1539 repetit
1225 1477 1290 1517 π.
1324 1453 1483 1520 672.
2360 1493 2367 1502 ·

556 1587 843 1658 Clemens
903 1598 1018 1658 ete.
1080 1593 1322 1660 dilectis
1375 1593 1524 1662 filiis
1577 1593 1878 1676 magistro
1937 1599 2001 1659 et
2052 1591 2354 1658 fratribus
2398 1591 2727 1678 hospitalis
2773 1591 2955 1658 beate
2996 1589 3195 1658 Marie

335 1694 858 1764 Thentonieorum
903 1697 1382 1767 lerosolimitani
1427 1701 1690 1768 salutem
1738 1705 1802 1767 et
1845 1699 2253 1786 apostolicam
2298 1698 2812 1766 benedictionem.
3036 1696 3197 1764 Cum

336 1822 375 1868 a
426 1801 608 1868 nobis
665 1805 900 1890 petitur
945 1843 1029 1853 —
1077 1809 1554 1875 communimus.
1634 1808 1868 1874 Datum
1915 1806 2228 1874 Avinione
2284 1806 2353 1872 xi
2396 1805 2523 1873 kal.
2582 1804 2740 1872 iunii
2792 1804 3195 1891 pontificatus

333 1909 538 1976 nostri
582 1932 745 1978 anno
789 1914 1080 1982 seeundo.

549 2051 670 2103 Cum
717 2052 861 2105 dato:
915 2055 1164 2107 Avinione
1205 2057 1263 2107 11
1305 2057 1408 2108 kal.
1441 2057 1562 2108 iunii
1598 2074 1647 2124 p.
1685 2073 1735 2108 n.
1771 2074 1818 2107 a.
1853 2055 1886 2106 2
1941 2055 2021 2120 „in
2056 2053 2329 2120 Marpurg“
2371 2053 2435 2103 A.
2465 2051 2529 2102 16
2564 2069 2614 2118 Ρ.
2642 2051 2729 2102 68.
2768 2082 2828 2090 -
2879 2053 3003 2104 Cum
3046 2051 3190 2104 dato=

335 2137 556 2190 Pictavis
597 2140 662 2191 13
697 2140 798 2193 kal.
825 2143 996 2208 aprilis
1033 2162 1082 2212 p.
1109 2162 1159 2196 n.
1185 2164 1231 2196 a.
1257 2146 1291 2196 3
1341 2145 1583 2212 originale
1618 2162 1731 2196 cum
1765 2144 1902 2195 bulla
1937 2145 2003 2196 ab
2039 2141 2214 2194 ordine
2248 2140 2452 2194 Polonis
2489 2140 2788 2192 extraditum
2823 2141 2875 2191 in
2908 2139 3194 2191 Inventario

335 2227 528 2280 archivi
561 2229 900 2283 cracoviensis
947 2250 998 2299 Ρ.
1030 2233 1099 2284 68
1144 2233 1349 2285 citatur:
1400 2234 1660 2300 „Clemens
1695 2251 1832 2300 papa
1856 2233 1902 2283 V
1940 2232 2107 2284 omnia
2140 2231 2274 2292 iura,
2324 2229 2585 2280 libertates
2622 2237 2675 2280 et
2708 2227 3046 2295 indulgentias
3080 2245 3192 2284 mn-

334 2316 495 2383 gistro
538 2325 594 2368 et
639 2318 802 2371 ordini
835 2321 1107 2374 Teutonico
1149 2339 1413 2374 concessas
1449 2323 1722 2374 confirmat.
1786 2322 2001 2374 Pictavii
2036 2337 2169 2372 enno
2210 2318 2361 2369 1308.
2435 2318 2673 2369 Craeovia
2706 2316 3027 2378 Van-saviam,
3074 2317 3195 2368 inde

333 2405 624 2458 Berolinum
661 2408 955 2462 translatum
989 2427 1121 2462 nune
1157 2421 1237 2463 est
1271 2411 1324 2462 in
1361 2411 1560 2464 archivo
1593 2412 1977 2478 Regimontano.
2030 2409 2225 2461 Ibidem
2258 2407 2640 2460 instrumentum
2674 2407 2847 2458 datum
2868 2405 3195 2472 Marionburg

340 2494 477 2548 1389
511 2494 636 2547 iunii
667 2496 763 2558 20,
798 2507 1005 2565 petente
1039 2500 1260 2552 Hem-ico
1297 2501 1525 2552 Brunner
1538 2539 1554 2563 ‚
1597 2501 1752 2552 fratre
1788 2499 1976 2552 ordinis
2013 2497 2309 2549 'theutonici
2341 2495 2527 2548 factum
2563 2513 2715 2548 manu
2748 2495 2986 2547 Iohannis
3020 2492 3194 2561 Proyk

333 2583 503 2636 cleriei
535 2583 862 2638 Warmiensis
907 2588 1152 2655 imperiali
1194 2589 1460 2641 autoritate
1502 2589 1698 2642 notarii.
1745 2619 1806 2627 —
1859 2589 1983 2640 Cum
2024 2587 2169 2638 dato:
2218 2604 2265 2637 a.
2294 2585 2327 2636 5
2376 2584 2651 2651 „Treviris“
2704 2584 2768 2635 A.
2797 2583 2862 2634 16
2899 2601 2949 2650 p.
2971 2583 3088 2635 119.
3128 2613 3191 2622 —-

338 2673 484 2738 (Cum
520 2673 664 2725 dato:
710 2674 960 2728 Avinione
998 2677 1029 2728 7
1065 2677 1178 2728 idus
1215 2677 1384 2728 mai-eii
1419 2695 1470 2744 p.
1497 2696 1546 2728 n.
1573 2697 1618 2728 a.
1655 2686 1796 2729 sexto
1833 2684 1886 2729 et
1917 2674 2265 2741 inscriptione:
2304 2673 2498 2726 dilectis
2533 2673 2648 2726 filiis
2684 2672 2966 2740 preceptori
3000 2681 3055 2724 et
3086 2672 3191 2723 fra-

333 2761 496 2814 tribus
539 2761 802 2830 hospitalis
843 2765 994 2816 beate
1029 2765 1190 2816 Mario
1225 2765 1644 2818 Thentonieorum
1677 2765 2095 2817 Iherosolimitani
2142 2764 2193 2815 in
2228 2763 2417 2829 Apulia
2461 2764 2513 2814 in
2559 2769 2862 2814 transsumto
2900 2763 3018 2813 anni
3058 2761 3195 2812 1346

335 2849 446 2902 iulii
477 2851 512 2902 8
553 2852 757 2918 scripto,
791 2853 926 2918 quod
961 2853 1187 2905 Venetiis
1225 2855 1576 2907 asservabatur
1611 2856 1675 2906 A.
1699 2854 1764 2906 16
1797 2873 1848 2922 Ρ.
1874 2855 1932 2906 11
1981 2853 2133 2919 „Cum
2182 2869 2215 2904 a
2248 2852 2393 2904 nobis
2433 2881 2496 2891 -
2534 2868 2777 2920 personas
2815 2881 2878 2892 -·
2918 2850 3191 2903 eommuni-

333 2939 519 3006 mus“.)
545 2969 606 2978 —
647 2941 770 2994 Cum
805 2941 950 2994 dato:
985 2942 1236 2996 Avinione
1270 2943 1384 2995 idus
1419 2945 1590 2995 marcii
1624 2960 1676 3011 Ρ.
1699 2961 1751 2994 ιι.
1778 2961 1824 2994 a.
1851 2943 1885 2993 6
1925 2935 2155 3008 „Baruli“
2195 2941 2349 2994 A.16
2384 2959 2435 3008 p.
2454 2941 2543 2994 52.

340 3143 516 3215 674.
557 3147 736 3214 1308
777 3153 996 3216 martii
1035 3151 1126 3216 20
1171 3152 1470 3218 Pictam.
1541 3149 1816 3218 Clemens
1857 3151 1918 3216 V
1952 3152 2175 3236 ‘repetit
2216 3174 2279 3214 n.
2312 3149 2450 3217 673
2495 3151 2572 3214 de
2614 3147 2795 3216 1307
2838 3150 2999 3214 maii
3038 3147 3147 3258 22.

557 3288 844 3357 Clemens
875 3296 988 3358 ete.
1171 3290 1329 3359 Cum
1374 3312 1413 3358 a
1453 3292 1636 3359 nobis
1667 3297 1782 3360 ete.
1851 3291 2089 3359 Datum
2120 3289 2393 3358 Pictavis
2439 3289 2555 3356 xiii
2597 3289 2724 3356 kal.
2773 3287 2991 3376 aprilis
3037 3309 3193 3376 pon-

334 3393 606 3464 tificatus
649 3399 852 3464 nostri
897 3417 1060 3464 anno
1103 3399 1309 3466 tertio.

340 3618 517 3689 675.
560 3619 766 3702 (Inter
822 3621 998 3688 1309
1051 3623 1401 3688 novembris
1445 3623 1535 3689 14
1592 3635 1648 3688 et
1701 3621 1879 3690 1310
1934 3621 2283 3687 novembris
2329 3619 2471 3702 13.)
2549 3618 2822 3686 Clemens
2866 3620 2927 3686 V
2972 3621 3195 3706 repetit

555 3751 620 3792 n.
653 3727 791 3794 673
835 3729 912 3793 de
956 3727 1138 3795 1307
1181 3731 1342 3794 maii
1381 3727 1487 3794 22.

558 3859 845 3928 Clemens
875 3867 990 3929 ete.
1216 3861 1374 3929 Cum
1421 3883 1460 3928 a
1503 3861 1682 3930 nobis
1713 3867 1827 3928 eto.
1895 3860 2131 3929 Datum
2180 3867 2295 3928 ete.
2342 3859 2740 3946 pontificatus
2783 3859 2986 3927 nostri
3030 3878 3193 3926 anno

335 3967 572 4054 quinto.
1525 4047 1528 4052 ¹

547 4082 809 4134 Annotnre
851 4082 934 4134 hic
973 4081 1124 4146 libet,
1171 4084 1306 4150 quod
1342 4082 1570 4136 Clemens
1596 4083 1642 4133 V
1683 4083 1818 4135 1310
1851 4083 2019 4135 martii
2051 4083 2086 4134 9
2131 4081 2327 4134 Nicolai
2360 4081 2437 4134 111
2482 4079 2795 4148 privilegium
2830 4097 2983 4146 supra
3018 4097 3067 4130 n.
3093 4079 3191 4131 155

335 4187 386 4237 Ρ.
411 4169 504 4222 151
549 4170 614 4221 de
634 4169 770 4221 1278
804 4171 970 4222 martii
993 4171 1064 4222 28
1099 4172 1436 4224 confirmavit:
1475 4172 1704 4224 Clemens
1739 4181 1834 4224 ete.
1871 4171 2067 4224 dilectis
2102 4171 2217 4222 filiis
2254 4169 2537 4238 preceptori
2572 4177 2625 4221 et
2659 4169 2894 4220 iratribus
2928 4167 3193 4234 hospitalis

333 4260 383 4311 1).
419 4257 582 4310 Mario
625 4259 1046 4312 'l'heutonieorum
1088 4259 1470 4312 lerosolimitani
1523 4261 1576 4311 in
1621 4259 1822 4328 Apulia.
1896 4261 2020 4312 Cum
2074 4279 2106 4312 a
2150 4261 2295 4312 nobis
2334 4289 2397 4298 -—-
2435 4275 2679 4326 personas
2719 4287 2781 4296 —
2820 4256 3191 4311 communimus.

333 4347 522 4402 Datum
554 4347 804 4400 Arinione
837 4348 906 4399 vii
939 4347 1054 4399 idus
1087 4348 1258 4400 marcii
1291 4367 1343 4416 p.
1367 4367 1419 4400 n.
1443 4368 1492 4402 a.
1516 4358 1673 4402 sexto.
1727 4351 1772 4401 E
1805 4358 2111 4402 “emunito
2148 4350 2215 4401 de
2250 4365 2382 4402 anno
2411 4347 2547 4402 1346
2582 4345 2689 4400 iulii
2717 4347 2770 4410 8,
2804 4346 2941 4414 quod
2964 4346 3193 4398 Venetiis

333 4437 687 4489 asservabatur
720 4437 786 4488 A.
810 4435 876 4488 1ss
909 4453 962 4504 Ρ.
984 4436 1067 4489 11.

339 4641 515 4712 676.
555 4644 730 4712 1311
777 4647 997 4711 martii
1032 4645 1122 4712 15
1166 4643 1497 4710 Asinione.
1568 4643 1841 4710 Clemem
1877 4645 1938 4711 V
1972 4647 2193 4731 repetit
2234 4668 2297 4710 n.
2331 4644 2468 4710 673
2511 4645 2589 4708 de
2617 4641 2801 4711 1307
2847 4645 3010 4710 maii
3033 4641 3141 4708 22.

556 4785 846 4854 Clemens
891 4791 1006 4852 ete.
1186 4785 1342 4852 Cum
1397 4805 1434 4853 a
1478 4785 1658 4854 nobis
1703 4790 1818 4854 ete.
1894 4784 2134 4853 Datum
2178 4785 2489 4852 Avinione
2532 4783 2673 4915 idus
2716 4784 2939 4852 mareii
2980 4783 3193 4872 ponti-

333 4890 556 4960 ficatus
598 4893 799 4960 nostri
840 4913 1006 4960 anno
1051 4897 1249 4961 sexto.
