<?xml version="1.0" encoding="UTF-8"?>
<!DOCTYPE html PUBLIC "-//W3C//DTD XHTML 1.0 Transitional//EN"
    "http://www.w3.org/TR/xhtml1/DTD/xhtml1-transitional.dtd">
<html xmlns="http://www.w3.org/1999/xhtml" xml:lang="en" lang="en">
 <head>
  <title>
</title>
<meta http-equiv="Content-Type" content="text/html;charset=utf-8" />
  <meta name='ocr-system' content='tesseract 3.04.00' />
  <meta name='ocr-capabilities' content='ocr_page ocr_carea ocr_par ocr_line ocrx_word'/>
</head>
<body>
  <div class='ocr_page' id='page_1' title='image "./tabulaeordinist00stregoog_0456.png"; bbox 0 0 3892 5609; ppageno 0'>
   <div class='ocr_carea' id='block_1_1' title="bbox 712 299 2593 373">
    <p class='ocr_par' dir='ltr' id='par_1_1' title="bbox 712 299 2593 373">
     <span class='ocr_line' id='line_1_1' title="bbox 712 299 2593 373; baseline -0.007 0"><span class='ocrx_word' id='word_1_1' title='bbox 712 303 866 373; x_wconf 87' lang='lat'>440</span> <span class='ocrx_word' id='word_1_2' title='bbox 1685 299 2107 362; x_wconf 66' lang='lat' dir='ltr'>Pom-nucum</span> <span class='ocrx_word' id='word_1_3' title='bbox 2152 312 2593 362; x_wconf 68' lang='lat' dir='ltr'>sonmomm</span> 
     </span>
    </p>
   </div>
   <div class='ocr_carea' id='block_1_2' title="bbox 707 471 3579 1185">
    <p class='ocr_par' dir='ltr' id='par_1_2' title="bbox 707 471 3579 1097">
     <span class='ocr_line' id='line_1_2' title="bbox 707 471 3577 558; baseline -0.001 -18"><span class='ocrx_word' id='word_1_4' title='bbox 707 474 920 540; x_wconf 87' lang='lat' dir='ltr'>trariis</span> <span class='ocrx_word' id='word_1_5' title='bbox 966 473 1474 558; x_wconf 88' lang='lat' dir='ltr'>quibuscumque.</span> <span class='ocrx_word' id='word_1_6' title='bbox 1545 472 1716 539; x_wconf 86' lang='lat' dir='ltr'><strong>Nulli</strong></span> <span class='ocrx_word' id='word_1_7' title='bbox 1761 494 1908 558; x_wconf 89' lang='lat' dir='ltr'>ergo</span> <span class='ocrx_word' id='word_1_8' title='bbox 1958 474 2209 540; x_wconf 89' lang='lat' dir='ltr'>omnino</span> <span class='ocrx_word' id='word_1_9' title='bbox 2256 473 2577 540; x_wconf 91' lang='lat' dir='ltr'>hominum</span> <span class='ocrx_word' id='word_1_10' title='bbox 2620 473 2807 539; x_wconf 88' lang='lat' dir='ltr'>liceat</span> <span class='ocrx_word' id='word_1_11' title='bbox 2835 471 2997 538; x_wconf 87' lang='lat' dir='ltr'>hanc</span> <span class='ocrx_word' id='word_1_12' title='bbox 3026 473 3325 558; x_wconf 85' lang='lat' dir='ltr'>paginam</span> <span class='ocrx_word' id='word_1_13' title='bbox 3356 478 3577 538; x_wconf 87' lang='lat' dir='ltr'>nostre</span> 
     </span>
     <span class='ocr_line' id='line_1_3' title="bbox 707 579 3577 668; baseline -0.001 -21"><span class='ocrx_word' id='word_1_14' title='bbox 707 580 1223 664; x_wconf 79' lang='lat' dir='ltr'>confirmacioniS,</span> <span class='ocrx_word' id='word_1_15' title='bbox 1271 581 1782 648; x_wconf 86' lang='lat' dir='ltr'>communicionis</span> <span class='ocrx_word' id='word_1_16' title='bbox 1829 587 1892 647; x_wconf 93' lang='lat' dir='ltr'>et</span> <span class='ocrx_word' id='word_1_17' title='bbox 1936 581 2351 668; x_wconf 81' lang='lat' dir='ltr'>suppletionis</span> <span class='ocrx_word' id='word_1_18' title='bbox 2394 581 2736 663; x_wconf 87' lang='lat' dir='ltr'>infringere</span> <span class='ocrx_word' id='word_1_19' title='bbox 2780 579 2881 644; x_wconf 91' lang='lat' dir='ltr'>vel</span> <span class='ocrx_word' id='word_1_20' title='bbox 2924 582 2983 644; x_wconf 89' lang='lat' dir='ltr'>ei</span> <span class='ocrx_word' id='word_1_21' title='bbox 3030 601 3203 646; x_wconf 87' lang='lat' dir='ltr'>ausu.</span> <span class='ocrx_word' id='word_1_22' title='bbox 3230 580 3577 646; x_wconf 86' lang='lat' dir='ltr'>temerario</span> 
     </span>
     <span class='ocr_line' id='line_1_4' title="bbox 709 686 3579 775; baseline -0.001 -20"><span class='ocrx_word' id='word_1_23' title='bbox 709 689 1035 755; x_wconf 89' lang='lat' dir='ltr'>contraire.</span> <span class='ocrx_word' id='word_1_24' title='bbox 1132 687 1199 753; x_wconf 89' lang='lat' dir='ltr'>Si</span> <span class='ocrx_word' id='word_1_25' title='bbox 1255 688 1394 773; x_wconf 90' lang='lat' dir='ltr'>quis</span> <span class='ocrx_word' id='word_1_26' title='bbox 1441 693 1647 753; x_wconf 88' lang='lat' dir='ltr'>autem</span> <span class='ocrx_word' id='word_1_27' title='bbox 1695 688 1811 756; x_wconf 91' lang='lat' dir='ltr'>hoc</span> <span class='ocrx_word' id='word_1_28' title='bbox 1857 694 2231 774; x_wconf 83' lang='lat' dir='ltr'>attemptare</span> <span class='ocrx_word' id='word_1_29' title='bbox 2276 689 2759 775; x_wconf 77' lang='lat' dir='ltr'>presumpserit,</span> <span class='ocrx_word' id='word_1_30' title='bbox 2815 686 3320 770; x_wconf 78' lang='lat' dir='ltr'>indignacionem</span> <span class='ocrx_word' id='word_1_31' title='bbox 3366 687 3579 752; x_wconf 87' lang='lat' dir='ltr'>omni-</span> 
     </span>
     <span class='ocr_line' id='line_1_5' title="bbox 707 795 3577 882; baseline -0.001 -20"><span class='ocrx_word' id='word_1_32' title='bbox 707 795 980 882; x_wconf 86' lang='lat' dir='ltr'>potentis</span> <span class='ocrx_word' id='word_1_33' title='bbox 1038 795 1139 860; x_wconf 91' lang='lat' dir='ltr'>dei</span> <span class='ocrx_word' id='word_1_34' title='bbox 1195 800 1258 861; x_wconf 90' lang='lat' dir='ltr'>et</span> <span class='ocrx_word' id='word_1_35' title='bbox 1313 795 1636 878; x_wconf 81' lang='lat' dir='ltr'>beatorum</span> <span class='ocrx_word' id='word_1_36' title='bbox 1682 795 1854 862; x_wconf 89' lang='lat' dir='ltr'>Petri</span> <span class='ocrx_word' id='word_1_37' title='bbox 1900 803 1965 862; x_wconf 92' lang='lat' dir='ltr'>et</span> <span class='ocrx_word' id='word_1_38' title='bbox 2004 796 2186 862; x_wconf 89' lang='lat' dir='ltr'>Pauli</span> <span class='ocrx_word' id='word_1_39' title='bbox 2234 795 2659 881; x_wconf 89' lang='lat' dir='ltr'>apostolorum</span> <span class='ocrx_word' id='word_1_40' title='bbox 2706 795 2838 861; x_wconf 86' lang='lat' dir='ltr'>eius</span> <span class='ocrx_word' id='word_1_41' title='bbox 2884 814 2952 861; x_wconf 87' lang='lat' dir='ltr'>se</span> <span class='ocrx_word' id='word_1_42' title='bbox 2994 795 3244 861; x_wconf 87' lang='lat' dir='ltr'>noverit</span> <span class='ocrx_word' id='word_1_43' title='bbox 3285 795 3577 860; x_wconf 76' lang='lat' dir='ltr'>incursu-</span> 
     </span>
     <span class='ocr_line' id='line_1_6' title="bbox 707 891 3573 989; baseline -0.001 -20"><span class='ocrx_word' id='word_1_44' title='bbox 707 923 868 969; x_wconf 90' lang='lat' dir='ltr'>rum.</span> <span class='ocrx_word' id='word_1_45' title='bbox 939 901 1174 968; x_wconf 88' lang='lat' dir='ltr'>Datum</span> <span class='ocrx_word' id='word_1_46' title='bbox 1218 901 1414 968; x_wconf 87' lang='lat' dir='ltr'>Rome</span> <span class='ocrx_word' id='word_1_47' title='bbox 1461 891 1627 989; x_wconf 85' lang='lat' dir='ltr'>apud</span> <span class='ocrx_word' id='word_1_48' title='bbox 1673 908 1959 969; x_wconf 89' lang='lat' dir='ltr'>sanctum</span> <span class='ocrx_word' id='word_1_49' title='bbox 2005 903 2260 970; x_wconf 86' lang='lat' dir='ltr'>Petrum</span> <span class='ocrx_word' id='word_1_50' title='bbox 2308 923 2345 966; x_wconf 90' lang='lat' dir='ltr'>v</span> <span class='ocrx_word' id='word_1_51' title='bbox 2384 902 2526 978; x_wconf 85' lang='lat' dir='ltr'>idus</span> <span class='ocrx_word' id='word_1_52' title='bbox 2558 902 2707 968; x_wconf 85' lang='lat' dir='ltr'>maii</span> <span class='ocrx_word' id='word_1_53' title='bbox 2738 901 3137 988; x_wconf 85' lang='lat' dir='ltr'>pontificatus</span> <span class='ocrx_word' id='word_1_54' title='bbox 3168 902 3375 968; x_wconf 87' lang='lat' dir='ltr'>nostri</span> <span class='ocrx_word' id='word_1_55' title='bbox 3401 921 3573 967; x_wconf 87' lang='lat' dir='ltr'>anno</span> 
     </span>
     <span class='ocr_line' id='line_1_7' title="bbox 708 1009 995 1097; baseline -0.01 -20"><span class='ocrx_word' id='word_1_56' title='bbox 708 1009 995 1097; x_wconf 88' lang='lat' dir='ltr'>septimo.</span> 
     </span>
    </p>

    <p class='ocr_par' dir='ltr' id='par_1_3' title="bbox 921 1121 2451 1185">
     <span class='ocr_line' id='line_1_8' title="bbox 921 1121 2451 1185; baseline 0.001 -10"><span class='ocrx_word' id='word_1_57' title='bbox 921 1124 1011 1185; x_wconf 90' lang='lat' dir='ltr'>IV,</span> <span class='ocrx_word' id='word_1_58' title='bbox 1038 1121 1142 1173; x_wconf 85' lang='lat'>222</span> <span class='ocrx_word' id='word_1_59' title='bbox 1155 1139 1202 1174; x_wconf 72' lang='grc' dir='ltr'>ν.</span> <span class='ocrx_word' id='word_1_60' title='bbox 1820 1169 2451 1176; x_wconf 44' lang='lat' dir='ltr'>mm*</span> 
     </span>
    </p>
   </div>
   <div class='ocr_carea' id='block_1_3' title="bbox 715 1293 3571 1702">
    <p class='ocr_par' dir='ltr' id='par_1_4' title="bbox 715 1293 3571 1702">
     <span class='ocr_line' id='line_1_9' title="bbox 715 1293 3571 1382; baseline -0.002 -17"><span class='ocrx_word' id='word_1_61' title='bbox 715 1293 890 1365; x_wconf 86' lang='lat'>694.</span> <span class='ocrx_word' id='word_1_62' title='bbox 933 1295 1118 1360; x_wconf 78' lang='lat'><em>1397</em></span> <span class='ocrx_word' id='word_1_63' title='bbox 1161 1295 1388 1380; x_wconf 54' lang='lat' dir='ltr'>aprilis</span> <span class='ocrx_word' id='word_1_64' title='bbox 1417 1295 1462 1359; x_wconf 92' lang='lat'><strong><em>7</em></strong></span> <span class='ocrx_word' id='word_1_65' title='bbox 1497 1295 1694 1358; x_wconf 87' lang='lat' dir='ltr'>Rome</span> <span class='ocrx_word' id='word_1_66' title='bbox 1738 1295 1914 1379; x_wconf 76' lang='lat' dir='ltr'>apud</span> <span class='ocrx_word' id='word_1_67' title='bbox 1956 1317 2004 1359; x_wconf 83' lang='lat'>8.</span> <span class='ocrx_word' id='word_1_68' title='bbox 2040 1296 2316 1360; x_wconf 73' lang='lat' dir='ltr'>Petrum.</span> <span class='ocrx_word' id='word_1_69' title='bbox 2386 1297 2764 1380; x_wconf 66' lang='lat' dir='ltr'>Bonffaoius</span> <span class='ocrx_word' id='word_1_70' title='bbox 2796 1294 2903 1360; x_wconf 90' lang='lat' dir='ltr'>IX</span> <span class='ocrx_word' id='word_1_71' title='bbox 2944 1297 3221 1360; x_wconf 76' lang='lat' dir='ltr'>concedit</span> <span class='ocrx_word' id='word_1_72' title='bbox 3264 1299 3571 1382; x_wconf 72' lang='lat' dir='ltr'>myistro</span> 
     </span>
     <span class='ocr_line' id='line_1_10' title="bbox 934 1400 3568 1489; baseline 0.001 -23"><span class='ocrx_word' id='word_1_73' title='bbox 934 1415 990 1466; x_wconf 75' lang='lat' dir='ltr'>et</span> <span class='ocrx_word' id='word_1_74' title='bbox 1014 1402 1337 1485; x_wconf 74' lang='lat' dir='ltr'>fratribus</span> <span class='ocrx_word' id='word_1_75' title='bbox 1384 1403 1626 1466; x_wconf 78' lang='lat' dir='ltr'>ordinis</span> <span class='ocrx_word' id='word_1_76' title='bbox 1665 1400 2051 1481; x_wconf 74' lang='lat' dir='ltr'>Theutonici,</span> <span class='ocrx_word' id='word_1_77' title='bbox 2072 1432 2075 1435; x_wconf 95' lang='lat'>·</span> <span class='ocrx_word' id='word_1_78' title='bbox 2100 1405 2187 1468; x_wconf 82' lang='lat' dir='ltr'>ad</span> <span class='ocrx_word' id='word_1_79' title='bbox 2231 1403 2514 1468; x_wconf 74' lang='lat' dir='ltr'>ecclesias</span> <span class='ocrx_word' id='word_1_80' title='bbox 2557 1415 2931 1489; x_wconf 77' lang='lat' dir='ltr'>patronatus</span> <span class='ocrx_word' id='word_1_81' title='bbox 2975 1425 3084 1466; x_wconf 81' lang='lat' dir='ltr'>seu</span> <span class='ocrx_word' id='word_1_82' title='bbox 3116 1407 3395 1467; x_wconf 73' lang='lat' dir='ltr'>vicarias</span> <span class='ocrx_word' id='word_1_83' title='bbox 3420 1427 3568 1489; x_wconf 79' lang='lat' dir='ltr'>pre—</span> 
     </span>
     <span class='ocr_line' id='line_1_11' title="bbox 929 1509 3571 1596; baseline 0.001 -24"><span class='ocrx_word' id='word_1_84' title='bbox 929 1521 1197 1574; x_wconf 74' lang='lat' dir='ltr'>sentatos</span> <span class='ocrx_word' id='word_1_85' title='bbox 1225 1509 1472 1592; x_wconf 74' lang='lat' dir='ltr'>fratres</span> <span class='ocrx_word' id='word_1_86' title='bbox 1517 1522 1672 1574; x_wconf 76' lang='lat' dir='ltr'>nutu</span> <span class='ocrx_word' id='word_1_87' title='bbox 1717 1511 2061 1596; x_wconf 60' lang='lat' dir='ltr'>superioris</span> <span class='ocrx_word' id='word_1_88' title='bbox 2104 1513 2392 1574; x_wconf 81' lang='lat' dir='ltr'>revocari</span> <span class='ocrx_word' id='word_1_89' title='bbox 2418 1512 2487 1574; x_wconf 77' lang='lat' dir='ltr'>in</span> <span class='ocrx_word' id='word_1_90' title='bbox 2518 1511 2769 1574; x_wconf 85' lang='lat' dir='ltr'>domum</span> <span class='ocrx_word' id='word_1_91' title='bbox 2802 1510 2899 1574; x_wconf 82' lang='lat' dir='ltr'>vel</span> <span class='ocrx_word' id='word_1_92' title='bbox 2926 1523 3292 1574; x_wconf 72' lang='lat' dir='ltr'>conventum</span> <span class='ocrx_word' id='word_1_93' title='bbox 3323 1523 3381 1574; x_wconf 79' lang='lat' dir='ltr'>et</span> <span class='ocrx_word' id='word_1_94' title='bbox 3410 1511 3571 1574; x_wconf 69' lang='lat' dir='ltr'>alios</span> 
     </span>
     <span class='ocr_line' id='line_1_12' title="bbox 933 1612 2715 1702; baseline 0 -22"><span class='ocrx_word' id='word_1_95' title='bbox 933 1617 1064 1680; x_wconf 88' lang='lat' dir='ltr'>loco</span> <span class='ocrx_word' id='word_1_96' title='bbox 1109 1616 1363 1680; x_wconf 79' lang='lat' dir='ltr'>illorum</span> <span class='ocrx_word' id='word_1_97' title='bbox 1401 1612 1801 1702; x_wconf 68' lang='lat' dir='ltr'>praesentari</span> <span class='ocrx_word' id='word_1_98' title='bbox 1835 1639 2043 1702; x_wconf 72' lang='lat' dir='ltr'>posse,</span> <span class='ocrx_word' id='word_1_99' title='bbox 2094 1620 2384 1702; x_wconf 78' lang='lat' dir='ltr'>quociens</span> <span class='ocrx_word' id='word_1_100' title='bbox 2422 1617 2715 1702; x_wconf 74' lang='lat' dir='ltr'>placeret.</span> 
     </span>
    </p>
   </div>
   <div class='ocr_carea' id='block_1_4' title="bbox 709 1755 3573 5068">
    <p class='ocr_par' dir='ltr' id='par_1_5' title="bbox 709 1755 3573 5068">
     <span class='ocr_line' id='line_1_13' title="bbox 929 1755 3571 1844; baseline 0 -22"><span class='ocrx_word' id='word_1_101' title='bbox 929 1755 1288 1824; x_wconf 88' lang='lat' dir='ltr'>Bonifacius</span> <span class='ocrx_word' id='word_1_102' title='bbox 1333 1761 1447 1823; x_wconf 85' lang='lat' dir='ltr'>etc.</span> <span class='ocrx_word' id='word_1_103' title='bbox 1497 1758 1575 1822; x_wconf 89' lang='lat' dir='ltr'>ad</span> <span class='ocrx_word' id='word_1_104' title='bbox 1619 1762 1988 1844; x_wconf 87' lang='lat' dir='ltr'>perpetuam</span> <span class='ocrx_word' id='word_1_105' title='bbox 2031 1757 2123 1822; x_wconf 89' lang='lat' dir='ltr'>rei</span> <span class='ocrx_word' id='word_1_106' title='bbox 2168 1757 2553 1823; x_wconf 87' lang='lat' dir='ltr'>memoriam.</span> <span class='ocrx_word' id='word_1_107' title='bbox 2734 1757 2834 1822; x_wconf 89' lang='lat' dir='ltr'>Ad</span> <span class='ocrx_word' id='word_1_108' title='bbox 2868 1777 2963 1840; x_wconf 90' lang='lat' dir='ltr'>ea,</span> <span class='ocrx_word' id='word_1_109' title='bbox 3012 1778 3133 1842; x_wconf 91' lang='lat' dir='ltr'>que</span> <span class='ocrx_word' id='word_1_110' title='bbox 3162 1755 3571 1824; x_wconf 82' lang='lat' dir='ltr'>ecclesiarum</span> 
     </span>
     <span class='ocr_line' id='line_1_14' title="bbox 717 1863 3573 1951; baseline 0 -21"><span class='ocrx_word' id='word_1_111' title='bbox 717 1870 780 1930; x_wconf 89' lang='lat' dir='ltr'>et</span> <span class='ocrx_word' id='word_1_112' title='bbox 826 1863 1386 1930; x_wconf 88' lang='lat' dir='ltr'>ecclesiasticorum</span> <span class='ocrx_word' id='word_1_113' title='bbox 1433 1864 1872 1930; x_wconf 90' lang='lat' dir='ltr'>beneficiorum</span> <span class='ocrx_word' id='word_1_114' title='bbox 1921 1869 2150 1929; x_wconf 87' lang='lat' dir='ltr'>statum</span> <span class='ocrx_word' id='word_1_115' title='bbox 2200 1885 2567 1950; x_wconf 89' lang='lat' dir='ltr'>prosperum</span> <span class='ocrx_word' id='word_1_116' title='bbox 2614 1865 2989 1951; x_wconf 88' lang='lat' dir='ltr'>respiciunt,</span> <span class='ocrx_word' id='word_1_117' title='bbox 3051 1864 3323 1931; x_wconf 83' lang='lat' dir='ltr'>libenter</span> <span class='ocrx_word' id='word_1_118' title='bbox 3368 1866 3573 1931; x_wconf 89' lang='lat' dir='ltr'>inteu-</span> 
     </span>
     <span class='ocr_line' id='line_1_15' title="bbox 714 1970 3569 2058; baseline 0 -22"><span class='ocrx_word' id='word_1_119' title='bbox 714 1971 919 2037; x_wconf 87' lang='lat' dir='ltr'>dimus</span> <span class='ocrx_word' id='word_1_120' title='bbox 965 1978 1047 2054; x_wconf 89' lang='lat' dir='ltr'>et,</span> <span class='ocrx_word' id='word_1_121' title='bbox 1093 1978 1166 2037; x_wconf 90' lang='lat' dir='ltr'>ut</span> <span class='ocrx_word' id='word_1_122' title='bbox 1209 1971 1466 2038; x_wconf 80' lang='lat' dir='ltr'>ecclesie</span> <span class='ocrx_word' id='word_1_123' title='bbox 1513 1976 1577 2036; x_wconf 89' lang='lat' dir='ltr'>et</span> <span class='ocrx_word' id='word_1_124' title='bbox 1623 1970 1921 2037; x_wconf 82' lang='lat' dir='ltr'>beneficia</span> <span class='ocrx_word' id='word_1_125' title='bbox 1964 1972 2105 2058; x_wconf 90' lang='lat' dir='ltr'>ipsa</span> <span class='ocrx_word' id='word_1_126' title='bbox 2142 1971 2539 2038; x_wconf 85' lang='lat' dir='ltr'>laudabiliter</span> <span class='ocrx_word' id='word_1_127' title='bbox 2568 1970 3012 2054; x_wconf 81' lang='lat' dir='ltr'>gubernentur,</span> <span class='ocrx_word' id='word_1_128' title='bbox 3060 1972 3397 2057; x_wconf 79' lang='lat' dir='ltr'>presertim</span> <span class='ocrx_word' id='word_1_129' title='bbox 3426 1991 3569 2036; x_wconf 85' lang='lat' dir='ltr'>cum</span> 
     </span>
     <span class='ocr_line' id='line_1_16' title="bbox 713 2077 3571 2165; baseline -0.001 -21"><span class='ocrx_word' id='word_1_130' title='bbox 713 2099 752 2144; x_wconf 86' lang='lat' dir='ltr'>a</span> <span class='ocrx_word' id='word_1_131' title='bbox 795 2077 977 2144; x_wconf 88' lang='lat' dir='ltr'>nobis</span> <span class='ocrx_word' id='word_1_132' title='bbox 1022 2079 1381 2163; x_wconf 80' lang='lat' dir='ltr'>requiritur,</span> <span class='ocrx_word' id='word_1_133' title='bbox 1427 2079 1704 2144; x_wconf 82' lang='lat' dir='ltr'>favorem</span> <span class='ocrx_word' id='word_1_134' title='bbox 1753 2079 2163 2165; x_wconf 87' lang='lat' dir='ltr'>apostolicum</span> <span class='ocrx_word' id='word_1_135' title='bbox 2207 2079 2625 2164; x_wconf 86' lang='lat' dir='ltr'>impertimur.</span> <span class='ocrx_word' id='word_1_136' title='bbox 2700 2077 2857 2144; x_wconf 90' lang='lat' dir='ltr'>Cum</span> <span class='ocrx_word' id='word_1_137' title='bbox 2905 2079 3137 2162; x_wconf 89' lang='lat' dir='ltr'>itaque,</span> <span class='ocrx_word' id='word_1_138' title='bbox 3184 2081 3353 2145; x_wconf 89' lang='lat' dir='ltr'>sicut</span> <span class='ocrx_word' id='word_1_139' title='bbox 3395 2077 3571 2144; x_wconf 82' lang='lat' dir='ltr'>exhi-</span> 
     </span>
     <span class='ocr_line' id='line_1_17' title="bbox 712 2183 3571 2274; baseline -0 -24"><span class='ocrx_word' id='word_1_140' title='bbox 712 2185 844 2251; x_wconf 86' lang='lat' dir='ltr'>bita</span> <span class='ocrx_word' id='word_1_141' title='bbox 895 2186 1074 2252; x_wconf 88' lang='lat' dir='ltr'>nobis</span> <span class='ocrx_word' id='word_1_142' title='bbox 1118 2207 1320 2271; x_wconf 87' lang='lat' dir='ltr'>nuper</span> <span class='ocrx_word' id='word_1_143' title='bbox 1363 2207 1480 2273; x_wconf 90' lang='lat' dir='ltr'>pro</span> <span class='ocrx_word' id='word_1_144' title='bbox 1527 2193 1706 2274; x_wconf 89' lang='lat' dir='ltr'>parte</span> <span class='ocrx_word' id='word_1_145' title='bbox 1753 2186 2119 2252; x_wconf 90' lang='lat' dir='ltr'>dilectorum</span> <span class='ocrx_word' id='word_1_146' title='bbox 2166 2183 2433 2251; x_wconf 91' lang='lat' dir='ltr'>filiorum</span> <span class='ocrx_word' id='word_1_147' title='bbox 2482 2185 2770 2268; x_wconf 82' lang='lat' dir='ltr'>magistri</span> <span class='ocrx_word' id='word_1_148' title='bbox 2816 2190 2881 2250; x_wconf 90' lang='lat' dir='ltr'>et</span> <span class='ocrx_word' id='word_1_149' title='bbox 2924 2186 3193 2252; x_wconf 86' lang='lat' dir='ltr'>fratrum</span> <span class='ocrx_word' id='word_1_150' title='bbox 3238 2185 3571 2271; x_wconf 82' lang='lat' dir='ltr'>hospitalis</span> 
     </span>
     <span class='ocr_line' id='line_1_18' title="bbox 711 2291 3571 2378; baseline 0 -20"><span class='ocrx_word' id='word_1_151' title='bbox 711 2291 892 2358; x_wconf 88' lang='lat' dir='ltr'>beate</span> <span class='ocrx_word' id='word_1_152' title='bbox 937 2291 1135 2358; x_wconf 88' lang='lat' dir='ltr'>Marie</span> <span class='ocrx_word' id='word_1_153' title='bbox 1181 2293 1700 2359; x_wconf 87' lang='lat' dir='ltr'>Theutonicorum</span> <span class='ocrx_word' id='word_1_154' title='bbox 1750 2292 2229 2359; x_wconf 89' lang='lat' dir='ltr'>lerosolimitani</span> <span class='ocrx_word' id='word_1_155' title='bbox 2276 2292 2496 2378; x_wconf 88' lang='lat' dir='ltr'>petitio</span> <span class='ocrx_word' id='word_1_156' title='bbox 2542 2291 2929 2376; x_wconf 88' lang='lat' dir='ltr'>continebat,</span> <span class='ocrx_word' id='word_1_157' title='bbox 2984 2293 3182 2376; x_wconf 91' lang='lat' dir='ltr'>quod,</span> <span class='ocrx_word' id='word_1_158' title='bbox 3228 2313 3373 2358; x_wconf 90' lang='lat' dir='ltr'>cum</span> <span class='ocrx_word' id='word_1_159' title='bbox 3418 2311 3571 2378; x_wconf 86' lang='lat' dir='ltr'>sepe</span> 
     </span>
     <span class='ocr_line' id='line_1_19' title="bbox 713 2399 3569 2488; baseline -0.001 -22"><span class='ocrx_word' id='word_1_160' title='bbox 713 2399 1033 2483; x_wconf 84' lang='lat' dir='ltr'>contingat</span> <span class='ocrx_word' id='word_1_161' title='bbox 1077 2400 1306 2466; x_wconf 87' lang='lat' dir='ltr'>fratres</span> <span class='ocrx_word' id='word_1_162' title='bbox 1351 2401 1502 2467; x_wconf 87' lang='lat' dir='ltr'>dicti</span> <span class='ocrx_word' id='word_1_163' title='bbox 1548 2401 1876 2488; x_wconf 88' lang='lat' dir='ltr'>hospitalis</span> <span class='ocrx_word' id='word_1_164' title='bbox 1923 2400 2000 2466; x_wconf 90' lang='lat' dir='ltr'>ad</span> <span class='ocrx_word' id='word_1_165' title='bbox 2049 2399 2438 2487; x_wconf 79' lang='lat' dir='ltr'>parochiales</span> <span class='ocrx_word' id='word_1_166' title='bbox 2484 2399 2775 2466; x_wconf 88' lang='lat' dir='ltr'>ecclesias</span> <span class='ocrx_word' id='word_1_167' title='bbox 2820 2399 2922 2465; x_wconf 87' lang='lat' dir='ltr'>vel</span> <span class='ocrx_word' id='word_1_168' title='bbox 2968 2420 3183 2465; x_wconf 86' lang='lat' dir='ltr'>earum</span> <span class='ocrx_word' id='word_1_169' title='bbox 3228 2405 3569 2486; x_wconf 84' lang='lat' dir='ltr'>perpetuas</span> 
     </span>
     <span class='ocr_line' id='line_1_20' title="bbox 712 2507 3569 2594; baseline -0 -22"><span class='ocrx_word' id='word_1_170' title='bbox 712 2507 980 2573; x_wconf 86' lang='lat' dir='ltr'>vicarias</span> <span class='ocrx_word' id='word_1_171' title='bbox 1038 2528 1152 2593; x_wconf 88' lang='lat' dir='ltr'>per</span> <span class='ocrx_word' id='word_1_172' title='bbox 1206 2508 1576 2591; x_wconf 86' lang='lat' dir='ltr'>magistrum</span> <span class='ocrx_word' id='word_1_173' title='bbox 1637 2509 1914 2574; x_wconf 90' lang='lat' dir='ltr'>eiusdem</span> <span class='ocrx_word' id='word_1_174' title='bbox 1972 2507 2301 2594; x_wconf 87' lang='lat' dir='ltr'>hospitalis</span> <span class='ocrx_word' id='word_1_175' title='bbox 2356 2527 2471 2592; x_wconf 89' lang='lat' dir='ltr'>pro</span> <span class='ocrx_word' id='word_1_176' title='bbox 2524 2512 2808 2592; x_wconf 88' lang='lat' dir='ltr'>tempore</span> <span class='ocrx_word' id='word_1_177' title='bbox 2852 2507 3227 2574; x_wconf 80' lang='lat' dir='ltr'>existentem</span> <span class='ocrx_word' id='word_1_178' title='bbox 3276 2526 3350 2572; x_wconf 90' lang='lat' dir='ltr'>ac</span> <span class='ocrx_word' id='word_1_179' title='bbox 3396 2507 3569 2592; x_wconf 86' lang='lat' dir='ltr'>ipsos</span> 
     </span>
     <span class='ocr_line' id='line_1_21' title="bbox 712 2613 3569 2701; baseline -0 -21"><span class='ocrx_word' id='word_1_180' title='bbox 712 2614 941 2680; x_wconf 87' lang='lat' dir='ltr'>fratres</span> <span class='ocrx_word' id='word_1_181' title='bbox 987 2613 1085 2680; x_wconf 90' lang='lat' dir='ltr'>vel</span> <span class='ocrx_word' id='word_1_182' title='bbox 1133 2614 1400 2699; x_wconf 89' lang='lat' dir='ltr'>aliquem</span> <span class='ocrx_word' id='word_1_183' title='bbox 1451 2637 1560 2682; x_wconf 92' lang='lat' dir='ltr'>seu</span> <span class='ocrx_word' id='word_1_184' title='bbox 1608 2616 1848 2701; x_wconf 86' lang='lat' dir='ltr'>aliquos</span> <span class='ocrx_word' id='word_1_185' title='bbox 1895 2635 1973 2679; x_wconf 85' lang='lat' dir='ltr'>ex</span> <span class='ocrx_word' id='word_1_186' title='bbox 2010 2615 2120 2698; x_wconf 81' lang='lat' dir='ltr'>eiS,</span> <span class='ocrx_word' id='word_1_187' title='bbox 2168 2619 2355 2700; x_wconf 90' lang='lat' dir='ltr'>prout</span> <span class='ocrx_word' id='word_1_188' title='bbox 2382 2613 2463 2679; x_wconf 87' lang='lat' dir='ltr'>ad</span> <span class='ocrx_word' id='word_1_189' title='bbox 2497 2634 2634 2680; x_wconf 92' lang='lat' dir='ltr'>eum</span> <span class='ocrx_word' id='word_1_190' title='bbox 2668 2614 2770 2680; x_wconf 86' lang='lat' dir='ltr'>vel</span> <span class='ocrx_word' id='word_1_191' title='bbox 2800 2635 2907 2680; x_wconf 89' lang='lat' dir='ltr'>eos</span> <span class='ocrx_word' id='word_1_192' title='bbox 2936 2614 3321 2700; x_wconf 87' lang='lat' dir='ltr'>presentatio</span> <span class='ocrx_word' id='word_1_193' title='bbox 3354 2614 3569 2680; x_wconf 85' lang='lat' dir='ltr'>huius-</span> 
     </span>
     <span class='ocr_line' id='line_1_22' title="bbox 717 2721 3570 2808; baseline 0 -22"><span class='ocrx_word' id='word_1_194' title='bbox 717 2721 888 2786; x_wconf 91' lang='lat' dir='ltr'>modi</span> <span class='ocrx_word' id='word_1_195' title='bbox 944 2721 1244 2808; x_wconf 89' lang='lat' dir='ltr'>pertinet,</span> <span class='ocrx_word' id='word_1_196' title='bbox 1302 2727 1693 2808; x_wconf 87' lang='lat' dir='ltr'>presentatos</span> <span class='ocrx_word' id='word_1_197' title='bbox 1740 2728 1803 2788; x_wconf 94' lang='lat' dir='ltr'>et</span> <span class='ocrx_word' id='word_1_198' title='bbox 1847 2741 1961 2807; x_wconf 91' lang='lat' dir='ltr'>per</span> <span class='ocrx_word' id='word_1_199' title='bbox 2003 2721 2297 2786; x_wconf 88' lang='lat' dir='ltr'>locorum</span> <span class='ocrx_word' id='word_1_200' title='bbox 2329 2721 2677 2787; x_wconf 87' lang='lat' dir='ltr'>ordinarios</span> <span class='ocrx_word' id='word_1_201' title='bbox 2721 2722 3045 2788; x_wconf 88' lang='lat' dir='ltr'>institutos</span> <span class='ocrx_word' id='word_1_202' title='bbox 3090 2743 3159 2788; x_wconf 89' lang='lat' dir='ltr'>se</span> <span class='ocrx_word' id='word_1_203' title='bbox 3202 2722 3414 2788; x_wconf 88' lang='lat' dir='ltr'>minus</span> <span class='ocrx_word' id='word_1_204' title='bbox 3458 2721 3570 2787; x_wconf 87' lang='lat' dir='ltr'>bo-</span> 
     </span>
     <span class='ocr_line' id='line_1_23' title="bbox 713 2829 3567 2915; baseline 0 -21"><span class='ocrx_word' id='word_1_205' title='bbox 713 2833 892 2894; x_wconf 90' lang='lat' dir='ltr'>neste</span> <span class='ocrx_word' id='word_1_206' title='bbox 946 2848 1163 2912; x_wconf 88' lang='lat' dir='ltr'>regere</span> <span class='ocrx_word' id='word_1_207' title='bbox 1221 2849 1292 2895; x_wconf 85' lang='lat' dir='ltr'>ac</span> <span class='ocrx_word' id='word_1_208' title='bbox 1347 2829 1509 2896; x_wconf 89' lang='lat' dir='ltr'>male</span> <span class='ocrx_word' id='word_1_209' title='bbox 1563 2830 1952 2908; x_wconf 84' lang='lat' dir='ltr'>conversari3</span> <span class='ocrx_word' id='word_1_210' title='bbox 2012 2849 2125 2915; x_wconf 91' lang='lat' dir='ltr'>pro</span> <span class='ocrx_word' id='word_1_211' title='bbox 2170 2834 2349 2914; x_wconf 91' lang='lat' dir='ltr'>parte</span> <span class='ocrx_word' id='word_1_212' title='bbox 2394 2829 2679 2912; x_wconf 85' lang='lat' dir='ltr'>magistri</span> <span class='ocrx_word' id='word_1_213' title='bbox 2724 2833 2789 2894; x_wconf 92' lang='lat' dir='ltr'>et</span> <span class='ocrx_word' id='word_1_214' title='bbox 2828 2829 3095 2895; x_wconf 84' lang='lat' dir='ltr'>fratrum</span> <span class='ocrx_word' id='word_1_215' title='bbox 3140 2829 3567 2914; x_wconf 87' lang='lat' dir='ltr'>predictorum</span> 
     </span>
     <span class='ocr_line' id='line_1_24' title="bbox 712 2935 3569 3024; baseline -0 -23"><span class='ocrx_word' id='word_1_216' title='bbox 712 2935 892 3002; x_wconf 88' lang='lat' dir='ltr'>nobis</span> <span class='ocrx_word' id='word_1_217' title='bbox 937 2936 1060 3002; x_wconf 87' lang='lat' dir='ltr'>fuit</span> <span class='ocrx_word' id='word_1_218' title='bbox 1105 2936 1422 3003; x_wconf 87' lang='lat' dir='ltr'>humiliter</span> <span class='ocrx_word' id='word_1_219' title='bbox 1467 2937 1912 3024; x_wconf 83' lang='lat' dir='ltr'>supplicatum,</span> <span class='ocrx_word' id='word_1_220' title='bbox 1960 2942 2031 3001; x_wconf 92' lang='lat' dir='ltr'>ut</span> <span class='ocrx_word' id='word_1_221' title='bbox 2075 2937 2187 3020; x_wconf 80' lang='lat' dir='ltr'>eiS,</span> <span class='ocrx_word' id='word_1_222' title='bbox 2236 2936 2397 3020; x_wconf 89' lang='lat' dir='ltr'>quod</span> <span class='ocrx_word' id='word_1_223' title='bbox 2444 2937 2568 3020; x_wconf 90' lang='lat' dir='ltr'>ipsi</span> <span class='ocrx_word' id='word_1_224' title='bbox 2615 2941 2723 3000; x_wconf 89' lang='lat' dir='ltr'>aut</span> <span class='ocrx_word' id='word_1_225' title='bbox 2764 2935 2872 3000; x_wconf 91' lang='lat' dir='ltr'>ille</span> <span class='ocrx_word' id='word_1_226' title='bbox 2916 2935 3017 3001; x_wconf 87' lang='lat' dir='ltr'>vel</span> <span class='ocrx_word' id='word_1_227' title='bbox 3061 2935 3156 3002; x_wconf 92' lang='lat' dir='ltr'>illi</span> <span class='ocrx_word' id='word_1_228' title='bbox 3202 2957 3281 3002; x_wconf 83' lang='lat' dir='ltr'>ex</span> <span class='ocrx_word' id='word_1_229' title='bbox 3328 2936 3441 3018; x_wconf 89' lang='lat' dir='ltr'>eis,</span> <span class='ocrx_word' id='word_1_230' title='bbox 3488 2936 3569 3001; x_wconf 87' lang='lat' dir='ltr'>ad</span> 
     </span>
     <span class='ocr_line' id='line_1_25' title="bbox 714 3043 3567 3131; baseline -0 -22"><span class='ocrx_word' id='word_1_231' title='bbox 714 3063 897 3129; x_wconf 88' lang='lat' dir='ltr'>quem</span> <span class='ocrx_word' id='word_1_232' title='bbox 955 3043 1052 3110; x_wconf 90' lang='lat' dir='ltr'>vel</span> <span class='ocrx_word' id='word_1_233' title='bbox 1106 3044 1185 3109; x_wconf 88' lang='lat' dir='ltr'>ad</span> <span class='ocrx_word' id='word_1_234' title='bbox 1233 3063 1384 3128; x_wconf 91' lang='lat' dir='ltr'>quos</span> <span class='ocrx_word' id='word_1_235' title='bbox 1431 3045 1812 3131; x_wconf 87' lang='lat' dir='ltr'>presentatio</span> <span class='ocrx_word' id='word_1_236' title='bbox 1860 3043 2213 3109; x_wconf 89' lang='lat' dir='ltr'>huiusmodi</span> <span class='ocrx_word' id='word_1_237' title='bbox 2260 3047 2333 3108; x_wconf 89' lang='lat' dir='ltr'>ut</span> <span class='ocrx_word' id='word_1_238' title='bbox 2378 3043 2764 3129; x_wconf 79' lang='lat' dir='ltr'>premittitur</span> <span class='ocrx_word' id='word_1_239' title='bbox 2809 3043 3117 3130; x_wconf 88' lang='lat' dir='ltr'>pertinet,</span> <span class='ocrx_word' id='word_1_240' title='bbox 3172 3049 3567 3130; x_wconf 85' lang='lat' dir='ltr'>presentatos</span> 
     </span>
     <span class='ocr_line' id='line_1_26' title="bbox 709 3149 3565 3237; baseline -0 -22"><span class='ocrx_word' id='word_1_241' title='bbox 709 3150 1009 3217; x_wconf 88' lang='lat' dir='ltr'>hactenus</span> <span class='ocrx_word' id='word_1_242' title='bbox 1057 3156 1120 3216; x_wconf 90' lang='lat' dir='ltr'>et</span> <span class='ocrx_word' id='word_1_243' title='bbox 1164 3152 1570 3237; x_wconf 90' lang='lat' dir='ltr'>imposterum</span> <span class='ocrx_word' id='word_1_244' title='bbox 1621 3151 2075 3237; x_wconf 88' lang='lat' dir='ltr'>presentandos</span> <span class='ocrx_word' id='word_1_245' title='bbox 2120 3151 2346 3215; x_wconf 88' lang='lat' dir='ltr'>fratres</span> <span class='ocrx_word' id='word_1_246' title='bbox 2386 3149 2737 3215; x_wconf 86' lang='lat' dir='ltr'>huiusmodi</span> <span class='ocrx_word' id='word_1_247' title='bbox 2772 3151 2851 3215; x_wconf 90' lang='lat' dir='ltr'>ad</span> <span class='ocrx_word' id='word_1_248' title='bbox 2882 3151 3175 3216; x_wconf 86' lang='lat' dir='ltr'>ecclesias</span> <span class='ocrx_word' id='word_1_249' title='bbox 3206 3159 3272 3216; x_wconf 92' lang='lat' dir='ltr'>et</span> <span class='ocrx_word' id='word_1_250' title='bbox 3299 3151 3565 3216; x_wconf 85' lang='lat' dir='ltr'>vicarias</span> 
     </span>
     <span class='ocr_line' id='line_1_27' title="bbox 711 3256 3565 3344; baseline 0 -22"><span class='ocrx_word' id='word_1_251' title='bbox 711 3257 1026 3343; x_wconf 86' lang='lat' dir='ltr'>predictas</span> <span class='ocrx_word' id='word_1_252' title='bbox 1071 3279 1188 3344; x_wconf 86' lang='lat' dir='ltr'>pro</span> <span class='ocrx_word' id='word_1_253' title='bbox 1235 3257 1367 3323; x_wconf 94' lang='lat' dir='ltr'>solo</span> <span class='ocrx_word' id='word_1_254' title='bbox 1412 3265 1568 3324; x_wconf 86' lang='lat' dir='ltr'>nutu</span> <span class='ocrx_word' id='word_1_255' title='bbox 1615 3259 1899 3342; x_wconf 87' lang='lat' dir='ltr'>magistri</span> <span class='ocrx_word' id='word_1_256' title='bbox 1947 3265 2011 3322; x_wconf 91' lang='lat' dir='ltr'>et</span> <span class='ocrx_word' id='word_1_257' title='bbox 2053 3259 2319 3322; x_wconf 82' lang='lat' dir='ltr'>fratrum</span> <span class='ocrx_word' id='word_1_258' title='bbox 2367 3257 2751 3344; x_wconf 87' lang='lat' dir='ltr'>prefatorum</span> <span class='ocrx_word' id='word_1_259' title='bbox 2799 3263 2908 3322; x_wconf 88' lang='lat' dir='ltr'>aut</span> <span class='ocrx_word' id='word_1_260' title='bbox 2952 3257 3121 3322; x_wconf 87' lang='lat' dir='ltr'>illius</span> <span class='ocrx_word' id='word_1_261' title='bbox 3166 3256 3269 3323; x_wconf 91' lang='lat' dir='ltr'>vel</span> <span class='ocrx_word' id='word_1_262' title='bbox 3314 3256 3565 3322; x_wconf 89' lang='lat' dir='ltr'>illorum</span> 
     </span>
     <span class='ocr_line' id='line_1_28' title="bbox 713 3364 3565 3451; baseline -0.001 -19"><span class='ocrx_word' id='word_1_263' title='bbox 713 3385 792 3432; x_wconf 78' lang='lat' dir='ltr'>ex</span> <span class='ocrx_word' id='word_1_264' title='bbox 851 3366 973 3448; x_wconf 89' lang='lat' dir='ltr'>eis,</span> <span class='ocrx_word' id='word_1_265' title='bbox 1030 3365 1112 3430; x_wconf 87' lang='lat' dir='ltr'>ad</span> <span class='ocrx_word' id='word_1_266' title='bbox 1167 3385 1350 3450; x_wconf 89' lang='lat' dir='ltr'>quem</span> <span class='ocrx_word' id='word_1_267' title='bbox 1406 3365 1507 3432; x_wconf 91' lang='lat' dir='ltr'>vel</span> <span class='ocrx_word' id='word_1_268' title='bbox 1564 3366 1643 3431; x_wconf 88' lang='lat' dir='ltr'>ad</span> <span class='ocrx_word' id='word_1_269' title='bbox 1699 3386 1852 3450; x_wconf 90' lang='lat' dir='ltr'>quos</span> <span class='ocrx_word' id='word_1_270' title='bbox 1911 3365 2293 3450; x_wconf 88' lang='lat' dir='ltr'>presentatio</span> <span class='ocrx_word' id='word_1_271' title='bbox 2350 3364 2708 3430; x_wconf 89' lang='lat' dir='ltr'>huiusmodi</span> <span class='ocrx_word' id='word_1_272' title='bbox 2754 3366 3059 3451; x_wconf 88' lang='lat' dir='ltr'>pertinet,</span> <span class='ocrx_word' id='word_1_273' title='bbox 3114 3371 3187 3430; x_wconf 90' lang='lat' dir='ltr'>ut</span> <span class='ocrx_word' id='word_1_274' title='bbox 3230 3365 3565 3451; x_wconf 85' lang='lat' dir='ltr'>prefertur,</span> 
     </span>
     <span class='ocr_line' id='line_1_29' title="bbox 715 3470 3567 3558; baseline 0 -23"><span class='ocrx_word' id='word_1_275' title='bbox 715 3472 1002 3556; x_wconf 90' lang='lat' dir='ltr'>quotiens</span> <span class='ocrx_word' id='word_1_276' title='bbox 1063 3471 1120 3538; x_wconf 92' lang='lat' dir='ltr'>ei</span> <span class='ocrx_word' id='word_1_277' title='bbox 1165 3471 1264 3539; x_wconf 88' lang='lat' dir='ltr'>vel</span> <span class='ocrx_word' id='word_1_278' title='bbox 1309 3473 1399 3540; x_wconf 91' lang='lat' dir='ltr'>eis</span> <span class='ocrx_word' id='word_1_279' title='bbox 1443 3473 1787 3555; x_wconf 86' lang='lat' dir='ltr'>videbitur,</span> <span class='ocrx_word' id='word_1_280' title='bbox 1847 3473 1926 3537; x_wconf 90' lang='lat' dir='ltr'>ad</span> <span class='ocrx_word' id='word_1_281' title='bbox 1973 3473 2225 3538; x_wconf 90' lang='lat' dir='ltr'>domum</span> <span class='ocrx_word' id='word_1_282' title='bbox 2274 3491 2383 3537; x_wconf 88' lang='lat' dir='ltr'>seu</span> <span class='ocrx_word' id='word_1_283' title='bbox 2429 3470 2771 3537; x_wconf 88' lang='lat' dir='ltr'>claustrum</span> <span class='ocrx_word' id='word_1_284' title='bbox 2818 3471 2967 3538; x_wconf 87' lang='lat' dir='ltr'>dicti</span> <span class='ocrx_word' id='word_1_285' title='bbox 3012 3472 3344 3558; x_wconf 83' lang='lat' dir='ltr'>hospitalis</span> <span class='ocrx_word' id='word_1_286' title='bbox 3388 3491 3567 3538; x_wconf 83' lang='lat' dir='ltr'>revo-</span> 
     </span>
     <span class='ocr_line' id='line_1_30' title="bbox 715 3578 3565 3666; baseline 0.001 -24"><span class='ocrx_word' id='word_1_287' title='bbox 715 3597 856 3644; x_wconf 88' lang='lat' dir='ltr'>care</span> <span class='ocrx_word' id='word_1_288' title='bbox 913 3583 976 3644; x_wconf 91' lang='lat' dir='ltr'>et</span> <span class='ocrx_word' id='word_1_289' title='bbox 1030 3578 1164 3645; x_wconf 87' lang='lat' dir='ltr'>loco</span> <span class='ocrx_word' id='word_1_290' title='bbox 1221 3586 1648 3646; x_wconf 80' lang='lat' dir='ltr'>revocatorum</span> <span class='ocrx_word' id='word_1_291' title='bbox 1708 3579 2064 3645; x_wconf 89' lang='lat' dir='ltr'>huiusmodi</span> <span class='ocrx_word' id='word_1_292' title='bbox 2119 3579 2275 3644; x_wconf 86' lang='lat' dir='ltr'>alios</span> <span class='ocrx_word' id='word_1_293' title='bbox 2320 3578 2547 3644; x_wconf 86' lang='lat' dir='ltr'>fratres</span> <span class='ocrx_word' id='word_1_294' title='bbox 2592 3578 2866 3664; x_wconf 85' lang='lat' dir='ltr'>ydoneos</span> <span class='ocrx_word' id='word_1_295' title='bbox 2914 3579 3191 3646; x_wconf 89' lang='lat' dir='ltr'>eiusdem</span> <span class='ocrx_word' id='word_1_296' title='bbox 3236 3579 3565 3666; x_wconf 86' lang='lat' dir='ltr'>hospitalis</span> 
     </span>
     <span class='ocr_line' id='line_1_31' title="bbox 715 3684 3565 3780; baseline 0.001 -30"><span class='ocrx_word' id='word_1_297' title='bbox 715 3684 794 3750; x_wconf 89' lang='lat' dir='ltr'>ad</span> <span class='ocrx_word' id='word_1_298' title='bbox 841 3684 1132 3752; x_wconf 88' lang='lat' dir='ltr'>ecclesias</span> <span class='ocrx_word' id='word_1_299' title='bbox 1179 3693 1244 3752; x_wconf 92' lang='lat' dir='ltr'>et</span> <span class='ocrx_word' id='word_1_300' title='bbox 1290 3687 1554 3753; x_wconf 84' lang='lat' dir='ltr'>vicarias</span> <span class='ocrx_word' id='word_1_301' title='bbox 1602 3688 1946 3754; x_wconf 87' lang='lat' dir='ltr'>antedictas</span> <span class='ocrx_word' id='word_1_302' title='bbox 1992 3686 2407 3752; x_wconf 89' lang='lat' dir='ltr'>instituendos</span> <span class='ocrx_word' id='word_1_303' title='bbox 2454 3686 2788 3780; x_wconf 65' lang='lat' dir='ltr'>ordinariis</span> <span class='ocrx_word' id='word_1_304' title='bbox 2832 3687 2990 3773; x_wconf 90' lang='lat' dir='ltr'>ipsis</span> <span class='ocrx_word' id='word_1_305' title='bbox 3036 3688 3387 3772; x_wconf 88' lang='lat' dir='ltr'>presentari</span> <span class='ocrx_word' id='word_1_306' title='bbox 3420 3707 3565 3773; x_wconf 88' lang='lat' dir='ltr'>pos-</span> 
     </span>
     <span class='ocr_line' id='line_1_32' title="bbox 712 3792 3563 3880; baseline 0 -22"><span class='ocrx_word' id='word_1_307' title='bbox 712 3792 870 3875; x_wconf 90' lang='lat' dir='ltr'>sint,</span> <span class='ocrx_word' id='word_1_308' title='bbox 927 3794 1265 3860; x_wconf 87' lang='lat' dir='ltr'>concedere</span> <span class='ocrx_word' id='word_1_309' title='bbox 1321 3795 1398 3859; x_wconf 89' lang='lat' dir='ltr'>de</span> <span class='ocrx_word' id='word_1_310' title='bbox 1453 3794 1838 3878; x_wconf 88' lang='lat' dir='ltr'>benignitate</span> <span class='ocrx_word' id='word_1_311' title='bbox 1899 3794 2242 3880; x_wconf 84' lang='lat' dir='ltr'>apostolica</span> <span class='ocrx_word' id='word_1_312' title='bbox 2286 3792 2705 3877; x_wconf 88' lang='lat' dir='ltr'>dignaremur.</span> <span class='ocrx_word' id='word_1_313' title='bbox 2798 3793 2927 3860; x_wconf 88' lang='lat' dir='ltr'>Nos</span> <span class='ocrx_word' id='word_1_314' title='bbox 2970 3795 3165 3877; x_wconf 89' lang='lat' dir='ltr'>igitur</span> <span class='ocrx_word' id='word_1_315' title='bbox 3207 3793 3563 3860; x_wconf 87' lang='lat' dir='ltr'>huiusmodi</span> 
     </span>
     <span class='ocr_line' id='line_1_33' title="bbox 713 3898 3563 3986; baseline 0 -22"><span class='ocrx_word' id='word_1_316' title='bbox 713 3898 1274 3986; x_wconf 88' lang='lat' dir='ltr'>supplicationibus</span> <span class='ocrx_word' id='word_1_317' title='bbox 1329 3901 1612 3967; x_wconf 89' lang='lat' dir='ltr'>inclinati</span> <span class='ocrx_word' id='word_1_318' title='bbox 1659 3901 1892 3968; x_wconf 89' lang='lat' dir='ltr'>eisdem</span> <span class='ocrx_word' id='word_1_319' title='bbox 1941 3901 2240 3984; x_wconf 87' lang='lat' dir='ltr'>magistro</span> <span class='ocrx_word' id='word_1_320' title='bbox 2288 3907 2352 3966; x_wconf 91' lang='lat' dir='ltr'>et</span> <span class='ocrx_word' id='word_1_321' title='bbox 2393 3901 2723 3984; x_wconf 81' lang='lat' dir='ltr'>fratribuS,</span> <span class='ocrx_word' id='word_1_322' title='bbox 2782 3901 2945 3986; x_wconf 89' lang='lat' dir='ltr'>quod</span> <span class='ocrx_word' id='word_1_323' title='bbox 2992 3901 3115 3986; x_wconf 90' lang='lat' dir='ltr'>ipsi</span> <span class='ocrx_word' id='word_1_324' title='bbox 3161 3907 3273 3967; x_wconf 89' lang='lat' dir='ltr'>aut</span> <span class='ocrx_word' id='word_1_325' title='bbox 3312 3901 3419 3967; x_wconf 90' lang='lat' dir='ltr'>ille</span> <span class='ocrx_word' id='word_1_326' title='bbox 3466 3899 3563 3966; x_wconf 82' lang='lat' dir='ltr'>vel</span> 
     </span>
     <span class='ocr_line' id='line_1_34' title="bbox 713 4005 3561 4095; baseline 0 -24"><span class='ocrx_word' id='word_1_327' title='bbox 713 4005 807 4072; x_wconf 91' lang='lat' dir='ltr'>illi</span> <span class='ocrx_word' id='word_1_328' title='bbox 853 4027 932 4072; x_wconf 85' lang='lat' dir='ltr'>ex</span> <span class='ocrx_word' id='word_1_329' title='bbox 979 4008 1090 4092; x_wconf 78' lang='lat' dir='ltr'>eiS,</span> <span class='ocrx_word' id='word_1_330' title='bbox 1137 4009 1216 4073; x_wconf 87' lang='lat' dir='ltr'>ad</span> <span class='ocrx_word' id='word_1_331' title='bbox 1263 4029 1446 4092; x_wconf 88' lang='lat' dir='ltr'>quem</span> <span class='ocrx_word' id='word_1_332' title='bbox 1493 4008 1592 4074; x_wconf 87' lang='lat' dir='ltr'>vel</span> <span class='ocrx_word' id='word_1_333' title='bbox 1638 4009 1716 4074; x_wconf 82' lang='lat' dir='ltr'>ad</span> <span class='ocrx_word' id='word_1_334' title='bbox 1765 4029 1918 4092; x_wconf 90' lang='lat' dir='ltr'>quos</span> <span class='ocrx_word' id='word_1_335' title='bbox 1965 4008 2347 4093; x_wconf 87' lang='lat' dir='ltr'>presentatio</span> <span class='ocrx_word' id='word_1_336' title='bbox 2396 4009 2750 4074; x_wconf 89' lang='lat' dir='ltr'>huiusmodi</span> <span class='ocrx_word' id='word_1_337' title='bbox 2790 4009 3083 4094; x_wconf 84' lang='lat' dir='ltr'>pertinet,</span> <span class='ocrx_word' id='word_1_338' title='bbox 3131 4013 3203 4074; x_wconf 91' lang='lat' dir='ltr'>ut</span> <span class='ocrx_word' id='word_1_339' title='bbox 3230 4008 3561 4095; x_wconf 87' lang='lat' dir='ltr'>prefertur,</span> 
     </span>
     <span class='ocr_line' id='line_1_35' title="bbox 713 4115 3561 4203; baseline 0.001 -25"><span class='ocrx_word' id='word_1_340' title='bbox 713 4120 1107 4200; x_wconf 86' lang='lat' dir='ltr'>presentatos</span> <span class='ocrx_word' id='word_1_341' title='bbox 1165 4116 1464 4182; x_wconf 88' lang='lat' dir='ltr'>hactenus</span> <span class='ocrx_word' id='word_1_342' title='bbox 1513 4121 1576 4182; x_wconf 88' lang='lat' dir='ltr'>et</span> <span class='ocrx_word' id='word_1_343' title='bbox 1620 4117 2030 4203; x_wconf 89' lang='lat' dir='ltr'>imposterum</span> <span class='ocrx_word' id='word_1_344' title='bbox 2080 4116 2528 4202; x_wconf 84' lang='lat' dir='ltr'>presentandos</span> <span class='ocrx_word' id='word_1_345' title='bbox 2571 4117 2798 4182; x_wconf 85' lang='lat' dir='ltr'>fratres</span> <span class='ocrx_word' id='word_1_346' title='bbox 2844 4115 3198 4181; x_wconf 87' lang='lat' dir='ltr'>huiusmodi</span> <span class='ocrx_word' id='word_1_347' title='bbox 3247 4115 3326 4180; x_wconf 87' lang='lat' dir='ltr'>ad</span> <span class='ocrx_word' id='word_1_348' title='bbox 3372 4115 3561 4180; x_wconf 84' lang='lat' dir='ltr'>eccle-</span> 
     </span>
     <span class='ocr_line' id='line_1_36' title="bbox 714 4221 3563 4310; baseline 0 -24"><span class='ocrx_word' id='word_1_349' title='bbox 714 4221 840 4286; x_wconf 89' lang='lat' dir='ltr'>sias</span> <span class='ocrx_word' id='word_1_350' title='bbox 900 4227 963 4286; x_wconf 93' lang='lat' dir='ltr'>et</span> <span class='ocrx_word' id='word_1_351' title='bbox 1017 4223 1282 4289; x_wconf 86' lang='lat' dir='ltr'>vicarias</span> <span class='ocrx_word' id='word_1_352' title='bbox 1339 4224 1653 4309; x_wconf 89' lang='lat' dir='ltr'>predictas</span> <span class='ocrx_word' id='word_1_353' title='bbox 1712 4243 1824 4310; x_wconf 89' lang='lat' dir='ltr'>pro</span> <span class='ocrx_word' id='word_1_354' title='bbox 1883 4222 2015 4288; x_wconf 88' lang='lat' dir='ltr'>solo</span> <span class='ocrx_word' id='word_1_355' title='bbox 2072 4228 2229 4289; x_wconf 89' lang='lat' dir='ltr'>nutu</span> <span class='ocrx_word' id='word_1_356' title='bbox 2274 4223 2558 4306; x_wconf 87' lang='lat' dir='ltr'>magistri</span> <span class='ocrx_word' id='word_1_357' title='bbox 2605 4229 2669 4288; x_wconf 90' lang='lat' dir='ltr'>et</span> <span class='ocrx_word' id='word_1_358' title='bbox 2710 4223 2975 4288; x_wconf 86' lang='lat' dir='ltr'>fratrum</span> <span class='ocrx_word' id='word_1_359' title='bbox 3024 4223 3409 4309; x_wconf 84' lang='lat' dir='ltr'>prefatorum</span> <span class='ocrx_word' id='word_1_360' title='bbox 3456 4227 3563 4287; x_wconf 85' lang='lat' dir='ltr'>aut</span> 
     </span>
     <span class='ocr_line' id='line_1_37' title="bbox 715 4328 3561 4416; baseline 0 -23"><span class='ocrx_word' id='word_1_361' title='bbox 715 4328 884 4394; x_wconf 91' lang='lat' dir='ltr'>illius</span> <span class='ocrx_word' id='word_1_362' title='bbox 931 4329 1030 4395; x_wconf 89' lang='lat' dir='ltr'>vel</span> <span class='ocrx_word' id='word_1_363' title='bbox 1074 4330 1325 4396; x_wconf 91' lang='lat' dir='ltr'>illorum</span> <span class='ocrx_word' id='word_1_364' title='bbox 1373 4351 1450 4396; x_wconf 83' lang='lat' dir='ltr'>ex</span> <span class='ocrx_word' id='word_1_365' title='bbox 1498 4332 1608 4415; x_wconf 93' lang='lat' dir='ltr'>eis,</span> <span class='ocrx_word' id='word_1_366' title='bbox 1657 4331 1736 4396; x_wconf 91' lang='lat' dir='ltr'>ad</span> <span class='ocrx_word' id='word_1_367' title='bbox 1783 4352 1967 4416; x_wconf 89' lang='lat' dir='ltr'>quem</span> <span class='ocrx_word' id='word_1_368' title='bbox 2015 4331 2113 4396; x_wconf 91' lang='lat' dir='ltr'>vel</span> <span class='ocrx_word' id='word_1_369' title='bbox 2160 4331 2239 4396; x_wconf 89' lang='lat' dir='ltr'>ad</span> <span class='ocrx_word' id='word_1_370' title='bbox 2286 4351 2440 4415; x_wconf 86' lang='lat' dir='ltr'>quos</span> <span class='ocrx_word' id='word_1_371' title='bbox 2471 4331 2852 4416; x_wconf 87' lang='lat' dir='ltr'>presentatio</span> <span class='ocrx_word' id='word_1_372' title='bbox 2882 4331 3240 4396; x_wconf 87' lang='lat' dir='ltr'>huiusmodi</span> <span class='ocrx_word' id='word_1_373' title='bbox 3270 4330 3561 4415; x_wconf 85' lang='lat' dir='ltr'>pertinet,</span> 
     </span>
     <span class='ocr_line' id='line_1_38' title="bbox 716 4436 3561 4523; baseline 0 -23"><span class='ocrx_word' id='word_1_374' title='bbox 716 4441 787 4501; x_wconf 93' lang='lat' dir='ltr'>ut</span> <span class='ocrx_word' id='word_1_375' title='bbox 841 4437 1184 4522; x_wconf 83' lang='lat' dir='ltr'>prefertur,</span> <span class='ocrx_word' id='word_1_376' title='bbox 1246 4438 1561 4523; x_wconf 77' lang='lat' dir='ltr'>quociens,</span> <span class='ocrx_word' id='word_1_377' title='bbox 1599 4439 1653 4504; x_wconf 92' lang='lat' dir='ltr'>ei</span> <span class='ocrx_word' id='word_1_378' title='bbox 1717 4438 1816 4504; x_wconf 89' lang='lat' dir='ltr'>vel</span> <span class='ocrx_word' id='word_1_379' title='bbox 1875 4439 1965 4504; x_wconf 92' lang='lat' dir='ltr'>eis</span> <span class='ocrx_word' id='word_1_380' title='bbox 2026 4438 2367 4521; x_wconf 89' lang='lat' dir='ltr'>videbitur,</span> <span class='ocrx_word' id='word_1_381' title='bbox 2428 4439 2505 4503; x_wconf 83' lang='lat' dir='ltr'>ad</span> <span class='ocrx_word' id='word_1_382' title='bbox 2562 4438 2815 4503; x_wconf 86' lang='lat' dir='ltr'>domum</span> <span class='ocrx_word' id='word_1_383' title='bbox 2870 4458 2980 4503; x_wconf 89' lang='lat' dir='ltr'>seu</span> <span class='ocrx_word' id='word_1_384' title='bbox 3026 4436 3365 4510; x_wconf 83' lang='lat' dir='ltr'>claustrum</span> <span class='ocrx_word' id='word_1_385' title='bbox 3414 4436 3561 4502; x_wconf 87' lang='lat' dir='ltr'>dicti</span> 
     </span>
     <span class='ocr_line' id='line_1_39' title="bbox 716 4543 3561 4631; baseline 0 -23"><span class='ocrx_word' id='word_1_386' title='bbox 716 4543 1044 4629; x_wconf 87' lang='lat' dir='ltr'>hospitalis</span> <span class='ocrx_word' id='word_1_387' title='bbox 1100 4565 1392 4612; x_wconf 88' lang='lat' dir='ltr'>revocare</span> <span class='ocrx_word' id='word_1_388' title='bbox 1445 4551 1510 4612; x_wconf 90' lang='lat' dir='ltr'>et</span> <span class='ocrx_word' id='word_1_389' title='bbox 1553 4545 1686 4611; x_wconf 88' lang='lat' dir='ltr'>loco</span> <span class='ocrx_word' id='word_1_390' title='bbox 1733 4551 2161 4612; x_wconf 87' lang='lat' dir='ltr'>revocatorum</span> <span class='ocrx_word' id='word_1_391' title='bbox 2210 4545 2563 4610; x_wconf 91' lang='lat' dir='ltr'>huiusmodi</span> <span class='ocrx_word' id='word_1_392' title='bbox 2608 4545 2767 4610; x_wconf 86' lang='lat' dir='ltr'>alios</span> <span class='ocrx_word' id='word_1_393' title='bbox 2810 4545 3036 4610; x_wconf 88' lang='lat' dir='ltr'>fratres</span> <span class='ocrx_word' id='word_1_394' title='bbox 3080 4544 3357 4631; x_wconf 85' lang='lat' dir='ltr'>ydoneos</span> <span class='ocrx_word' id='word_1_395' title='bbox 3404 4545 3561 4609; x_wconf 89' lang='lat' dir='ltr'>eius·</span> 
     </span>
     <span class='ocr_line' id='line_1_40' title="bbox 718 4651 3561 4738; baseline 0 -22"><span class='ocrx_word' id='word_1_396' title='bbox 718 4651 858 4717; x_wconf 91' lang='lat' dir='ltr'>dem</span> <span class='ocrx_word' id='word_1_397' title='bbox 918 4651 1243 4738; x_wconf 85' lang='lat' dir='ltr'>hospitalis</span> <span class='ocrx_word' id='word_1_398' title='bbox 1305 4653 1404 4718; x_wconf 89' lang='lat' dir='ltr'>ad·</span> <span class='ocrx_word' id='word_1_399' title='bbox 1441 4653 1731 4719; x_wconf 87' lang='lat' dir='ltr'>ecclesias</span> <span class='ocrx_word' id='word_1_400' title='bbox 1787 4657 1851 4717; x_wconf 91' lang='lat' dir='ltr'>et</span> <span class='ocrx_word' id='word_1_401' title='bbox 1905 4653 2169 4718; x_wconf 84' lang='lat' dir='ltr'>vicarias</span> <span class='ocrx_word' id='word_1_402' title='bbox 2216 4652 2529 4738; x_wconf 87' lang='lat' dir='ltr'>predictas</span> <span class='ocrx_word' id='word_1_403' title='bbox 2574 4652 2989 4718; x_wconf 90' lang='lat' dir='ltr'>instituendos</span> <span class='ocrx_word' id='word_1_404' title='bbox 3036 4651 3369 4718; x_wconf 86' lang='lat' dir='ltr'>ordinariis</span> <span class='ocrx_word' id='word_1_405' title='bbox 3410 4651 3561 4737; x_wconf 87' lang='lat' dir='ltr'>ipsis</span> 
     </span>
     <span class='ocr_line' id='line_1_41' title="bbox 719 4758 3561 4846; baseline -0 -22"><span class='ocrx_word' id='word_1_406' title='bbox 719 4765 1083 4846; x_wconf 89' lang='lat' dir='ltr'>presentare</span> <span class='ocrx_word' id='word_1_407' title='bbox 1128 4759 1322 4826; x_wconf 90' lang='lat' dir='ltr'>libere</span> <span class='ocrx_word' id='word_1_408' title='bbox 1369 4765 1432 4826; x_wconf 91' lang='lat' dir='ltr'>et</span> <span class='ocrx_word' id='word_1_409' title='bbox 1475 4759 1645 4825; x_wconf 90' lang='lat' dir='ltr'>licite</span> <span class='ocrx_word' id='word_1_410' title='bbox 1689 4758 1961 4843; x_wconf 87' lang='lat' dir='ltr'>valeant,</span> <span class='ocrx_word' id='word_1_411' title='bbox 2008 4760 2375 4825; x_wconf 89' lang='lat' dir='ltr'>auctoritate</span> <span class='ocrx_word' id='word_1_412' title='bbox 2421 4758 2767 4845; x_wconf 87' lang='lat' dir='ltr'>apostolica</span> <span class='ocrx_word' id='word_1_413' title='bbox 2808 4763 3023 4824; x_wconf 91' lang='lat' dir='ltr'>tenore</span> <span class='ocrx_word' id='word_1_414' title='bbox 3067 4761 3457 4845; x_wconf 84' lang='lat' dir='ltr'>presencium</span> <span class='ocrx_word' id='word_1_415' title='bbox 3486 4759 3561 4823; x_wconf 92' lang='lat' dir='ltr'>de</span> 
     </span>
     <span class='ocr_line' id='line_1_42' title="bbox 721 4865 3561 4952; baseline 0 -21"><span class='ocrx_word' id='word_1_416' title='bbox 721 4867 978 4952; x_wconf 87' lang='lat' dir='ltr'>speciali</span> <span class='ocrx_word' id='word_1_417' title='bbox 1025 4869 1230 4951; x_wconf 86' lang='lat' dir='ltr'>gratia</span> <span class='ocrx_word' id='word_1_418' title='bbox 1273 4868 1668 4952; x_wconf 72' lang='lat' dir='ltr'>indulgemus</span> <span class='ocrx_word' id='word_1_419' title='bbox 1716 4873 1780 4932; x_wconf 94' lang='lat' dir='ltr'>et</span> <span class='ocrx_word' id='word_1_420' title='bbox 1824 4866 2131 4949; x_wconf 88' lang='lat' dir='ltr'>volumus,</span> <span class='ocrx_word' id='word_1_421' title='bbox 2179 4867 2343 4952; x_wconf 91' lang='lat' dir='ltr'>quod</span> <span class='ocrx_word' id='word_1_422' title='bbox 2388 4866 2746 4932; x_wconf 86' lang='lat' dir='ltr'>huiusmodi</span> <span class='ocrx_word' id='word_1_423' title='bbox 2781 4867 3275 4952; x_wconf 84' lang='lat' dir='ltr'>presentationes</span> <span class='ocrx_word' id='word_1_424' title='bbox 3304 4865 3439 4931; x_wconf 85' lang='lat' dir='ltr'>loco</span> <span class='ocrx_word' id='word_1_425' title='bbox 3466 4887 3561 4931; x_wconf 88' lang='lat' dir='ltr'>re-</span> 
     </span>
     <span class='ocr_line' id='line_1_43' title="bbox 724 4963 3561 5068; baseline 0 -30"><span class='ocrx_word' id='word_1_426' title='bbox 724 4979 1080 5044; x_wconf 83' lang='lat' dir='ltr'>vocatorum</span> <span class='ocrx_word' id='word_1_427' title='bbox 1128 4975 1441 5068; x_wconf 86' lang='lat' dir='ltr'>ipsorum,</span> <span class='ocrx_word' id='word_1_428' title='bbox 1487 4981 1558 5042; x_wconf 90' lang='lat' dir='ltr'>ut</span> <span class='ocrx_word' id='word_1_429' title='bbox 1601 4974 2018 5062; x_wconf 88' lang='lat' dir='ltr'>premittitur,</span> <span class='ocrx_word' id='word_1_430' title='bbox 2064 4974 2343 5042; x_wconf 85' lang='lat' dir='ltr'>faciende</span> <span class='ocrx_word' id='word_1_431' title='bbox 2388 4963 2647 5060; x_wconf 85' lang='lat' dir='ltr'>perinde</span> <span class='ocrx_word' id='word_1_432' title='bbox 2692 4972 2945 5040; x_wconf 84' lang='lat' dir='ltr'>valeant</span> <span class='ocrx_word' id='word_1_433' title='bbox 2986 4977 3052 5040; x_wconf 92' lang='lat' dir='ltr'>et</span> <span class='ocrx_word' id='word_1_434' title='bbox 3092 4974 3436 5040; x_wconf 89' lang='lat' dir='ltr'>sortiantur</span> <span class='ocrx_word' id='word_1_435' title='bbox 3475 4973 3561 5039; x_wconf 80' lang='lat' dir='ltr'>ef-</span> 
     </span>
    </p>
   </div>
   <div class='ocr_carea' id='block_1_5' title="bbox 3822 4929 3829 5585">
    <p class='ocr_par' dir='ltr' id='par_1_6' title="bbox 3822 4929 3829 5585">
     <span class='ocr_line' id='line_1_44' title="bbox 3822 4929 3829 5585; baseline 0 0"><span class='ocrx_word' id='word_1_436' title='bbox 3822 4929 3829 5585; x_wconf 95' lang='lat' dir='ltr'> </span> 
     </span>
    </p>
   </div>
  </div>
 </body>
</html>
