3892 5609
641 278 680 347 6
695 276 736 348 6
1427 289 1656 337 'ranna
1703 288 1987 337 sanos-A.
2057 286 2387 343 ARMENJA.
2458 286 2726 335 ornans

637 453 701 514 et
729 446 1134 514 christianam
1173 453 1236 514 et
1266 469 1380 535 pro
1413 448 1780 515 transitoria
1807 448 1941 514 vita
1969 447 2303 513 voluerunt
2348 450 2412 513 et
2442 450 2731 513 emerunt
2762 442 3187 511 immortalem
3236 449 3300 511 et
3346 450 3513 512 eter-

635 575 785 621 num
832 576 1096 637 regnum
1142 555 1275 640 dei,
1337 556 1499 622 sicut
1544 556 1848 641 scriptum
1894 560 2019 621 est:
2074 554 2237 637 „Ubi
2293 574 2406 637 ego
2466 574 2637 638 sum,
2694 553 2827 618 illic
2883 553 3289 619 et.minister
3332 572 3515 619 meus

636 656 866 743 erit“‘;
915 668 980 727 et
1021 664 1250 728 iterum
1305 661 1467 746 „Ubi
1514 662 1636 728 duo
1670 661 1770 728 v'el
1814 667 1944 727 tres
1982 662 2343 744 congregati
2386 660 2624 727 fuerint
2666 661 2736 725 in
2766 660 3019 725 nomine
3050 680 3212 743 meo,
3260 659 3351 725 ibi
3396 678 3515 743 ego

635 788 772 833 sum
831 769 899 833 in
951 768 1160 835 medio
1219 766 1500 835 eorum“.
1582 767 1851 855 Propter
1895 769 2015 834 hoc
2058 774 2341 835 sanctam
2388 768 2643 834 domum
2696 768 2888 832 istam
2935 768 3036 833 dei
3080 765 3515 833 habitaculum

636 875 1028 962 appellamus
1074 880 1138 941 et
1168 876 1456 942 volumus
1501 876 1787 962 ipsorum
1831 876 2175 962 participes
2219 874 2357 941 fieri
2400 876 2469 940 in
2518 874 2806 939 omnibus
2842 873 2967 939 hiis
3000 873 3203 939 bonis,
3270 872 3360 939 Et
3405 873 3517 939 de-

634 982 842 1047 dimus
890 982 1126 1049 eisdem
1173 982 1757 1069 supranominatam
1791 984 2111 1049 civitatem
2142 982 2488 1048 Haroniam
2536 1000 2677 1047 cum
2724 985 2895 1047 terra
2938 980 3060 1046 sibi
3107 982 3405 1063 contigua
3450 985 3519 1047 et

636 1094 948 1175 separata,
995 1110 1134 1154 cum
1171 1110 1282 1155 suo
1314 1088 1602 1174 confinio,
1653 1091 1815 1157 sicut
1845 1090 2223 1177 dispositum
2254 1096 2351 1155 est
2396 1096 2461 1154 et
2486 1107 2655 1153 nunc
2687 1088 3091 1153 recordamur
3138 1108 3252 1173 per
3297 1092 3517 1173 partes

637 1195 1039 1279 singillatim:
1100 1196 1419 1262 civitatem
1474 1195 1822 1263 Haroniam
1881 1216 2023 1263 cum
2086 1195 2495 1279 molendiniS,
2558 1194 2839 1261 abaciam
2896 1194 3127 1277 Ovide‚
3186 1193 3517 1261 abbaciam

635 1303 838 1367 sancti
883 1300 1214 1386 MammaS,
1261 1303 1590 1370 abbaciam
1623 1303 1882 1387 Saugre,
1929 1305 2135 1371 casale
2164 1304 2429 1389 Lalyan,
2477 1300 2685 1367 casale
2715 1302 3027 1385 Costinos,
3075 1301 3281 1367 casale
3310 1298 3520 1365 Gaus-

637 1408 886 1492 quigne,
936 1410 1142 1475 casale
1189 1409 1515 1493 Cherrare,
1563 1410 1770 1477 casale
1801 1411 2133 1478 Chacorim
2180 1431 2319 1477 cum
2370 1429 2482 1474 suo
2529 1408 2909 1492 molendino,
2958 1408 3164 1473 casale
3209 1406 3521 1473 Cainche-

637 1516 847 1600 quice,
893 1516 1391 1600 Aguechemom,
1439 1516 1727 1602 Castine,
1788 1523 2073 1585 sanctum
2121 1516 2484 1600 Danielem,
2532 1514 2873 1598 Davenim,
2924 1514 3316 1597 Saargague,
3366 1533 3516 1578 san-

636 1625 806 1687 ctum
855 1622 1114 1706 ThoroS,
1175 1622 1574 1707 Cievaverac,
1632 1623 1789 1708 Pirt,
1849 1624 2116 1708 Quiang‚
2167 1624 2449 1707 Telagre,
2502 1620 2879 1705 Mautrigue,
2938 1619 3111 1704 Port,
3158 1618 3515 1703 Guenecch‚

633 1726 1111 1812 Hachoudagre,
1159 1730 1226 1795 in
1259 1750 1380 1815 quo
1428 1738 1578 1797 sunt
1605 1732 1772 1815 regis
1801 1732 2045 1815 rustici,
2094 1736 2159 1797 et
2190 1752 2353 1796 unus
2382 1730 2657 1796 rusticus
2691 1727 2930 1794 domini
2958 1726 3281 1793 Michaelis
3314 1726 3519 1791 d’An-

635 1834 858 1920 draple
914 1841 978 1900 et
1033 1836 1142 1901 alii
1199 1837 1366 1919 regis
1423 1823 1732 1921 legiorum
1787 1838 2113 1905 hominum
2172 1838 2393 1903 rustici
2450 1836 2515 1903 et
2565 1835 2805 1901 domini
2848 1833 3097 1899 Baudin
3139 1832 3513 1899 Emerance.

635 1940 786 2007 Illos
831 1940 1099 2009 rusticos
1147 1943 1200 2007 si
1245 1943 1467 2009 volunt
1509 1946 1738 2011 fratres
1785 1945 2126 2027 dimittere,
2178 1946 2245 2009 in
2294 1964 2408 2011 sua
2452 1924 2623 2010 terra
2668 1941 2927 2023 dabunt,
2974 1941 3141 2006 sicut
3184 1946 3331 2007 ante
3376 1946 3519 2007 crat

639 2048 1071 2133 constitutum,
1118 2054 1192 2114 ut
1235 2050 1460 2117 darent
1503 2051 1906 2117 medietatem
1952 2052 2333 2135 reddituum,
2383 2052 2489 2136 qui
2526 2050 2819 2115 dicuutur
2846 2047 3185 2113 Armenice
3232 2068 3519 2132 engague

637 2153 917 2221 Haronie
965 2160 1030 2220 et
1071 2161 1281 2223 cetera
1327 2157 1598 2225 dominis
1645 2161 1795 2225 suis.
1871 2158 1981 2225 Sin
2031 2164 2240 2225 autem
2288 2158 2553 2243 accipiet
2594 2155 3025 2239 unusquisque
3064 2174 3211 2221 suos
3242 2156 3515 2221 rusticos

641 2265 704 2327 et
749 2260 947 2327 exibit
992 2262 1070 2328 de
1113 2262 1272 2347 loco,
1322 2269 1386 2330 et
1429 2266 1844 2332 remanebunt
1877 2265 1990 2330 illa
2022 2264 2162 2330 loca
2193 2284 2336 2330 cum
2370 2265 2501 2330 suis
2546 2262 2732 2329 rebus
2778 2264 3021 2345 integre
3068 2267 3133 2329 et
3178 2263 3303 2328 erit
3344 2266 3518 2329 terra.

635 2368 708 2433 in
751 2368 1048 2435 mandato
1093 2368 1395 2455 fratrum,
1455 2372 1796 2437 secundum
1847 2372 2014 2456 quod
2068 2378 2165 2438 est
2206 2373 2377 2437 intra
2422 2390 2639 2437 eorum
2684 2368 3043 2435 confinium.
3124 2368 3323 2452 Igitur
3368 2388 3515 2455 pre·

641 2474 874 2541 dictam
919 2475 1239 2542 civitatem
1288 2483 1351 2543 et
1395 2484 1634 2544 terram
1689 2484 2085 2565 pretaxatam
2104 2529 2122 2563 ,
2182 2498 2368 2563 quam
2414 2476 2787 2543 nominatim
2834 2472 3245 2541 recoluimus⁶
3290 2480 3357 2541 et
3402 2494 3517 2561 per

640 2580 912 2647 confinia
941 2582 1401 2667 distincximus,
1449 2584 1735 2651 dedimus
1771 2586 2049 2669 angelice
2082 2584 2349 2669 legionis
2392 2583 2778 2650 fraternitati
2810 2581 3139 2667 hospitalis
3168 2581 3515 2647 Alamano-

639 2708 782 2753 rum
837 2689 903 2753 in
958 2694 1330 2775 perpetuam
1391 2696 1456 2757 et
1509 2712 1989 2779 permansuram
2046 2692 2488 2773 hereditatem,
2546 2690 2653 2773 qui
2696 2708 2864 2753 nunc
2908 2693 3057 2753 sunt
3108 2692 3173 2754 et
3218 2688 3325 2773 qui
3369 2693 3517 2774 post

639 2794 837 2860 futuri
883 2801 1046 2860 sunt.
1131 2796 1273 2863 Non
1320 2818 1468 2881 ergo
1515 2799 1746 2865 habeat
1791 2798 2019 2883 aliquis
2064 2802 2441 2885 potestatem
2495 2798 2561 2861 in
2610 2801 2745 2862 tota
2787 2795 3043 2879 regione
3088 2795 3390 2861 Armenie
3436 2795 3514 2861 de

642 2900 910 2967 subditis
956 2904 1188 2968 nostris
1233 2924 1438 2989 neque
1483 2925 1750 2988 magnus
1795 2926 2000 2990 neque
2044 2925 2279 2991 parvus
2316 2908 2528 2970 sancte
2560 2903 2770 2968 domui
2820 2908 2884 2968 et
2928 2900 3243 2988 spirituali
3286 2902 3514 2967 frater-

640 3008 827 3075 nitati
873 3006 1206 3075 iniuriam⁶
1253 3011 1353 3076 vel
1399 3011 1752 3078 molestiam
1809 3013 2018 3079 facere
2060 3032 2262 3095 neque
2310 3010 2387 3077 de
2432 3008 2698 3083 confinio
2754 3022 2955 3093 neque
3002 3008 3079 3074 de
3123 3009 3517 3093 pertinencia

641 3116 945 3200 minuere,
993 3116 1104 3181 sed
1133 3118 1218 3183 sit
1245 3117 1576 3203 hospitalis
1606 3118 2104 3185 Alemannorum
2136 3118 2649 3203 supranominate
2684 3122 2748 3183 et
2776 3117 3069 3182 distincte
3103 3120 3270 3181 terre
3301 3122 3515 3182 aucto-

641 3222 797 3287 ritas
846 3242 925 3288 ex
969 3228 1185 3289 nostro
1231 3224 1564 3307 magnifico
1612 3226 1929 3291 mandato.
2013 3225 2283 3311 Propter
2326 3224 2445 3289 hoc
2490 3244 2637 3308 ergo
2684 3223 2969 3290 dedimus
3024 3226 3310 3288 nostrum
3370 3244 3517 3307 gra-

641 3330 872 3394 tuitum
911 3330 1308 3416 privilegium
1345 3337 1428 3415 et,
1475 3337 1547 3397 ut
1575 3334 1880 3399 maiorem
1910 3332 2142 3398 habeat
2168 3330 2553 3414 firmitatem,
2598 3350 2793 3396 manu
2822 3329 2999 3412 regia
3026 3329 3517 3415 subscripsimus

645 3441 709 3501 et
765 3436 1179 3519 sigillavimus
1239 3458 1428 3504 aureo
1487 3440 1692 3522 sigillo
1746 3445 1982 3506 nostro.
2076 3438 2312 3504 Datum
2369 3439 2654 3504 ianuario
2714 3457 2931 3503 mense
2984 3437 3145 3501 xxii‘
3190 3436 3291 3501 die
3350 3456 3515 3502 anno

641 3542 1066 3609 Armenorum
1121 3544 1200 3609 dc
1259 3542 1360 3627 [et
1415 3544 1933 3630 quadragesimo]
1994 3546 2373 3629 octogesimo
2418 3554 2485 3610 v⁰
2529 3544 2875 3611 indictione
2918 3546 3031 3627 ix·‚
3088 3564 3203 3630 per
3254 3562 3517 3611 manum

641 3648 952 3716 Manuelis
999 3651 1376 3717 cancellarii.

855 3780 898 3844 I,
922 3782 992 3833 36
1005 3800 1052 3833 ν.
1089 3800 1138 3833 n.
1160 3782 1245 3833 83.
1301 3783 1487 3835 Datum
1515 3792 1802 3850 corruptum
1831 3792 1910 3835 est
1919 3802 1935 3845 3
1975 3783 2201 3835 abundat
2238 3784 2370 3833 enim
2413 3790 2495 3848 „et
2531 3783 2965 3848 quadragesimo“.
3022 3782 3311 3834 Secundum
3346 3800 3517 3834 aeram

644 3871 992 3934 Armenorum,
1032 3873 1170 3923 cuius
1207 3872 1396 3937 primus
1435 3872 1544 3923 dies
1579 3880 1690 3923 erat
1726 3872 1846 3922 anni
1871 3873 2055 3923 Christi
2080 3873 2179 3923 551
2221 3872 2327 3923 iulii
2349 3874 2400 3935 9,
2436 3872 2587 3923 685⁸·
2624 3888 2784 3922 annus
2821 3870 2998 3922 incidit
3030 3871 3082 3921 in
3111 3870 3330 3936 vulgaris
3367 3888 3517 3923 aerae

649 3960 784 4010 1235
823 3948 1079 4023 et‘1236‚
1127 3961 1266 4012 cuius
1303 3961 1528 4013 ianuario
1565 3960 1770 4013 indictio
1805 3960 1856 4011 ix
1894 3962 2125 4012 cucurrit.
2188 3962 2508 4013 Hermannus
2546 3962 2611 4011 de
2648 3960 2797 4011 Salza
2838 3959 2975 4009 1236
3009 3960 3236 4014 ianuario
3280 3960 3335 4009 in
3370 3958 3519 4011 Italia

643 4046 788 4129 fuitn—
867 4050 912 4099 1.
949 4050 1191 4101 refectam
1213 4048 1274 4101 B.
1381 4048 1432 4099 2.
1470 4048 1540 4100 sic
1563 4048 1623 4100 B.
1731 4050 1783 4101 3.
1808 4050 1900 4102 Ev.
1919 4050 2127 4113 1011.15,
2154 4050 2217 4101 12
2242 4058 2295 4102 et
2310 4050 2361 4103 8.
2470 4050 2521 4101 4.
2546 4050 2639 4101 Er.
2659 4049 2767 4101 1011.
2786 4048 2867 4111 12,
2886 4048 2971 4100 26.
3079 4049 3131 4101 5.
3166 4049 3431 4103 recolimus
3454 4048 3516 4101 B.

645 4136 698 4189 6.
734 4136 786 4186 in
821 4136 883 4188 B.

649 4374 774 4447 84.
823 4377 998 4445 1236
1043 4402 1188 4464 auq.
1228 4380 1314 4445 10
1359 4380 1595 4447 Ace-on.
1679 4382 1969 4464 Beato-im,
2012 4384 2163 4467 filia
2214 4380 2461 4450 Galteri
2503 4382 2738 4462 Ledam
2786 4380 2999 4447 vendit
3040 4380 3259 4447 domui
3298 4382 3514 4468 hospi-

826 4486 972 4659 ιὲἷὼ
1019 4486 1074 4550 b.
1113 4487 1368 4552 Mariae
1419 4488 1943 4556 Theutonicomm
1998 4491 2203 4556 casale
2252 4490 2536 4577 Sapheth,
2590 4490 2649 4554 lo
2698 4488 3031 4555 CathemOn
3089 4492 3160 4554 in
3214 4502 3385 4555 terra
3440 4490 3518 4554 de

891 4614 1104 4657 ονοπο.

867 4714 1104 4782 Notum
1150 4716 1234 4781 sit
1269 4717 1558 4788 omnibus
1603 4723 1738 4785 tam
1780 4721 2179 4806 presentibus
2214 4740 2402 4805 quam
2431 4719 2681 4803 futuris,
2730 4719 2897 4803 quod
2926 4738 3041 4802 ego
3073 4718 3331 4784 domina
3358 4716 3517 4785 Bea-

645 4823 775 4888 trix
819 4820 952 4888 filia
997 4822 1238 4889 Galteri
1282 4823 1494 4891 Ledur
1536 4827 1739 4892 vendo
1787 4832 1851 4893 et
1896 4825 2059 4894 dono
2106 4826 2313 4895 casale
2356 4848 2575 4910 unum,
2624 4825 2791 4910 quod
2834 4831 3095 4893 vocatur
3130 4822 3411 4911 Sapheth
3454 4824 3516 4891 lo

647 4928 994 4996 Cathemon
1041 4936 1106 4997 et
1150 4935 1246 4997 est
1289 4931 1356 4997 in
1403 4936 1574 4999 terra
1619 4932 1697 4999 de
1743 4932 2012 5019 Toron0‚
2067 4954 2209 5001 cum
2257 4934 2546 5002 omnibus
2592 4934 2724 5000 suis
2768 4933 3177 5019 pertinenciis
3224 4937 3289 4999 et
3331 4932 3519 4999 iuris-
