3892 5609
1308 381 1612 431 Pnussrx.
1682 382 1870 432 novx
1914 382 2231 433 iunctm
2510 350 2515 355 ’
3054 370 3151 443 22
3166 373 3200 443 1

276 560 290 569 ·
337 538 620 607 dilatatis
668 545 733 609 et
775 540 844 607 in
889 539 1402 609 circumferencia
1445 540 1716 609 circulus
1761 542 1875 609 has
1921 543 2249 609 continens
2291 540 2569 609 litteras:
2618 540 2830 625 aquila
2856 539 3209 608 Ezechielis

335 666 570 733 sponse
613 648 812 713 missa
854 652 952 713 est
996 646 1074 715 de
1119 646 1301 731 celis,
1348 646 1520 715 volat
1562 648 1704 735 ipsa
1748 649 1885 716 sine
1929 654 2133 732 meta,
2187 667 2310 733 quo
2354 668 2471 715 nec
2514 652 2691 715 vates
2736 667 2853 715 nec
2896 648 3208 735 propheta

334 754 616 821 evolavit
657 753 853 821 alcius
897 773 936 820 a
967 774 1001 820 e
1031 754 1055 819 i
1086 774 1123 818 o
1155 774 1217 838 v,
1261 758 1335 819 ut
1377 754 1728 839 videbatur,
1779 755 2189 842 apparebant,
2236 756 2521 840 sequitur
2566 759 2630 821 et
2674 760 2771 821 est
2814 755 2991 847 talis:

659 860 748 948 (p.
783 861 960 943 328.)
1025 858 1165 927 Wir
1207 858 1259 925 F
1260 860 1536 927 ridench
1581 882 1703 928 von
1748 868 1925 945 gotes
1972 862 2221 946 gnaden
2258 860 2627 928 Romischer
2672 861 2913 945 kunigk
2960 866 3099 945 etc„
3145 860 3206 927 d.

664 966 726 1033 d.
757 966 1152 1050 Nuremberg
1197 967 1372 1031 1444
1417 972 1576 1053 sept.
1617 968 1700 1033 14
1748 969 1966 1055 (supra
2008 990 2072 1035 ιι.
2107 970 2282 1049 217).

769 1072 978 1141 Intus:
1024 1071 1162 1140 wir
1205 1072 1495 1140 Fridrich
1539 1073 1650 1140 der
1695 1074 1853 1143 clter
1897 1080 2015 1142 etc.
2060 1072 2113 1140 F
2116 1073 2535 1142 rankenforde
2575 1074 2747 1139 1443
2792 1076 2912 1141 oct.
2950 1074 3035 1138 16
3080 1074 3210 1155 (su-

895 1233 912 1241 -
981 1200 1100 1266 pra
1141 1200 1204 1246 n.
1238 1180 1416 1262 216).

339 1282 551 1349 Tenor
594 1289 804 1352 autem
852 1286 1068 1371 quinte
1111 1286 1324 1353 littere
1369 1286 1567 1353 eciam
1611 1286 2088 1354 ratihabicionis
2132 1286 2557 1373 predictorum
2589 1284 3097 1353 reverendissimi
3140 1286 3208 1350 in

339 1388 596 1457 Christo
639 1392 839 1477 patris
873 1392 1110 1459 domini
1139 1392 1506 1460 Theoderici
1539 1393 1995 1481 archiepiscopi
2024 1392 2549 1477 Maguntinensis,
2596 1393 2756 1459 sacri
2798 1392 3052 1477 imperii
3082 1391 3207 1458 ele-

336 1497 536 1563 ctoris
582 1502 735 1584 etc.,
789 1518 940 1567 vero
995 1499 1130 1566 eius
1185 1500 1394 1583 sigillo
1450 1500 1528 1567 de
1573 1520 1718 1567 cera
1761 1501 1952 1567 viridi
2008 1501 2075 1567 in
2120 1520 2315 1587 capsa
2357 1500 2629 1567 rotunda
2674 1500 2753 1566 de
2797 1518 2943 1565 cera
2986 1497 3211 1581 glauca

334 1608 406 1671 et
457 1605 774 1671 communi
829 1606 899 1671 in
957 1626 1119 1673 zona
1175 1607 1416 1673 sericea
1468 1605 1646 1674 rubei
1691 1607 1918 1673 coloris
1973 1607 2377 1693 impendente
2420 1607 2731 1693 impresso
2778 1602 3081 1688 sigillate3
3140 1604 3206 1672 in

333 1710 518 1777 cuius
561 1709 892 1796 superficie
931 1717 1204 1798 quatuor
1233 1713 1610 1780 semicirculi
1653 1714 1720 1781 in
1750 1713 2254 1781 extremitatibus
2286 1734 2355 1779 se
2384 1713 2839 1797 contingentes,
2887 1713 2953 1778 in
2998 1711 3207 1778 medio

335 1837 608 1905 quorum
637 1838 866 1905 ymago
909 1819 1184 1906 presulis
1213 1820 1601 1886 ornamentis
1645 1818 2108 1905 pontificalibus
2151 1819 2393 1903 induta,
2438 1819 2506 1885 in
2538 1820 2799 1886 sinistra
2840 1838 3035 1885 manu
3076 1819 3205 1884 for-

332 1944 512 1991 mam
538 1922 687 1992 libri
717 1925 934 2009 clausi,
979 1926 1048 1991 in
1078 1925 1302 1993 dextra
1329 1947 1478 1993 vero
1510 1946 1757 1993 crucem
1789 1926 2097 2010 deferens,
2141 1927 2209 1992 in
2240 1926 2465 1992 dextro
2508 1931 2716 1991 autem
2762 1924 2963 1992 latere
3004 1924 3207 2010 ipsius

335 2030 655 2117 ymaginis
696 2031 956 2118 clipeus,
1002 2032 1069 2098 in
1103 2051 1224 2116 quo
1269 2031 1472 2117 figura
1513 2038 1651 2099 rote
1696 2052 1834 2099 cum
1874 2038 2016 2099 octo
2053 2032 2384 2119 specubus,
2430 2032 2499 2097 in
2546 2032 2802 2098 sinistro
2846 2031 3045 2097 latere
3088 2032 3207 2097 ite·

333 2156 482 2203 rum
529 2135 766 2225 clipeus
818 2139 891 2205 in
933 2137 1058 2205 duo
1103 2140 1352 2225 equalia
1409 2160 1524 2227 per
1568 2146 2000 2207 transversum
2046 2139 2315 2221 divisus,
2374 2137 2440 2203 in
2486 2138 2797 2224 superiori
2843 2137 2965 2203 due
3007 2124 3207 2224 figure

335 2244 687 2328 stellarum,
733 2246 802 2311 in
845 2246 1132 2313 inferiori
1177 2266 1324 2330 una,
1371 2251 1435 2312 et
1478 2246 1594 2313 hee
1637 2246 1848 2313 littere
1883 2244 2516 2312 circumferenciales:
2567 2243 2901 2327 „Sigillum
2931 2243 2977 2325 †
3007 2244 3206 2311 Theo-

334 2350 502 2417 drici
531 2349 578 2435 †
599 2350 1122 2439 archiepiscopii·
1141 2350 1534 2436 Maguntini“
1563 2359 1634 2422 ut
1662 2351 1994 2419 videbatur
2023 2350 2434 2438 apparebant,
2480 2352 2763 2435 sequitur
2793 2351 2873 2417 de
2901 2350 3093 2417 verbo
3126 2350 3207 2415 ad

333 2458 604 2525 verbnm
650 2462 716 2525 et
759 2464 856 2525 est
897 2458 1076 2525 talis:

664 2565 752 2651 (p.
787 2566 916 2631 332
933 2566 1054 2647 v.).
1086 2562 1224 2631 Wir
1265 2564 1552 2631 Dietrich
1596 2586 1718 2632 von
1771 2571 1949 2649 gotes
1995 2564 2240 2649 gnaden
2300 2562 2412 2629 der
2456 2562 2730 2646 heiligen
2772 2563 3035 2631 kirchen
3090 2582 3207 2631 czu

659 2669 872 2737 Mentz
918 2670 1326 2738 ertzbischoff
1361 2676 1479 2738 etc.
1510 2672 1572 2737 d.
1606 2672 1667 2737 d.
1699 2671 2093 2756 Nuremberg
2128 2671 2301 2735 1444
2339 2673 2500 2755 sept.
2534 2671 2616 2734 21
2666 2669 2885 2756 (supra
2929 2691 2993 2736 n.
3028 2670 3205 2751 218).

767 2777 974 2845 Intus:
1023 2776 1158 2844 Wir
1204 2777 1488 2845 Fridrich
1536 2798 1660 2845 von
1713 2784 1890 2861 gotes
1938 2779 2187 2862 gnaden
2232 2776 2597 2843 Romischer
2640 2776 2840 2861 kunig
2883 2784 2999 2844 etc.
3049 2777 3109 2843 d.
3143 2775 3203 2842 d.

978 2883 1344 2968 Norenberg
1393 2884 1565 2949 1444
1611 2890 1770 2972 sept.
1808 2886 1893 2950 14
1938 2885 2159 2971 (supra
2200 2904 2263 2949 n.
2298 2884 2474 2959 217).

765 2990 976 3057 Intus:
1021 2990 1160 3059 wir
1201 2988 1538 3057 Frederich
1587 2991 1700 3059 der
1744 2992 1901 3059 elter
1945 2992 2007 3056 d.
2042 2991 2103 3058 d.
2143 2990 2313 3056 1443
2360 2996 2479 3057 oct.
2510 2992 2593 3055 16
2642 2990 2860 3078 (supra
2902 3010 2965 3056 ιι.
2998 2990 3175 3071 216).

336 3096 550 3163 Tenor
604 3101 784 3164 sexte
838 3096 1048 3165 littere
1105 3097 1302 3163 eciam
1356 3096 1820 3163 ratihabitionis
1883 3098 2311 3184 predictorum
2368 3097 2521 3195 dicti
2576 3096 3085 3163 reverendissimi
3140 3097 3204 3162 ιιι

335 3200 592 3269 Christo
637 3204 838 3289 patris
885 3208 950 3271 et
993 3204 1252 3287 domini,
1300 3202 1539 3269 domini
1584 3202 1951 3270 Theoderici
1997 3203 2453 3289 archiepiscopi
2499 3201 2888 3270 coloniensis
2934 3208 2999 3269 et
3042 3204 3207 3271 sacri

333 3308 596 3395 imperii
640 3309 928 3379 electoris
941 3360 962 3394 ,
1019 3311 1154 3378 eius
1198 3330 1348 3377 vero
1405 3308 1612 3393 sigillo
1659 3310 1736 3376 de
1781 3330 1926 3377 cera
1970 3310 2157 3376 viridi
2210 3310 2279 3375 in
2323 3309 2583 3395 capsula
2624 3308 2896 3377 rotunda
2940 3309 3019 3376 de
3064 3329 3211 3376 cera

335 3416 568 3501 glauca
611 3422 676 3484 et
719 3418 1035 3483 communi
1079 3417 1146 3482 in
1192 3436 1348 3482 sona
1392 3416 1596 3481 serica
1623 3416 1804 3483 rubei
1835 3416 2061 3482 coloris
2107 3416 2510 3502 impendente
2554 3416 2864 3502 impresso
2910 3415 3204 3502 sigillate,

333 3524 410 3591 in
455 3524 632 3590 cuins
678 3520 1008 3609 superficie
1052 3542 1210 3590 crux
1249 3523 1384 3589 lata
1437 3522 1506 3587 in
1551 3522 2057 3590 extremitatibus
2113 3522 2432 3588 modicum
2485 3521 2757 3607 elevata,
2814 3524 2880 3589 in
2928 3543 3053 3607 qua
3096 3520 3209 3589 cli-

333 3650 500 3718 peus
557 3650 673 3717 per
715 3633 990 3695 tractum
1045 3627 1302 3716 planum
1352 3628 1664 3695 modicum
1713 3627 2027 3695 elevatum
2072 3630 2139 3695 in
2185 3629 2433 3713 equalia
2478 3649 2591 3715 per
2636 3635 3066 3697 transversum
3112 3630 3209 3697 di-

333 3738 547 3821 visus,
605 3741 670 3805 et
712 3737 828 3803 hee
872 3734 1084 3802 littere
1125 3736 1192 3800 in
1238 3736 1752 3803 circumferencia
1795 3736 2121 3801 circulari:
2179 3735 2541 3819 „Secretum
2580 3734 2957 3803 Theoderici
3004 3737 3207 3803 archi-

336 3844 623 3931 episcopi
670 3841 928 3909 ecclesie
972 3840 1428 3926 Goloniensis‘ss
1485 3847 1556 3907 ut
1600 3841 1930 3909 videbatur
1974 3842 2386 3981 apparebant,
2440 3842 2723 3927 sequitur
2768 3843 2845 3910 de
2891 3843 3081 3912 verbo
3128 3844 3209 3910 ad

333 3948 605 4017 verbum
647 3954 716 4016 et
757 3954 854 4015 est
895 3947 1073 4015 talis:

665 4056 753 4142 (p.
787 4057 918 4122 336
933 4056 1019 4137 v.)
1087 4053 1226 4122 Wir
1270 4054 1552 4120 Dietrich
1610 4072 1734 4120 von
1789 4060 1930 4138 gots
1988 4056 2236 4139 gnaden
2293 4055 2407 4121 der
2458 4055 2729 4139 heiligen
2776 4054 3035 4121 kirchen
3094 4074 3209 4121 zcu

663 4161 882 4229 Collen
913 4160 1361 4228 erczbisschoff
1397 4164 1514 4227 etc.
1545 4160 1606 4225 d.
1639 4162 1701 4227 d.
1734 4160 2128 4245 Nuremberg
2162 4163 2333 4227 1444
2364 4167 2524 4248 sept.
2558 4162 2643 4227 29
2690 4162 2911 4248 (supra
2938 4182 3001 4227 n.
3028 4162 3205 4243 219).

769 4268 974 4336 Intus:
1021 4266 1158 4335 Wir
1201 4264 1490 4333 Fridrich
1537 4286 1660 4333 von
1715 4271 1892 4350 gotes
1939 4269 2188 4351 gnaden
2234 4267 2599 4335 Romiseher
2642 4268 2843 4353 kunig
2886 4272 3001 4335 etc.
3051 4269 3111 4334 d.
3146 4268 3205 4334 d.

981 4373 1348 4457 Norenberg
1397 4374 1568 4438 1444
1613 4380 1772 4461 sept.
1811 4376 1893 4440 14
1941 4374 2162 4461 (supra
2203 4394 2267 4439 ιι.
2301 4375 2477 4456 217).

769 4478 976 4546 Intus:
1021 4478 1159 4547 Wir
1201 4479 1540 4547 Frederich
1583 4480 1696 4547 der
1741 4480 1898 4548 elter
1943 4482 2011 4547 d.
2036 4480 2098 4546 d.
2134 4482 2305 4547 1443
2353 4486 2471 4547 oct.
2511 4483 2592 4547 16
2640 4482 2859 4568 (supra
2902 4501 2965 4546 n.
3000 4482 3177 4562 216).

337 4585 552 4654 Tener
593 4606 744 4653 vero
788 4586 1055 4674 septime
1109 4586 1318 4653 littere
1365 4587 1564 4653 eciam
1608 4586 2073 4654 ratihabitionis
2130 4588 2555 4673 predictorum
2612 4587 2763 4654 dicti
2816 4586 3210 4655 reverendis-

339 4692 490 4759 simi
531 4692 600 4759 in
647 4690 896 4761 Christo
954 4692 1157 4779 patris
1201 4692 1439 4759 domini
1485 4692 1690 4761 Iacobi
1745 4693 2199 4781 archiepiscopi
2247 4693 2683 4778 Treverensis,
2740 4695 2905 4760 sacri
2958 4692 3211 4779 imperii

341 4798 656 4883 electoris,
703 4800 840 4866 eius
884 4818 1032 4867 vero
1077 4799 1288 4883 sigillo
1331 4800 1410 4866 de
1441 4818 1586 4867 cera
1616 4800 1803 4866 viridi
1849 4800 1917 4866 ιιι
1962 4800 2224 4886 capsula
2266 4800 2537 4867 rotunda
2582 4800 2661 4867 de
2704 4819 2849 4867 cera
2893 4800 3213 4866 communi

339 4904 554 4991 glauci
599 4904 825 4972 coloris
881 4906 950 4972 in
995 4926 1156 4972 zona
1201 4907 1440 4973 sericea
1483 4905 1661 4973 rubei
1706 4906 1931 4973 coloris
1978 4906 2383 4992 impendente
2425 4907 2739 4991 impressa
2781 4906 3085 4990 sigillate,
3141 4906 3211 4973 in

339 5012 522 5081 cuius
567 5011 896 5100 superficie
941 5032 1096 5081 crux
1142 5011 1302 5099 lata,
1361 5012 1426 5081 in
1473 5030 1598 5098 qua
1641 5012 1881 5100 clipeus
1936 5017 2004 5080 et
2058 5013 2129 5079 in
2181 5014 2291 5081 illo
2348 5018 2602 5105 tractus·
2642 5012 2809 5080 latus
2856 5014 2935 5081 ab
2982 5012 3211 5097 angulo
