3892 5609
1278 394 1581 445 pausem.
1649 395 1838 445 nova
1882 396 2201 445 mum
3026 387 3122 458 22
3135 388 3176 459 3

306 549 660 637 clipeorum
713 556 780 618 et
833 552 1367 620 semicirculorum
1427 554 1666 641 clipeus
1721 576 1988 640 mag-nus
2003 605 2024 639 ,
2080 556 2150 623 in
2196 574 2319 641 quo
2375 554 2651 641 quinque
2709 555 2887 642 plani
2942 560 3180 624 tractus

304 657 628 725 modicum
673 658 902 725 elevati
943 678 1060 745 per
1103 666 1533 728 transversum
1579 663 1882 748 protensi,
1935 682 2128 748 super
2166 681 2329 747 ¹>quos
2376 660 2578 745 figura
2623 663 2778 729 serti
2824 663 2903 730 ab
2950 661 3180 748 angulo

305 769 494 831 acuto
527 765 748 831 dextro
779 764 860 831 ad
891 765 1187 850 angulum
1221 766 1512 836 obtusum
1545 768 1870 835 sinistrum
1918 774 2235 855 protensa,
2284 772 2349 835 et
2390 768 2505 835 hee
2549 767 2759 835 littere
2802 770 2872 835 iu
2913 770 3179 838 circum-

301 869 585 939 ferencia
627 870 951 939 circulari:
1015 922 1050 957 „
1069 872 1132 939 S.
1175 872 1484 940 Friderici
1527 873 1703 942 ducis
1752 874 2027 943 Saxonis
2041 923 2060 960 ,
2119 874 2463 958 Thuringie
2506 874 2847 959 lantgravii
2905 881 2969 943 et
3012 896 3180 942 mar·

301 976 553 1045 chionis
591 976 994 1064 Misnensis“,
1041 984 1114 1047 ut
1154 979 1502 1066 videbatur,
1550 981 1965 1067 apparebant,
2010 982 2295 1068 sequitur
2342 980 2421 1049 de
2454 980 2645 1049 verbo
2692 980 2773 1047 ad
2808 981 3067 1049 verbum
3114 987 3181 1049 et

305 1090 410 1153 est
452 1084 630 1153 talis:

629 1190 768 1259 Wir
795 1190 1083 1259 Fridrich
1114 1212 1235 1259 von
1265 1197 1442 1277 gotes
1471 1192 1722 1278 gnaden
1758 1194 2029 1279 berczeg
2060 1214 2177 1263 czu
2208 1193 2487 1263 Sachsen
2526 1194 2587 1261 d.
2613 1194 2673 1260 d.
2702 1194 2873 1261 1444
2904 1198 3063 1281 sept.
3091 1196 3173 1261 21
3205 1256 3232 1269 ,

631 1296 850 1385 (supra
891 1318 956 1365 ιι.
989 1282 1166 1381 22ὸ).

733 1404 941 1472 Intus:
986 1404 1125 1473 Wir
1166 1404 1458 1473 Fridrich
1500 1426 1624 1473 von
1680 1413 1857 1491 gotes
1901 1406 2149 1491 gnaden
2194 1406 2561 1475 Romischer
2604 1406 2803 1491 kunig
2848 1410 2965 1475 etc.
3014 1408 3076 1474 d.
3112 1408 3173 1475 d.

952 1513 1124 1577 1444
1169 1518 1328 1600 sept.
1367 1514 1452 1579 14
1497 1514 1716 1602 (supra
1757 1535 1822 1581 n.
1857 1515 2034 1596 217).

733 1616 941 1685 Intus:
998 1617 1136 1686 Wir
1189 1618 1522 1687 Frederich
1591 1619 1704 1689 der
1773 1619 1934 1687 alter
2000 1624 2117 1687 etc.
2187 1618 2248 1686 d.
2296 1618 2357 1685 d.
2405 1619 2577 1685 1443
2637 1624 2756 1687 oct.
2810 1620 2893 1685 16
2950 1620 3181 1706 (supra

947 1745 1010 1791 ιι.
1044 1726 1236 1809 216).
2995 1782 3003 1792 ,

301 1827 396 1895 Et
437 1828 590 1915 quia
629 1830 910 1917 prefatas
953 1831 1314 1918 imperiales
1360 1833 1599 1918 pariter
1643 1838 1710 1899 et
1751 1831 1994 1915 regales
2042 1850 2117 1897 ac
2145 1832 2299 1899 dicti
2330 1831 2493 1897 sacri
2538 1830 2793 1917 imperii
2838 1831 3179 1898 electorum

301 1934 552 2003 litteras
582 1936 1002 2003 donacionum
1031 1938 1290 2023 scilicet,
1335 1937 1726 2022 investiture,
1772 1938 2339 2021 renunciationum,
2385 1937 2901 2005 ratihabitionum
2936 1944 3001 2005 et
3028 1958 3177 2005 con-

301 2038 736 2109 firmationum
789 2044 1213 2132 predictarum
1259 2045 1442 2113 nobis
1485 2046 1554 2111 in
1597 2046 1991 2112 notariorum
2046 2043 2443 2131 publicorum
2498 2064 2693 2132 supra
2747 2048 2811 2111 et
2852 2044 3023 2111 infra
3064 2064 3179 2111 no-

303 2148 692 2241 minatorum
751 2156 817 2217 et
868 2150 1286 2237 plurimorum
1339 2151 1609 2218 aliorum
1667 2150 2123 2234 fidedignorum
2182 2151 2439 2217 testium
2501 2150 2584 2217 ad
2636 2150 2755 2216 hoc
2810 2155 3175 2217 vocatorum

305 2254 668 2342 specialiter
713 2262 778 2323 et
819 2262 1182 2341 rogatorum
1227 2258 1558 2345 presencia
1599 2257 1912 2324 exhibitas
1958 2262 2025 2324 et
2071 2256 2411 2344 productas
2457 2256 2920 2340 earundemque
2966 2256 3177 2339 sigilla

305 2366 550 2429 attente
593 2362 1130 2431 consideravimus
1175 2370 1240 2431 et
1281 2364 1554 2431 vidimus
1603 2383 1696 2448 ac,
1755 2364 1918 2431 sicut
1962 2362 2368 2449 premittitur,
2422 2364 2595 2449 ipsas
2640 2382 2850 2446 sanas,
2894 2363 3175 2445 integras

306 2473 376 2537 et
402 2468 637 2554 illesas,
681 2488 808 2536 non
839 2469 1128 2554 abolitae,
1172 2489 1302 2536 non
1331 2470 1614 2554 violatas,
1660 2490 1787 2537 non
1817 2469 2215 2553 cancellatas,
2260 2489 2387 2535 non
2418 2470 2675 2535 abrasas
2706 2467 2808 2534 vel
2849 2475 3175 2554 suspectas

304 2574 420 2643 sed
466 2575 639 2643 omni
681 2596 941 2663 prorsus
987 2577 1150 2645 vicio
1205 2583 1270 2644 et
1311 2576 1668 2663 suspicione
1711 2583 2027 2659 carentes,
2084 2596 2158 2643 ac
2200 2575 2541 2660 recognitis
2586 2575 2753 2641 veris
2798 2576 3021 2661 sigillis
3068 2597 3175 2642 su-

301 2681 740 2768 pradictorum
784 2682 1182 2751 dominorum
1227 2682 1534 2767 sigillatas
1577 2684 1932 2751 invenimus
1982 2691 2171 2767 atque
2214 2682 2292 2751 de
2322 2682 2511 2749 verbo
2560 2681 2640 2747 ad
2680 2681 2936 2749 verbum
2984 2682 3177 2749 simul

304 2807 450 2856 cum
495 2789 776 2875 presenti
817 2790 1232 2877 naussumpti
1275 2789 1595 2857 volumine
1638 2790 2076 2857 mandavimus
2134 2793 2199 2856 et
2239 2789 2501 2855 fecimus
2544 2788 2671 2873 legi
2724 2793 2789 2855 et
2833 2788 3175 2856 auscultari

303 2893 642 2979 diligenter
697 2897 764 2962 in
820 2901 1040 2963 nostra
1103 2898 1461 2983 presencia3
1531 2902 1596 2965 et
1661 2896 1916 2963 tandem
1983 2900 2128 2981 post
2188 2894 2553 2979 diligentem
2620 2896 3175 2980 examinationem,

305 3000 832 3069 auscultationem
891 3008 958 3069 et
1011 3002 1411 3071 collationem
1466 3002 1777 3090 presentis
1833 3002 2253 3087 transsumpti
2304 3021 2446 3069 cum
2490 3001 2719 3069 litteris
2766 3001 3177 3084 originalibus

301 3107 612 3195 predictis
655 3110 1006 3196 reperimus
1065 3114 1130 3177 et
1178 3110 1534 3177 invenimus
1588 3108 1946 3175 huiusmodi
1989 3112 2491 3194 transsumptum
2536 3128 2649 3174 seu
2694 3107 3055 3193 exemplum
3097 3108 3179 3175 de

303 3214 502 3283 verbo
547 3215 629 3281 ad
673 3214 934 3282 verbum
979 3215 1216 3301 absque
1261 3216 1588 3283 addicione
1633 3234 1748 3282 seu
1791 3214 2169 3283 detrimento
2226 3235 2369 3281 cum
2418 3214 2580 3300 ipsis
2624 3213 3035 3297 originalibus
3080 3220 3177 3281 to-

301 3320 523 3388 taliter
573 3322 954 3390 concordare
1008 3326 1073 3390 et
1123 3324 1194 3389 in
1245 3322 1420 3389 nullo
1476 3321 1728 3408 penitus
1785 3322 2174 3408 discrepare,
2239 3342 2354 3387 nos
2411 3319 2782 3389 Franciscus
2842 3320 3176 3406 episcopus

302 3424 720 3495 Warmiensis
766 3434 832 3496 et
859 3428 1328 3495 commissarius
1367 3429 1650 3515 prefatus
1681 3429 2055 3496 auctoritate
2084 3428 2260 3511 regia
2304 3426 2485 3493 nobis
2529 3426 2598 3493 in
2640 3426 2759 3493 hac
2803 3432 2985 3513 parte
3030 3446 3176 3493 con-

303 3552 490 3601 cessa
531 3554 650 3621 pro
693 3533 1000 3602 tribunali
1044 3535 1332 3602 sedentes
1377 3535 1628 3603 decreto
1673 3541 1979 3623 perpetue
2022 3534 2295 3601 valituro
2341 3536 2689 3599 statuentes
2732 3530 3001 3599 firmiter
3044 3538 3175 3601 sta-

303 3640 546 3707 tuimus
591 3645 659 3707 et
699 3640 1114 3726 decernimus,
1163 3646 1471 3727 quatenus
1523 3642 1804 3729 presenti
1847 3645 2425 3726 transsumptarum
2470 3638 2827 3707 litterarum
2873 3639 3178 3707 volumini

302 3746 502 3835 plena
543 3750 608 3813 et
651 3748 1014 3815 omnimoda
1056 3747 1211 3815 fides
1257 3747 1629 3817 adhibeatur
1673 3754 1740 3817 et
1783 3749 2067 3816 adhiberi
2112 3746 2338 3815 debeat
2378 3747 2447 3813 in
2481 3745 2977 3831 quibuscumque
3019 3746 3177 3813 loeis

305 3857 376 3920 ot
419 3852 642 3938 curiis,
697 3852 948 3921 iudiciis
1003 3859 1069 3921 et
1123 3858 1304 3921 extra
1348 3854 1512 3921 sicut
1561 3856 1720 3942 ipsis
1763 3856 1996 3923 litteris
2041 3853 2452 3940 originalibus
2497 3871 2690 3938 supra
2733 3852 3067 3940 descriptis
3114 3858 3179 3919 et

301 3960 596 4044 insertis,
653 3964 840 4045 atque
885 3963 958 4027 ut
1001 3960 1265 4027 eandem
1309 3961 1442 4027 vim
1489 3966 1554 4029 et
1595 3962 1874 4046 vigorem
1921 3962 2153 4030 habeat
2206 3966 2272 4027 et
2324 3961 2481 4027 iuris
2534 3958 2843 4026 sorciatur
2886 3957 3175 4027 effectum

305 4070 378 4134 et
418 4064 634 4133 sortiri
661 4065 888 4133 debeat
915 4086 1030 4133 ceu
1061 4066 1271 4134 littere
1302 4066 1639 4149 originales
1682 4068 1985 4155 predicte,
2030 4068 2367 4135 tribuimus
2412 4072 2476 4133 et
2518 4065 2923 4151 impartimur
2964 4072 3177 4133 aucto-

304 4172 587 4257 ritatem,
633 4173 726 4239 ita
751 4173 1048 4240 videlicet
1073 4177 1165 4256 ut,
1211 4172 1588 4258 ubicumque
1630 4174 1912 4241 locorum
1957 4194 2218 4261 presens
2247 4177 2749 4259 transsumptum
2789 4178 2921 4239 tam
2966 4172 3035 4237 in
3079 4172 3177 4239 iu-

305 4278 493 4346 diciis
523 4298 712 4364 quam
746 4284 928 4347 extra
956 4279 1182 4363 visum,
1229 4278 1576 4347 exhibitum
1609 4281 1711 4347 vel
1753 4282 2129 4367 productum
2160 4280 2371 4363 fuerit,
2421 4279 2682 4346 eandem
2711 4280 2841 4346 vim
2888 4286 2951 4347 et
2986 4278 3178 4347 robur

303 4384 659 4469 firmitatis,
706 4384 1097 4453 credulitatis
1143 4390 1208 4453 et
1250 4385 1641 4472 probationis
1689 4386 1916 4455 habeat
1962 4392 2027 4455 et
2068 4391 2312 4468 teneat,
2372 4386 2503 4453 acsi
2546 4386 2685 4471 ipse
2728 4384 2940 4453 littere
2986 4386 3179 4469 origi-

303 4492 488 4561 nales
517 4510 712 4578 supra
739 4492 1054 4579 descripte
1083 4512 1300 4559 omnes
1347 4497 1456 4559 aut
1502 4512 1582 4559 ex
1625 4494 1783 4581 ipsis
1831 4494 2046 4579 aliqua
2088 4514 2202 4561 seu
2242 4492 2453 4578 alique
2498 4496 2747 4559 ostense
2794 4497 2857 4560 et
2902 4490 3177 4559 exhibite

303 4598 692 4668 coniunctim
737 4618 850 4667 seu
893 4598 1150 4665 divisim
1190 4598 1402 4666 forent
1445 4598 1544 4665 vel
1587 4600 1890 4685 producte
1902 4597 1938 4666 ¹.
2157 4584 2163 4589 ’

521 4738 586 4800 V,
621 4738 728 4789 319
741 4737 922 4791 -352
933 4756 982 4790 v.
1128 4740 1175 4789 1.
1210 4738 1310 4790 Hic
1331 4746 1498 4789 textus
1521 4738 1707 4790 desinit
1727 4756 1824 4791 neo
1846 4739 2119 4806 sigillatum
2152 4738 2249 4789 fuit
2284 4745 2655 4789 transsumtum.
2711 4736 2971 4803 originale
3006 4744 3175 4788 trans-

305 4836 528 4882 sumtum
549 4826 804 4879 Francisci
827 4827 1068 4895 episcopi,
1105 4827 1240 4893 quod
1275 4836 1356 4879 est
1380 4827 1432 4878 in
1457 4826 1826 4893 Regimontano
1851 4828 2071 4890 archivo,
2108 4828 2231 4877 citat
2253 4826 2411 4892 Voigt
2446 4825 2547 4877 Die
2570 4826 2881 4891 Erveerbung·
2917 4825 3008 4876 der
3030 4824 3174 4876 Neu-

303 4916 470 4969 mark.
513 4914 689 4967 Berlin
717 4915 869 4969 1863.
916 4914 1020 4967 277
1047 4934 1098 4967 ιι.
1127 4916 1150 4969 l
1179 4914 1246 4969 ad
1273 4932 1462 4969 annum
1489 4914 1642 4967 1448.
1696 4916 1922 4979 quatuor
1958 4932 2188 4985 appensa
2222 4912 2389 4981 sigilla
2423 4922 2626 4981 praeter
2660 4913 2793 4966 illius
2828 4914 3177 4983 episcoporum

305 5004 513 5058 testium
550 5012 683 5057 sunt.
