3892 5609
1309 344 1610 395 Pansam.
1679 346 1866 395 Nova
1910 348 2229 397 mucan
2329 382 2355 408 ,,
3050 338 3093 409 2
3109 339 3144 410 1
3159 337 3215 411 9.

339 500 612 589 clipeum
661 522 880 569 versus
929 502 1193 569 eandem
1251 509 1528 589 partem3
1587 505 1654 571 in
1705 506 2099 573 semicirculo
2156 512 2367 574 autem
2422 508 2665 575 sinistri
2708 509 2925 575 lateris
2972 510 3205 577 iterum

338 606 548 692 figura
587 608 796 691 angeli
826 629 1046 689 versus
1089 608 1256 677 idem
1299 611 1468 679 latus
1513 612 1786 698 clipeum
1830 618 2052 681 tenens
2092 619 2158 680 et
2185 614 2303 681 hee
2333 613 2543 681 littere
2582 616 2657 686 in
2694 616 3209 683 circumforaneis

335 712 665 781 circulari:
713 712 778 780 S.
808 713 860 780 F
862 715 1114 783 riderici
1157 718 1456 785 marchio'
1489 718 1946 803 Brandeburgii
1992 700 2065 789 a¹c
2099 720 2392 805 burggra’
2430 720 2860 805 Nurembergfi
2907 742 2965 805 o,
3012 727 3085 789 ut
3112 722 3205 790 vi-

337 820 609 889 debatur
653 820 1064 908 apparebant,
1109 824 1394 908 sequitur
1437 830 1502 893 et
1544 830 1644 893 est
1683 826 1864 893 talis:

665 928 753 1015 (p.
780 926 958 1010 325.)
1020 927 1158 996 Wir
1186 929 1238 996 F
1239 931 1508 999 riderich
1541 932 1652 1001 der
1687 932 1846 1000 alter
1889 940 2008 1001 etc.
2042 935 2101 1001 d.
2128 934 2188 1001 d.
2220 934 2389 999 1443
2420 938 2540 1001 oct.
2570 936 2652 1001 16
2688 937 2910 1021 (supra
2936 954 2999 1001 n.
3025 936 3202 1018 216).

339 1033 556 1101 Tenor
583 1054 732 1101 vero
777 1039 1000 1120 quarte
1042 1036 1254 1105 littere
1282 1038 1574 1106 videlicet
1615 1040 2088 1111 ratihabicionis
2134 1046 2201 1107 et
2240 1038 2740 1107 confirmacionis
2780 1042 3207 1129 predictorum

337 1140 498 1207 dicti
541 1141 930 1208 serenissimi
971 1142 1276 1231 principis
1321 1144 1562 1212 domini
1589 1146 1898 1213 Friderici
1934 1147 2357 1213 Romanorum
2404 1146 2592 1231 regiS,
2638 1166 2785 1213 vero
2832 1149 2967 1215 eius
3009 1148 3207 1215 maie-

337 1247 529 1313 statis
573 1246 780 1331 sigillo
827 1246 906 1313 de
935 1268 1082 1315 cera
1109 1253 1426 1317 communi
1469 1252 1676 1334 glauci
1705 1253 1930 1319 coloris
1962 1254 2031 1319 in
2064 1251 2185 1318 filis
2220 1251 2473 1321 sericeis
2516 1252 2829 1319 brunatici
2862 1254 3207 1339 viridisque

338 1352 572 1419 coloris
617 1353 1022 1440 impendente
1065 1356 1358 1441 sigillato,
1402 1357 1468 1423 in
1501 1358 1677 1423 cuius
1721 1356 2052 1445 superficie
2082 1358 2161 1425 ab
2190 1378 2318 1425 una
2346 1362 2528 1444 parte
2566 1358 2746 1425 sedes
2777 1359 3006 1443 regalis
3036 1359 3205 1428 cibo·
3292 1406 3300 1421 .

337 1459 511 1527 riata
555 1478 594 1525 a
635 1459 938 1527 lateribus
983 1466 1048 1527 et
1089 1481 1340 1529 sursum
1385 1464 1817 1550 multipliciter
1859 1464 2184 1545 redimita3
2230 1464 2299 1529 in
2343 1465 2522 1532 cuius
2561 1466 2769 1533 medio
2798 1466 3009 1549 imago
3037 1466 3206 1549 regis

339 1584 580 1633 corona
621 1566 842 1649 regali,
889 1586 1085 1653 supra
1127 1588 1314 1652 quam
1361 1588 1518 1635 crux
1561 1590 1759 1656 parva
1802 1576 2120 1654 coronata,
2177 1570 2561 1639 indumentis
2604 1571 2919 1655 regalibus
2964 1572 3207 1657 induta,

337 1670 412 1737 in
444 1670 670 1737 dextra
710 1692 905 1739 manu
949 1679 1289 1759 sceptrum,
1333 1675 1400 1741 in
1431 1675 1690 1741 sinistra
1716 1696 1866 1742 vero
1907 1695 2167 1761 pomum
2203 1695 2345 1742 cum
2378 1696 2561 1744 cruce
2592 1677 2861 1764 desuper
2896 1678 3206 1764 deferens,

341 1782 414 1845 et
453 1777 524 1843 in
567 1778 792 1845 dextro
834 1777 1030 1846 latere
1074 1785 1258 1847 extra
1299 1780 1606 1848 ciborium
1653 1781 1776 1875 duo
1820 1781 2031 1867 clipei,
2074 1802 2236 1847 unus
2282 1783 2594 1868 superius,
2650 1784 2717 1850 in
2762 1805 2887 1870 quo
2934 1785 3209 1871 quinque

341 1884 700 1969 aquilarum
743 1884 944 1969 figure
983 1886 1265 1953 extensis
1310 1887 1448 1971 alis,
1495 1908 1689 1974 supra
1733 1907 1918 1972 quem
1964 1886 2205 1972 cedula,
2252 1886 2366 1955 has
2412 1890 2687 1975 quinque
2726 1891 3053 1958 continens
3100 1906 3208 1957 vo-

340 1990 514 2058 cales
557 2010 598 2057 a
642 2010 678 2058 e
721 1992 742 2057 i
789 2012 826 2059 o
872 2013 945 2074 v;
991 1992 1108 2061 sub
1153 2012 1235 2061 eo
1274 2013 1420 2059 vero
1464 1994 1586 2060 due
1629 1993 1882 2061 leonum
1936 1993 2171 2079 figura,
2230 2015 2357 2061 una
2414 1996 2594 2079 quasi
2644 1996 2831 2063 dorso
2878 2016 3026 2080 suo,
3082 1996 3209 2063 alia

341 2117 498 2164 vero
529 2102 738 2164 erecta
767 2098 1034 2185 pedibus
1063 2099 1195 2165 suis
1226 2098 1642 2166 anterioribus
1673 2100 1944 2187 clipeum
1976 2100 2243 2168 eundem
2275 2106 2731 2184 sustentantes;
2778 2102 2939 2169 alius
2968 2101 3207 2189 clipeus

339 2203 609 2271 inferius
655 2203 1130 2289 dyametraliter
1172 2206 1241 2271 in
1285 2205 1442 2272 duas
1485 2211 1700 2292 partes
1745 2207 2016 2291 divisus,
2074 2208 2141 2273 in
2198 2227 2328 2274 una
2368 2228 2587 2275 versus
2641 2209 2809 2291 regis
2864 2209 3205 2292 imaginem

340 2316 478 2379 tres
521 2310 772 2377 leonum
817 2308 1035 2395 figure,
1081 2310 1208 2378 alia
1249 2332 1469 2379 versus
1513 2313 2090 2381 circumferenciam
2136 2312 2347 2399 plana,
2392 2314 2459 2381 in
2486 2315 2665 2381 cuius
2696 2315 2901 2381 medio
2936 2316 3207 2399 quadra-

341 2421 494 2484 tura
535 2417 806 2498 elevata3
854 2416 972 2483 sub
1014 2416 1134 2483 hoc
1176 2418 1378 2503 clipeo
1422 2417 1626 2502 figura
1651 2420 1872 2503 leonis,
1920 2420 2186 2486 eundem
2216 2420 2484 2507 clipeum
2518 2422 2699 2507 quasi
2726 2422 2933 2508 capite
2962 2428 3208 2490 susten-

341 2525 574 2608 tantis,
631 2522 712 2591 ab
759 2522 978 2589 eadem
1023 2524 1219 2591 eciam
1265 2530 1450 2610 parte
1493 2526 1775 2612 ymagini
1818 2526 1987 2610 regis
2033 2528 2235 2611 magis
2282 2528 2631 2613 propinque
2687 2532 2752 2594 et
2794 2528 2862 2594 in
2905 2528 3211 2595 ciboriata

74 2659 88 2673 ·
170 2670 204 2695 ο
341 2632 498 2699 sede
542 2632 774 2698 iterum
819 2631 941 2696 duo
985 2630 1195 2717 clipei,
1241 2652 1404 2699 unus
1447 2652 1720 2717 sursum,
1767 2633 1926 2700 alius
1958 2654 2105 2700 vero
2151 2633 2463 2717 deorsum,
2507 2634 2574 2699 in
2622 2653 2885 2718 quorum
2932 2635 3213 2721 quolibet

340 2737 551 2821 figura
593 2736 801 2822 aquile
857 2737 1132 2803 extensis
1178 2738 1326 2822 alis,
1381 2739 1451 2804 in
1503 2739 1700 2807 latere
1754 2745 1965 2807 autem
2022 2741 2281 2807 sinistro
2336 2745 2517 2807 extra
2570 2740 2781 2807 sedem
2840 2741 3210 2809 ciboriatam

337 2846 575 2913 iterum
607 2843 732 2911 duo
761 2843 968 2932 clipei,
1013 2864 1176 2911 unus
1205 2846 1515 2931 superius,
1560 2847 1628 2912 in
1659 2867 1781 2931 quo
1820 2846 2024 2913 forma
2052 2847 2273 2931 leonis,
2318 2866 2515 2933 supra
2544 2866 2729 2932 quem
2761 2845 2964 2930 figura
2992 2848 3211 2915 cedule

341 2951 486 3018 sine
527 2950 760 3032 literis3
808 2950 924 3017 sub
970 2950 1172 3037 clipeo
1217 2972 1366 3019 vero
1412 2952 1535 3019 due
1577 2952 1828 3021 leonum
1872 2954 2076 3020 forme
2122 2954 2303 3038 quasi
2347 2954 2619 3041 clipeum
2665 2952 3044 3036 deferentes;
3092 2954 3209 3021 sub

339 3058 474 3125 illis
521 3062 732 3124 autem
775 3055 936 3125 alter
978 3057 1250 3144 clipeus,
1307 3058 1374 3124 in
1433 3079 1555 3143 quo
1611 3059 1812 3144 figura
1867 3059 2075 3144 aquile
2134 3061 2411 3127 extensis
2469 3060 2585 3125 alis
2599 3109 2620 3143 ,
2679 3060 2797 3127 sub
2842 3080 2965 3146 quo
3009 3059 3213 3143 figura

339 3165 548 3232 leonis
603 3163 870 3231 eundem
927 3164 995 3230 in
1039 3184 1148 3231 ore
1192 3165 1508 3247 deferens;
1565 3166 1634 3231 in
1689 3167 1908 3233 eodem
1968 3166 2168 3233 eciam
2227 3167 2427 3233 latere
2470 3166 2751 3251 ymagini
2795 3167 2962 3250 regis
3006 3168 3210 3251 magis

342 3272 702 3359 propinque
745 3276 810 3339 et
851 3270 917 3337 in
964 3269 1112 3337 sede
1157 3271 1460 3338 ciboriata
1503 3273 1732 3337 iterum
1780 3271 1903 3337 duo
1949 3272 2157 3358 clipei,
2202 3292 2365 3339 unus
2409 3272 2699 3358 superius
2726 3272 2975 3358 planus,
3022 3292 3211 3357 quem

339 3379 578 3467 planus
633 3384 872 3445 tractus
923 3396 1038 3463 per
1082 3382 1513 3445 transversum
1568 3378 1876 3463 equaliter
1933 3378 2213 3445 elevatus
2268 3378 2526 3462 dividit,
2582 3378 2653 3443 in
2705 3378 2821 3445 sub
2880 3397 2954 3445 eo
3008 3376 3213 3462 figura

341 3486 580 3567 leonis;
635 3485 750 3551 sub
795 3484 1088 3571 ymagine
1132 3504 1280 3552 vero
1325 3486 1493 3568 regis
1539 3489 1606 3552 et
1661 3485 1840 3569 quasi
1895 3485 2062 3552 inter
2117 3484 2309 3575 pedes
2366 3484 2499 3551 eius
2556 3485 2870 3568 signatum
2929 3484 3008 3552 de
3064 3504 3213 3553 cera

341 3592 546 3661 rubea
587 3592 986 3678 impressum,
1031 3592 1100 3656 in
1145 3611 1268 3676 quo
1313 3590 1512 3676 figure
1557 3596 1825 3677 quatuor
1870 3593 2149 3678 capitum
2179 3591 2359 3678 quasi
2390 3590 2714 3658 hominum
2744 3591 2812 3657 in
2842 3591 3211 3678 occipitibus

343 3700 820 3767 coniunctorum
877 3698 1070 3765 facies
1127 3718 1274 3765 suas
1331 3698 1413 3764 ad
1473 3703 1740 3783 quatuor
1783 3698 2004 3764 mundi
2057 3697 2317 3781 angulos
2376 3696 2821 3783 dirigencium3
2879 3698 2997 3766 sub
3050 3698 3213 3785 pede

349 3826 500 3874 vero
541 3806 742 3891 ipsius
787 3804 956 3870 sedis
1001 3809 1065 3871 et
1109 3804 1274 3871 dicto
1320 3809 1560 3872 secreto
1592 3804 1812 3871 cedula
1856 3824 1999 3870 cum
2044 3804 2167 3871 hiis
2212 3804 2470 3871 litteris:
2516 3804 2625 3890 qui
2654 3810 2841 3871 natus
2874 3810 2971 3873 est
3012 3806 3079 3871 in
3109 3804 3212 3872 die

342 3911 586 3981 Mathei
643 3910 760 3978 sub
821 3891 985 3977 anno
1030 3910 1269 3977 domini
1315 3931 1378 3977 m
1419 3931 1560 3979 cccc
1603 3932 1718 3993 xv3
1775 3912 1843 3977 in
1887 3912 2399 4005 circumferencia
2445 3911 2567 3977 duo
2614 3911 2833 3978 circuli
2888 3930 3031 3977 cum
3088 3910 3213 3977 hiis

339 4020 577 4087 literis:
624 4016 899 4101 sigillum
947 4017 1260 4085 maiestat.
1293 4017 1599 4085 Friderici
1628 4018 1730 4084 dei
1772 4019 1989 4101 gracia
2018 4018 2445 4084 Romanorum
2476 4018 2641 4102 regis
2684 4037 2932 4103 semper
2963 4018 3215 4100 augusti

341 4128 524 4195 ducis
568 4124 826 4193 Austrie
871 4121 1064 4189 Stirie
1107 4122 1438 4191 Karinthie
1483 4130 1546 4191 et
1591 4123 1882 4191 Carniole
1927 4126 2301 4210 comitisque
2332 4124 2561 4191 Tirolis
2594 4130 2709 4191 etc.
2779 4124 2851 4191 In
2898 4123 3025 4190 alia
3062 4143 3211 4191 vero

341 4240 528 4322 parte
573 4232 724 4299 dicti
769 4230 1119 4297 maiestatis
1165 4230 1357 4315 sigilli
1403 4236 1646 4317 septem
1691 4232 2099 4315 semicirculi,
2157 4251 2423 4316 quorum
2482 4232 2911 4299 extremitates
2966 4231 3033 4296 in
3079 4230 3213 4313 glo-

342 4340 494 4407 bulo
539 4338 740 4405 lilium
790 4336 1108 4404 deferente
1165 4358 1234 4405 se
1285 4338 1685 4422 contingunt3
1744 4338 1810 4403 in
1856 4358 2123 4423 quorum
2170 4337 2376 4404 medio
2420 4336 2625 4422 figura
2669 4336 2877 4423 aquile
2935 4337 3213 4403 extensis

341 4446 499 4530 alis,
553 4464 750 4530 supra
803 4445 980 4511 cuius
1027 4450 1220 4531 caput
1273 4443 1702 4511 semicirculus
1759 4462 1951 4528 unus,
2008 4444 2077 4509 in
2125 4464 2247 4530 quo
2294 4444 2565 4530 clipeus,
2623 4444 2691 4510 in
2734 4463 2857 4527 quo
2916 4441 3211 4529 pluvialis

339 4551 670 4639 cappellus
716 4550 797 4617 ad
851 4552 1055 4617 instar
1109 4550 1539 4638 cappellorum
1595 4550 1983 4636 prelatorum
2030 4570 2192 4617 zona
2236 4555 2300 4617 et
2354 4549 2543 4617 toldis
2558 4545 2961 4633 ‘redimitus,
3020 4568 3216 4635 supra

341 4679 535 4745 quem
577 4658 848 4745 clipeum
893 4658 1077 4741 galea
1119 4662 1416 4724 coronata
1445 4662 1688 4724 tectura
1716 4657 1894 4739 galee
1923 4658 2405 4741 circumornata,
2452 4662 2517 4723 et
2544 4676 2739 4743 supra
2766 4656 2943 4722 illam
2972 4655 3215 4739 galeale

341 4766 596 4849 signum
643 4764 826 4848 quasi
869 4762 1070 4830 rotale
1116 4762 1266 4831 dicti
1311 4762 1538 4851 capelli
1581 4762 1846 4847 figuram
1893 4766 1963 4829 in
2007 4762 2337 4849 superficie
2382 4762 2649 4845 habens;
2706 4763 2775 4829 in
2821 4762 3211 4829 semicirculo
3268 4802 3285 4817 ι

339 4870 710 4939 immediate
753 4870 872 4937 sub
917 4890 990 4937 eo
1037 4875 1102 4937 et
1144 4870 1418 4938 secundo
1447 4890 1488 4937 a
1517 4871 1757 4937 dextris
1801 4872 2032 4937 iterum
2078 4870 2317 4957 clipeus
2362 4872 2431 4937 in
2476 4869 2632 4937 duas
2677 4874 2891 4956 partes
2938 4868 3211 4956 equales,

341 4976 642 5047 videlicet
685 4977 765 5045 ab
811 4977 1040 5061 angulo
1088 4983 1270 5045 acuto
1316 4978 1573 5047 sinistro
1621 4978 1702 5045 ad
1747 4977 2045 5063 angulum
2092 4978 2385 5045 obtusum
2431 4998 2472 5044 a
2497 4975 2739 5043 dextris
2782 4997 2897 5063 per
2940 4980 3211 5043 tractum
