3892 5609
1135 360 1363 407 ranna
1411 354 1693 407 serron.
1765 360 2098 409 annuum.
2170 358 2437 408 mnus
3120 350 3163 423 8
3178 349 3216 419 1

345 520 673 585 carnation
723 524 940 586 nostre
987 519 1237 603 seignor
1279 518 1477 587 Jhesu
1522 516 1694 586 Grist
1736 540 1802 587 m
1850 524 1915 585 et
1960 536 2031 585 00
2076 523 2141 585 01
2182 516 2321 585 xlix
2374 517 2435 585 le
2480 516 2698 585 derain
2746 519 2851 603 jor
2895 517 3021 585 dou
3066 519 3222 586 meis

345 623 593 691 d'avril.
1205 630 1228 671 ⁹

559 747 652 810 111,
691 746 810 799 158.
1019 748 1066 799 1.
1103 747 1198 799 bis.

354 1012 528 1083 101.
572 1016 749 1082 1252
776 1018 909 1081 ian.
931 1014 1013 1081 11
1045 1016 1323 1081 Perusii.
1377 1014 1776 1080 Innocentius
1803 1038 1985 1101 papa
2011 1016 2057 1081 I
2066 1016 2123 1081 V
2140 1016 2521 1081 IAddensem
2552 1019 2911 1103 episcopum
2942 1030 3001 1082 et
3026 1016 3221 1081 Beth-

572 1122 966 1187 leemitanum
1012 1123 1266 1187 electum
1309 1122 1479 1187 iubet
1506 1122 1867 1187 E'bronensi
1893 1122 2185 1187 ecclesiae
2214 1123 2430 1187 ablata
2472 1125 2543 1189 in
2589 1125 2688 1187 ius
2736 1125 2867 1187 eius
2911 1146 3219 1187 revocare.

569 1262 971 1329 Innocentius
1019 1262 1351 1349 episcopus
1385 1282 1603 1329 servus
1635 1282 1961 1329 servorum
1994 1262 2095 1329 dei
2125 1262 2472 1329 venerabili
2516 1264 2701 1329 fratri
2747 1264 3041 1350 episcopo
3072 1263 3225 1329 Lid-

347 1369 522 1435 densi
556 1374 620 1434 et
651 1368 878 1435 dilecto
908 1367 1038 1435 filio
1071 1367 1266 1435 electo
1295 1368 1760 1436 Bethlemitano
1799 1371 2068 1437 salutem
2117 1375 2181 1437 et
2226 1368 2639 1455 apostolicam
2672 1368 3172 1437 benedictionem
3185 1368 3219 1437 ¹.

345 1474 506 1541 Cum
537 1475 941 1542 ecclesiarum
973 1476 1266 1561 dampnis
1296 1496 1682 1561 nequeamus
1713 1478 1954 1563 passim
1987 1496 2313 1542 occurrere
2358 1476 2773 1563 precavend0‚
2822 1478 2975 1563 quin
3006 1498 3222 1544 earum

343 1583 514 1649 bona
542 1602 922 1668 quamquam
959 1583 1169 1649 minus
1203 1581 1376 1648 licite
1409 1582 1862 1669 distrahantur,
1909 1583 2221 1667 convenit,
2267 1588 2340 1647 ut
2369 1582 2914 1669 dampnificationi
2948 1604 3221 1669 congruo

342 1690 622 1756 remedio
657 1708 1112 1755 succurramus,
1185 1688 1343 1755 Cum
1383 1688 1598 1774 igitur,
1644 1691 1809 1757 sicut
1849 1711 1927 1757 ex
1976 1694 2153 1776 parte
2186 1688 2563 1757 venerabilis
2594 1690 2811 1757 fratris
2842 1693 3045 1757 nostri
3090 1692 3223 1778 epi-

345 1798 522 1883 scopi
564 1804 629 1863 et
660 1795 918 1881 capituli
949 1794 1335 1861 Ebronensis
1380 1795 1503 1861 fuit
1545 1797 1938 1882 propositum
1974 1815 2185 1861 coram
2214 1796 2419 1880 nobie,
2466 1794 2669 1863 multa
2699 1796 2775 1862 de
2805 1797 2988 1864 bonis
3020 1798 3224 1864 Ebro-

344 1905 560 1970 nensis
593 1901 854 1970 ecclesie
886 1901 1160 1967 alienata
1205 1902 1335 1967 sint
1372 1901 1590 1969 illicite
1623 1906 1687 1969 et
1716 1902 2040 1987 distracta,
2088 1902 2459 1970 discrecioni
2492 1909 2700 1970 vestre
2730 1925 2846 1991 per
2874 1904 3225 1992 apostolica

347 2010 588 2095 scripta
631 2009 1038 2092 mandamus,
1099 2013 1407 2094 quatenus
1466 2007 1740 2075 alienata
1787 2030 1898 2075 seu
1945 2010 2249 2077 distracta
2292 2010 2651 2076 huiusmodi
2698 2011 2778 2077 ad
2822 2011 2923 2077 ius
2969 2018 3032 2078 et
3077 2033 3224 2099 pro-

344 2117 685 2201 prietatem
728 2117 930 2203 ipsius
979 2114 1238 2182 ecclesie
1282 2108 1564 2199 legitime
1607 2116 1943 2200 revoceti8‚
1998 2138 2125 2184 non
2172 2117 2567 2185 obstantibus
2616 2117 2928 2203 aliquibus
2975 2138 3223 2204 posses-

347 2222 630 2289 sionibus
685 2223 1124 2293 instrumentis
1182 2242 1295 2289 seu
1350 2221 1578 2289 litteris
1639 2222 2111 2309 quibuscunque
2166 2225 2455 2311 personis
2514 2226 2825 2291 concessis
2883 2224 2985 2291 vel
3040 2225 3221 2312 penis

346 2330 610 2396 adiectis
659 2335 768 2396 aut
810 2329 1202 2415 interpositis
1248 2330 1618 2395 iuramentis
1677 2334 1742 2396 et
1799 2330 2380 2397 confirmationibus
2426 2331 2515 2407 ‚ab
2571 2331 2919 2417 apostolica
2962 2333 3109 2398 sede
3154 2332 3223 2398 in

346 2437 666 2502 communi
720 2436 924 2502 forma
981 2435 1254 2503 obtentis
1315 2442 1378 2502 et
1433 2438 1881 2504 constitutione
1934 2438 2013 2503 de
2068 2437 2309 2504 duabus
2367 2438 2552 2505 dietis
2610 2438 2781 2505 edita
2834 2438 2901 2504 in
2958 2437 3222 2505 concilio

343 2542 645 2627 generali,
693 2543 1032 2609 dummodo
1067 2541 1238 2609 ultra
1265 2544 1520 2609 tertiam
1551 2544 1652 2609 vel
1683 2548 1975 2628 quartam
2023 2551 2203 2611 extra
2250 2565 2426 2612 suam
2476 2544 2775 2611 diocesim
2826 2543 3027 2611 altera
3070 2565 3221 2631 pars

347 2649 427 2715 ad
472 2650 775 2716 iudicium
821 2670 946 2715 non
993 2650 1300 2734 trahatur,
1349 2651 1842 2716 contradictores
1886 2671 2003 2738 per
2034 2671 2367 2717 censuram
2403 2651 2891 2718 ecclesiasticam
2938 2651 3222 2738 appella-

345 2757 517 2823 tione
575 2757 930 2843 postposita
984 2757 1456 2843 compescenda
1545 2756 1782 2835 Quodsi
1837 2777 1962 2824 non
2022 2758 2207 2824 ambo
2262 2757 2387 2823 hiis
2444 2758 2827 2843 exequendis
2881 2758 3219 2844 potueritis

343 2862 670 2947 interesse,
717 2863 876 2929 alter
908 2869 1185 2929 vestrum
1236 2882 1312 2928 ea
1354 2862 1800 2930 nichilominus
1847 2856 2213 2950 exequatur:
2281 2862 2516 2932 Datum
2547 2864 2793 2931 Perusii
2828 2865 2924 2931 iii⁰
2948 2865 3092 2931 idus
3126 2864 3221 2930 ia-

343 2969 554 3035 nuarii
603 2968 1004 3055 pontificatus
1049 2969 1252 3037 nostri
1297 2989 1461 3035 anno
1507 2970 1618 3035 ix⁰.

559 3092 853 3145 continetur
887 3094 939 3145 in
975 3110 1027 3144 11.
1057 3091 1175 3144 104.
1359 3092 1404 3143 1.
1443 3099 1538 3143 etc.
1575 3110 1667 3158 pro
1705 3101 1758 3143 et
1793 3112 1840 3145 a.
1866 3094 1936 3155 b„
1974 3092 2111 3159 quod
2146 3101 2227 3145 est
2260 3092 2313 3145 111
2349 3110 2399 3145 11.
2424 3091 2540 3144 102.

352 3358 524 3429 102.
568 3360 745 3427 1253
787 3364 1008 3426 martii
1046 3361 1093 3426 8
1139 3360 1358 3447 Ioppe.
1425 3358 1754 3425 Arnoldus
1789 3359 2131 3426 Liddensis
2178 3364 2507 3447 epiecopus
2554 3372 2612 3426 et
2658 3357 2736 3427 G'.
2770 3360 3213 3427 Bethleemita-

563 3490 684 3532 nus
717 3468 938 3533 electus
970 3468 1288 3532 Matthaeo
1322 3468 1622 3531 canonico
1655 3478 1712 3531 et
1736 3469 2136 3552 praeceptori
2162 3468 2495 3533 Dominiei
2524 3466 2826 3553 Sepulcri
2847 3480 3062 3534 notum
3086 3468 3212 3552 fa-

566 3577 742 3640 ciunt
781 3596 846 3639 se
887 3576 1192 3660 recepisse
1221 3574 1580 3639 Innocentii
1615 3595 1832 3660 papae
1860 3574 1907 3638 I
1913 3574 1973 3639 V
1999 3574 2247 3639 hulla-m
2291 3596 2490 3659 supra
2534 3596 2597 3637 n.
2632 3572 2786 3654 101,
2836 3596 3029 3660 quam
3074 3596 3214 3639 exe-

567 3683 880 3767 quendam
924 3684 984 3746 ei
1027 3684 1432 3747 committunt.

565 3820 884 3888 Arnoldus
917 3820 1017 3886 dei
1061 3822 1269 3905 gratia
1313 3821 1515 3887 sancti
1548 3818 1805 3904 Georgii
1834 3820 2167 3887 Liddensis
2209 3821 2542 3907 episcopus
2584 3825 2649 3888 et
2679 3816 2775 3887 G.¹
2806 3820 3023 3888 eadem
3070 3842 3214 3905 gra-

339 3928 430 3994 tia
473 3926 972 3994 Bethlemitanus
1020 3926 1254 3994 electus
1300 3927 1569 3993 discreto
1629 3933 1694 3994 et
1737 3926 2083 3994 venerabili
2129 3927 2266 3993 viro
2311 3927 2561 3994 Matheo
2609 3928 2907 3995 canonico
2954 3934 3019 3995 et
3068 3950 3213 4015 pre-

339 4034 582 4121 ceptori
610 4033 928 4099 Dominici
961 4032 1289 4119 Sepulchri
1334 4035 1402 4100 in
1447 4054 1594 4101 vero
1641 4034 1905 4100 salutari
1952 4034 2238 4100 salutem.
2321 4034 2639 4101 Noveritis
2686 4056 2801 4101 nos
2845 4036 3215 4102 mandatum

341 4140 756 4227 apostolicum
785 4141 1100 4227 recepisse
1129 4141 1198 4206 in
1227 4140 1346 4206 hac
1374 4142 1608 4207 forma:
1661 4142 2229 4226 „Innocentius
2276 4142 2607 4229 episeopus
2640 4162 2856 4208 servus
2888 4164 3212 4210 servorum

339 4248 441 4314 dei
487 4246 832 4314 venerabili
877 4248 1061 4313 fratri
1108 4247 1402 4334 episcopo
1447 4248 1750 4315 Liddensi
1806 4254 1871 4315 et
1915 4248 2143 4315 dilecto
2187 4248 2319 4314 filio
2366 4248 2562 4315 electo
2602 4248 3066 4317 Bethlemitano
3111 4272 3214 4317 sa-

335 4356 536 4423 lutem
597 4360 662 4421 et
715 4354 1123 4441 apostolicam
1182 4352 1701 4423 benedictionem.
1797 4355 1957 4423 Cum
2017 4354 2425 4423 ecclesiarum
2480 4356 2771 4443 dampnis
2828 4378 3213 4441 nequeamus

334 4460 578 4549 passim
611 4481 938 4529 occurrere
981 4460 1395 4548 premendo,
1444 4463 1595 4547 quin
1625 4483 1844 4529 earum
1875 4460 2083 4530 bona“
2118 4468 2233 4529 etc.
2270 4462 2434 4530 sicut
2477 4463 2541 4527 in
2589 4463 2807 4549 papali
2849 4464 3063 4530 littera
3107 4485 3212 4530 su-

335 4570 550 4655 perius
599 4569 953 4635 continetur
965 4565 1008 4633 ².
1080 4567 1314 4634 Verum
1362 4588 1500 4635 cum
1549 4590 1666 4636 nos
1711 4569 1879 4657 apud
1927 4569 2167 4656 Ioppen
2210 4570 2443 4635 morari
2491 4575 2781 4656 oporteat
2822 4571 2889 4636 in
2934 4570 3213 4635 exercitu

335 4675 714 4759 christiano,
773 4694 967 4760 quare
1013 4675 1090 4740 de
1139 4675 1570 4758 questionibus
1617 4682 1682 4743 et
1727 4675 1999 4761 querelis
2044 4676 2273 4765 prefati
2322 4676 2604 4762 episcopi
2662 4682 2725 4743 et
2771 4676 2903 4741 eius
2951 4674 3213 4759 capituli

336 4782 755 4869 personaliter
803 4782 882 4847 ad
929 4801 1189 4867 presens
1235 4802 1610 4864 cognoscere
1655 4804 1782 4849 non
1825 4782 2169 4867 valeamus,
2225 4780 2591 4849 discretioni
2632 4787 2841 4849 vestre
2884 4782 3051 4849 vices
3098 4801 3211 4848 110-

337 4895 504 4956 stras
550 4888 1031 4955 committendas
1069 4888 1364 4955 duximus
1409 4890 1476 4955 in
1521 4889 1642 4955 hac
1685 4894 1889 4975 parte,
1938 4888 2275 4956 diffinitiva
2304 4890 2485 4957 nobis
2518 4890 2839 4958 sentencia
2868 4893 3207 4955 reservata.

339 4994 644 5075 Quocirca
685 4994 864 5061 vobis
908 4996 1280 5063 auctoritate
1328 5016 1452 5081 qua
1495 4997 1818 5080 fungimur
1863 4997 2268 5085 precipiendo
2316 4998 2713 5083 mandamus,
2762 5002 3069 5082 quatenus
3102 5016 3212 5063 vo-

2752 5111 2788 5166 6
