3892 5609
801 250 826 291 Ι

709 332 861 403 324
1156 323 1164 331 “
1685 342 2113 392 rom-mcum
2155 342 2600 393 nonnosum

705 498 804 569 et²
835 521 950 588 pro
995 501 1381 568 transitoriis
1426 500 1538 567 dat
1580 506 1812 569 eterna.
1872 502 1959 569 Ut
2001 503 2197 586 igitur
2227 522 2337 569 vos
2368 502 2624 589 possitis
2653 501 2841 568 huius
2870 501 3309 567 retributionis
3342 500 3587 586 premia

701 610 1080 697 promereri,
1143 609 1221 674 ad
1277 608 1654 675 mittendum
1701 614 1908 676 vestre
1965 609 2393 676 subventionis
2422 609 2803 676 -subsidium
2852 613 3023 675 terre
3076 614 3295 675 sancte
3350 606 3585 673 hilares

702 736 812 781 vos
860 714 1188 781 ostendere
1234 715 1495 799 debetis,
1543 721 1625 798 et,
1673 716 1780 801 qui
1815 716 1895 782 ad
1931 716 2212 783 eiusdem
2246 722 2415 811 terre
2448 734 2809 783 succursum
2843 715 3133 782 laborare
3164 712 3587 802 personaliter

700 843 827 890 non
875 823 1161 909 potestis,
1210 822 1343 888 eius
1389 820 1613 889 saltem
1661 823 2091 890 defensoribus
2140 828 2204 889 et
2248 823 2819 909 propugnatoribus
2865 842 3089 890 manus
3118 822 3317 889 vestri
3364 819 3587 887 auxilii

701 930 1062 1017 porrigatis,
1123 928 1610 997 Universitatem
1645 935 1919 996 vestram
1964 931 2179 1014 itaque
2208 930 2550 1013 rogandam
2595 930 2889 995 duximus
2921 936 2985 995 et
3019 929 3425 1010 monendam,
3470 946 3589 1013 per

703 1036 1050 1123 apostolica
1096 1036 1333 1121 scripta
1365 1037 1539 1103 vobis
1587 1037 1959 1103 mandantes
2007 1042 2071 1103 et
2112 1036 2181 1102 in
2225 1036 2661 1103 remissionem
2692 1037 3122 1123 peccaminum
3156 1034 3587 1117 iniungentes,

703 1144 998 1228 quatinus
1056 1142 1299 1208 dilectis
1355 1142 1502 1208 filiis
1557 1143 1856 1210 fratribus
1921 1145 2142 1210 domus
2198 1149 2412 1209 sancte
2469 1142 2669 1209 Marie
2716 1142 3271 1227 Theotonioorum,
3332 1142 3447 1227 qui
3506 1140 3591 1205 ad

699 1249 1194 1335 recuperandam
1241 1253 1305 1314 et
1349 1248 1804 1315 defendendam
1851 1255 2082 1317 terram
2132 1250 2480 1337 predictam
2526 1249 2817 1316 laborare
2859 1250 3009 1315 totis
3039 1250 3280 1316 viribus
3312 1268 3447 1314 non
3476 1246 3589 1313 de-

701 1358 966 1439 sistunt,
1021 1356 1087 1421 in
1134 1376 1352 1422 eorum
1397 1356 1752 1423 confratriis
1801 1358 2227 1442 assumendis,
2275 1357 2499 1441 legatis
2548 1363 2612 1424 et
2656 1357 2797 1423 aliis
2846 1356 3161 1424 beneficiis
3208 1353 3587 1422 exhibendis

700 1406 984 1529 habeatis
1039 1483 1156 1549 pro
1203 1463 1304 1529 dei
1352 1468 1416 1529 et
1464 1468 1683 1529 nostra
1727 1466 2091 1531 reverencia
2134 1465 2370 1551 pietate
2416 1463 2605 1529 solita
2650 1463 3148 1547 commendatos,
3210 1461 3582 1545 diligentius

703 1570 1128 1653 attendente8‚
1187 1569 1355 1655 quod
1408 1569 1562 1636 dicti
1612 1570 1841 1638 fratres
1887 1577 2190 1657 tanquam
2238 1570 2452 1638 fideles
2500 1572 2855 1638 animarum
2898 1573 3254 1637 vestrarum
3302 1568 3585 1635 ministri

700 1696 828 1742 non
876 1682 1165 1761 querunt,
1214 1697 1334 1761 que
1379 1697 1496 1743 sua
1539 1683 1705 1761 sunt,
1753 1678 1866 1745 sed
1911 1698 2032 1764 que
2077 1678 2261 1745 Ihesu
2308 1677 2563 1763 Christi,
2616 1698 2744 1744 non
2790 1678 2912 1745 sibi
2930 1650 3397 1744 'tantummodo
3443 1674 3581 1740 the-

704 1784 1048 1867 saurizant,
1095 1782 1207 1849 sed
1250 1784 1580 1851 facultates
1613 1790 1852 1851 vestras
1893 1782 2165 1852 fideliter
2194 1785 2429 1852 Christi
2458 1785 2843 1872 pauperibus
2874 1783 3378 1865 subministrant,
3426 1800 3583 1867 quo-

699 1909 842 1955 rum
889 1908 1116 1955 manus
1159 1890 1228 1955 in
1271 1890 1588 1957 thesauris
1636 1890 1968 1957 celestibus
2016 1912 2121 1959 eas
2169 1893 2465 1975 condunt,
2510 1892 2620 1959 ubi
2665 1912 2783 1959 nec
2828 1911 3019 1974 erugo
3050 1890 3439 1957 exterminat
3464 1907 3581 1954 nec

701 1996 875 2063 tinea
917 1996 1272 2063 demolitur.
1334 1996 1464 2063 Nos
1514 1998 1682 2064 enim
1729 1997 1806 2063 de
1853 1998 2179 2065 beatorum
2226 1997 2647 2085 apostolorum
2681 1997 2853 2065 Petri
2898 2002 2963 2064 et
2989 1996 3170 2065 Pauli
3200 1997 3581 2063 auctoritate

701 2102 920 2169 confisi
975 2103 1296 2208 omnibus,
1359 2104 1465 2203 qui
1523 2105 1602 2170 de
1655 2104 2057 2171 facultatibus
2114 2105 2236 2172 sibi
2290 2105 2533 2171 collatis
2581 2126 2618 2171 a
2663 2105 2779 2171 deo
2822 2104 3124 2171 fratribus
3170 2101 3583 2169 subvenerint

702 2211 1035 2277 antedictis
1085 2216 1147 2276 et
1189 2211 1259 2276 in
1303 2216 1433 2277 tam
1481 2215 1702 2277 sancta
1745 2212 2139 2277 fraternitate
2185 2212 2521 2279 statuerint
2566 2232 2632 2278 se
2678 2209 2949 2295 collegas
3004 2213 3219 2295 eisque
3274 2207 3581 2280 beneficia

699 2316 1122 2405 persolverint
1167 2320 1512 2401 annuatim,
1561 2319 1898 2405 septimam
1927 2323 2175 2404 partem
2206 2319 2485 2385 iniuncte
2518 2318 2872 2404 penitencie
2902 2317 3281 2384 relaxamus.
3340 2316 3579 2383 Datum

699 2422 1000 2491 Laterani
1043 2444 1188 2490 uon.
1222 2425 1495 2491 ianuarii
1539 2424 1938 2543 pontificatus
1985 2426 2185 2492 nostri
2232 2445 2396 2492 anno
2444 2426 2731 2512 septime.

917 2563 1041 2615 Sine
1076 2564 1218 2615 dato:
1263 2565 1329 2616 R.
1355 2567 1388 2615 ὃ
1435 2582 1465 2615 e
1513 2564 1661 2617 domo
1696 2565 2137 2632 Norimbergensi3
2183 2566 2276 2617 sed
2308 2567 2487 2617 missa:
2531 2564 2951 2631 „archiepiscopis
2988 2566 3115 2615 etc.“
3167 2564 3247 2625 II,
3272 2563 3346 2615 98
3358 2580 3406 2613 v·
3444 2580 3495 2613 ιι.
3510 2562 3580 2615 32

705 2662 760 2704 et
795 2652 858 2704 A.
883 2653 954 2703 20
989 2670 1040 2702 n.
1064 2652 1133 2702 32
1177 2654 1356 2704 Latine
1402 2663 1455 2704 et
1481 2654 1788 2715 ¹Germanice
1836 2670 1947 2705 cum
1995 2664 2143 2705 nota:
2193 2654 2261 2705 Et
2308 2664 2387 2705 est
2426 2654 2481 2705 in
2514 2653 2761 2719 Marpurg
2796 2663 2921 2714 etc.;
2970 2652 3035 2705 D.
3061 2653 3125 2703 31
3166 2651 3488 2703 Germanice.
3516 2680 3577 2689 -

708 2743 832 2793 Cum
867 2740 1014 2792 dato:
1063 2740 1301 2792 Laterani
1335 2759 1453 2794 non.
1478 2742 1671 2793 ianuar.
1708 2759 1759 2808 p.
1785 2759 1836 2792 n.
1861 2760 1907 2793 a.
1934 2740 1997 2803 '73
2044 2743 2107 2793 A.
2134 2742 2198 2793 16
2234 2761 2284 2808 p.
2310 2742 2375 2793 61
2421 2743 2501 2807 „in
2536 2742 2834 2808 Marpurg“.
2874 2770 2935 2779 ——
2988 2742 3111 2791 Cum
3148 2740 3293 2791 dato:
3344 2738 3581 2789 Laterani

705 2829 774 2881 id.
801 2831 993 2880 ianuar.
1030 2846 1081 2895 p.
1106 2846 1156 2879 n.
1185 2848 1230 2880 a.
1259 2828 1319 2890 7;
1357 2830 1420 2880 R.
1446 2829 1546 2881 197
1583 2829 1726 2880 dubii
1757 2829 1880 2890 loci3
1919 2830 1983 2881 A.
2006 2830 2071 2881 16
2107 2847 2157 2897 p.
2184 2831 2284 2881 106
2325 2832 2623 2897 „Traiecti“.
2649 2861 2708 2869 —
2752 2830 2877 2880 Cum
2900 2830 3048 2881 dato:
3084 2828 3325 2879 Laterani
3360 2827 3397 2877 2
3420 2844 3581 2878 nonu

705 2920 833 2970 febr.
871 2936 922 2983 p.
947 2936 997 2989 n.
1025 2936 1071 2969 a.
1111 2916 1160 2968 7.
1217 2917 1269 2979 1,
1294 2916 1380 2968 71.
1417 2948 1480 2956 -
1533 2918 1656 2969 Oum
1693 2918 1840 2970 dato:
1887 2920 2076 2970 Tibure
2110 2920 2145 2969 2
2182 2918 2274 2971 eal.
2310 2921 2432 2971 iunii
2472 2937 2523 2988 p.
2560 2938 2611 2971 n.
2649 2938 2694 2971 a.
2720 2918 2755 2969 9
2800 2920 2865 2969 A.
2902 2917 2966 2968 16
3012 2936 3065 2984 p.
3090 2916 3159 2967 93
3206 2916 3579 2981 „Mechilinia“.

705 3006 994 3072 originale,
1042 3005 1108 3057 de
1153 3022 1252 3072 quo
1297 3006 1434 3056 bulla
1476 3006 1678 3069 avulsa,
1719 3008 1973 3073 quondam
2009 3008 2277 3059 Veteribus
2312 3008 2506 3069 Iuncis,
2552 3023 2686 3058 nunc
2729 3008 2781 3058 in
2818 3007 3020 3059 archivo
3056 3006 3247 3057 ordinis
3282 3002 3579 3057 Theutoniei

706 3094 1057 3147 vindobonae.
1241 3095 1286 3145 1.
1323 3104 1492 3145 autem
1527 3094 1593 3146 11.
1773 3095 1822 3145 2.
1861 3096 2008 3147 deest
2042 3096 2107 3148 11.

714 3457 807 3530 37
825 3460 889 3529 1.
932 3461 1109 3528 1223
1136 3462 1494 3528 ianuar.12
1521 3460 1849 3529 Laterani.
1898 3462 2226 3529 Honorius
2249 3463 2371 3529 III
2392 3466 2615 3551 repetit
2640 3486 2705 3528 n.
2730 3462 2865 3561 323
2896 3462 2973 3526 de
2996 3460 3169 3528 1221
3198 3405 3577 3527 ianuar-17.

931 3601 1246 3669 Honorius
1295 3607 1408 3669 etc.
1681 3602 1839 3668 Cum
1900 3623 1939 3668 a
1992 3604 2429 3688 religiosorum
2488 3608 2604 3671 etc.
2696 3602 2935 3670 Datum
2979 3600 3282 3669 Laterani
3336 3602 3389 3667 ii
3438 3601 3577 3667 idus

707 3710 980 3777 ianuarii
1025 3708 1426 3797 pontificatus
1470 3709 1671 3776 nostri
1717 3730 1880 3776 anno
1921 3712 2211 3797 septime.

716 4046 891 4117 372.
937 4049 1118 4117 1223
1147 4052 1398 4114 ianuar.
1425 4050 1518 4116 12
1543 4048 1871 4114 Laterani.
1927 4050 2254 4116 Honorius
2279 4048 2405 4115 III
2424 4052 2647 4137 repetit
2672 4070 2737 4113 n.
2756 4048 2891 4115 369
2920 4048 2999 4113 de
3028 4047 3207 4114 1223
3232 4049 3489 4112 ianuar.
3514 4047 3573 4111 4.

931 4190 1248 4258 Honorius
1305 4195 1420 4256 etc.
1695 4188 1966 4257 Gravem
2027 4190 2398 4257 dilectorum
2456 4194 2573 4258 etc.
2677 4188 2913 4257 Datum
2972 4186 3273 4256 Laterani
3334 4188 3382 4253 ii
3440 4186 3577 4253 idus

707 4297 978 4365 ianuarii
1024 4296 1426 4383 pontificatus
1471 4297 1673 4364 nostri
1719 4317 1881 4363 anno
1927 4298 2217 4383 septimo.

716 4624 756 4695 3
770 4625 809 4695 7
825 4624 892 4694 3.
932 4628 1109 4693 1223
1136 4630 1389 4693 ianuar.
1416 4628 1505 4693 12
1533 4626 1857 4692 Laterani.
1905 4625 2231 4691 Honorius
2254 4625 2379 4692 III
2399 4628 2622 4713 repetit
2648 4649 2712 4689 n.
2726 4625 2859 4691 309
2890 4626 2967 4689 de
2988 4626 3161 4691 1221
3193 4628 3446 4690 ianuar.
3473 4627 3534 4689 9.

933 4766 1250 4834 Honorius
1309 4773 1426 4834 etc.
1661 4765 1890 4833 Vestra
1945 4763 2167 4851 religio
2226 4773 2343 4835 etc.
2435 4766 2690 4854 Datum·
2724 4764 3022 4832 Laterani
3080 4766 3127 4831 ii
3180 4766 3265 4831 id.
3308 4764 3577 4831 ianuarii

711 4873 1111 4959 pontificatus
1151 4875 1353 4941 nostri
1393 4894 1556 4939 anno
1599 4874 1889 4960 septimo.
