3892 5609
674 302 708 369 1
724 255 821 370 74
1062 269 1075 281 “
1691 307 2113 357 numm.
2182 307 2496 358 sonsum

664 469 819 536 huld
860 469 990 536 und
1034 469 1201 552 gnad
1244 469 1449 536 haben
1494 461 1684 552 getan
1728 469 1857 536 und
1903 469 2062 536 auch
2113 468 2433 554 genczlich
2476 466 2793 536 vervallen
2839 466 2974 533 sein
3019 464 3132 532 der
3174 485 3364 552 pecu,
3425 462 3544 528 die

664 579 734 643 in
778 577 888 644 des
932 576 1325 660 obgenanten
1368 595 1589 644 unsers
1633 581 1879 643 vettern
1924 576 2193 660 berezog
2235 577 2496 644 Rudolfs
2541 575 2709 643 brief
2757 572 3122 659 geschribeu
3168 577 3348 656 stett,
3405 571 3544 636 mit

664 685 917 750 urkund
946 685 1056 750 des
1086 684 1300 750 briefs.
1355 682 1567 751 Geben
1600 706 1681 750 zu
1708 683 2005 771 Laybach
2038 705 2118 751 an
2149 686 2351 768 eritag
2379 684 2540 750 nach
2571 682 2773 750 sannd
2793 679 3198 747 Laurenczen
3225 683 3335 762 tag
3363 675 3543 743 nach

664 791 873 859 Krists
916 792 1193 878 gepurde
1223 791 1861 859 vierczehenhundert
1890 791 1997 876 jar
2041 791 2314 858 darnach
2359 791 2448 857 im
2489 793 2628 858 ains
2657 789 2786 856 und
2817 787 3326 871 zwainczigisteu
3359 785 3539 870 jare.

879 931 969 996 VI,
1006 931 1111 986 360
1122 950 1170 984 v-

676 1289 848 1362 193.
889 1292 1065 1358 1424
1120 1313 1264 1378 any.
1298 1292 1387 1356 12
1440 1295 1511 1356 in
1566 1307 1770 1358 castro
1824 1305 2038 1357 nostro
2083 1291 2378 1357 Homeck
2427 1285 2902 1376 Herbapolensis
2956 1289 3238 1353 diocesis.
3323 1287 3540 1352 Eber-

888 1399 1126 1463 harduc
1180 1400 1258 1464 de
1314 1397 1691 1465 Saumheim
1704 1447 1725 1480 ,
1782 1399 2112 1486 hospitalis
2169 1399 2227 1464 b.
2269 1399 2364 1464 M.
2412 1397 2527 1464 Th.
2577 1397 3146 1482 Hierosolymitani
3187 1417 3314 1482 per
3369 1394 3539 1458 Ace-

887 1508 1213 1570 manniam
1272 1517 1329 1572 et
1373 1506 1631 1572 Italiam
1673 1509 2001 1593 ‘maqistem
2048 1506 2328 1590 fratrem
2373 1506 2717 1573 Iohannem
2759 1505 2838 1569 de
2879 1503 3292 1589 Hoffmkeym
3303 1550 3326 1583 ‚
3384 1502 3536 1567 ord.

898 1612 1139 1718 Tlfeut„
1189 1613 1583 1700 capellanum
1626 1635 1829 1696 suum,
1867 1627 2348 1701 procuratorem
2392 1616 2726 1680 constituit.

889 1755 961 1822 In
1005 1753 1257 1821 nomine
1289 1754 1545 1821 domini.
1592 1754 1817 1821 Amen.
1884 1755 2015 1822 Nos
2059 1755 2257 1822 frater
2285 1755 2684 1822 Eberhardus
2725 1753 2804 1820 de
2836 1750 3265 1836 Sawnsheym‚
3310 1750 3538 1836 hospi-

667 1861 814 1930 talis
877 1862 1058 1929 beate
1112 1859 1311 1929 Maris
1364 1862 1889 1929 Theutonicorum
1945 1862 2430 1930 lerosolimitani
2489 1882 2603 1950 per
2655 1861 3098 1929 Alamanniam
3163 1864 3227 1925 et
3277 1857 3536 1925 Italiam

666 1971 968 2055 magister
1023 1975 1086 2036 et
1137 1974 1497 2056 preceptor,
1556 1969 1867 2057 presentis
1922 1971 2326 2037 instrumenti
2381 1969 2542 2035 serie
2595 1973 2810 2034 notum
2869 1967 3134 2034 facimus
3188 1967 3534 2048 universiS,

670 2078 835 2163 quod
889 2097 1005 2145 nos
1064 2076 1351 2143 omnibus
1407 2075 1769 2142 melioribus
1823 2077 2040 2161 modo,
2095 2077 2233 2162 via,
2301 2078 2470 2161 iure,
2527 2095 2748 2159 causa,
2818 2075 2964 2140 stilo
2981 2125 3000 2159 ‚
3058 2072 3280 2140 ordine
3337 2079 3534 2159 atque

665 2173 898 2269 forma,
958 2183 1185 2269 quibus
1228 2182 1454 2250 melius
1500 2189 1563 2250 et
1608 2182 1918 2250 efficacius
1965 2203 2298 2270 possumus
2345 2188 2409 2250 et
2453 2182 2782 2267 debemus,
2837 2183 3134 2265 facimus,
3195 2179 3536 2248 constitui-

666 2313 838 2376 muS,
896 2310 1181 2358 creamus
1238 2296 1302 2357 et
1354 2290 1761 2378 solempniter
1814 2291 2176 2358 ordinamus
2229 2292 2295 2357 in
2351 2296 2636 2357 nostrum
2683 2309 2932 2374 verum,
2989 2287 3416 2355 indubitatum
3465 2293 3536 2356 et

665 2398 1045 2483 legittimum
1112 2397 1451 2482 sindicum,
1529 2404 2032 2484 procuratorem,
2113 2403 2416 2483 actorem,
2493 2398 2795 2465 factorem
2808 2447 2827 2482 ,
2901 2397 3304 2481 negociorum
3317 2447 3336 2480 ,
3417 2417 3534 2480 ge-

667 2512 902 2573 storem
942 2510 1008 2572 et
1044 2504 1343 2572 nuncium
1373 2504 1706 2592 specialem
1741 2511 1929 2591 atque
1959 2506 2336 2590 generalem,
2381 2503 2498 2572 ita¹
2529 2505 2694 2591 quod
2725 2505 3080 2591 specialitas
3125 2503 3562 2588 generalitati·

666 2633 796 2680 non
858 2613 1115 2697 deroget
1176 2633 1296 2680 nec
1363 2617 1645 2699 econtra,
1711 2613 2074 2697 religiosum
2131 2615 2336 2680 virum
2401 2614 2662 2680 fratrem
2729 2612 3066 2679 Iohannem
3135 2611 3214 2678 de
3269 2609 3533 2680 Hoffen-

666 2721 853 2808 heym
866 2770 887 2806 ,
941 2719 1333 2807 capellanum
1390 2726 1673 2787 nostrum
1733 2741 1807 2788 ac
1850 2721 2002 2788 dicti
2047 2721 2375 2809 hospitalis
2421 2725 2486 2787 et
2529 2720 2768 2787 ordinis
2822 2719 3174 2806 professum
3188 2768 3207 2804 ,
3265 2739 3532 2805 presen-

666 2833 793 2895 tem
852 2832 915 2896 et
971 2827 1331 2895 huiusmodi
1384 2828 1853 2915 procuracionis
1908 2849 2064 2896 onus
2120 2829 2188 2896 in
2245 2849 2314 2894 se
2358 2833 2581 2914 sponte
2625 2828 3100 2915 suscipientem,
3157 2827 3242 2892 ad
3295 2847 3530 2914 procu-

664 2935 964 3019 randum,
1026 2936 1456 3019 tractandum,
1522 2936 1978 3023 expediendum
2033 2943 2098 3003 et
2149 2935 2586 3023 complendum
2643 2935 2890 3019 singula
2942 2935 3233 3019 negocia,
3301 2954 3530 3000 causas

667 3062 1071 3129 quascunque
1122 3041 1515 3130 spiritualem
1570 3048 1681 3109 aut
1733 3044 2088 3128 generalem
2101 3093 2120 3130 ,
2187 3043 2685 3110 iurisdictionem
2735 3041 3142 3130 recipientem
3197 3047 3263 3108 et
3313 3043 3534 3127 requi-

666 3155 908 3218 rentem
922 3200 940 3235 ,
986 3169 1129 3218 cum
1174 3150 1644 3237 quibuscunque
1686 3151 1974 3238 personis
1988 3201 2007 3234 ,
2052 3149 2474 3234 cuiuscunque
2519 3154 2750 3232 status,
2805 3150 3065 3232 gradus,
3117 3148 3527 3233 condicionis,

668 3258 1015 3326 eminencie
1044 3263 1153 3324 aut
1180 3257 1507 3342 dignitatis
1536 3258 1771 3325 fuerint
1800 3263 1865 3325 et
1892 3279 2030 3326 esse
2059 3261 2451 3342 censeantur,
2495 3257 2752 3322 eciamsi
2781 3255 3031 3341 regalis,
3075 3256 3526 3341 cardinalatu&

666 3364 1044 3452 pontificalis
1076 3370 1185 3432 aut
1226 3365 1446 3450 quavis
1478 3365 1603 3432 alia
1638 3365 2036 3452 prefulgeant
2063 3365 2388 3448 dig-nitate,
2437 3383 2650 3430 coram
2685 3363 3158 3449 quibuscunque
3183 3363 3524 3447 iudicibus,

664 3472 921 3557 legatis,
980 3472 1369 3540 auditoribus
1414 3471 1515 3540 vel
1566 3472 2016 3539 commissariis
2067 3472 2404 3540 ordinariis
2457 3471 2558 3538 vel
2611 3471 3156 3554 extraordinariiS‚
3215 3469 3524 3555 delegatis

666 3578 769 3646 vel
798 3578 1217 3663 subdelegatis
1248 3599 1359 3648 seu
1386 3578 1952 3648 locumtenentibus
1984 3579 2323 3647 eorundem
2353 3578 2790 3646 ecclesiasticis
2821 3578 2920 3644 vel
2956 3577 3362 3663 secularibus,
3411 3578 3522 3645 da-

666 3689 749 3754 tis
780 3707 893 3754 seu
922 3686 1166 3771 dandis,
1211 3687 1565 3773 impetratis
1596 3707 1707 3754 seu
1734 3687 2170 3774 impetrandi8‚
2213 3707 2454 3754 necnon
2487 3686 2567 3753 ad
2597 3686 2906 3770 agendum
2939 3690 3003 3752 et
3031 3685 3523 3772 comparendum

664 3815 782 3883 pro
825 3793 1007 3861 nobis
1052 3799 1117 3860 et
1158 3793 1323 3861 dicto
1368 3799 1584 3861 nostro
1630 3795 1867 3876 ordine,
1911 3813 2152 3878 nosque
2197 3799 2262 3860 et
2287 3795 2430 3860 iura
2458 3799 2678 3860 nostra
2711 3793 3189 3878 defendendum,
3235 3793 3524 3860 libellum

666 3922 779 3969 seu
820 3901 1065 3969 libellos
1110 3907 1173 3967 et
1216 3921 1638 3986 quascumque
1682 3901 2023 3988 peticiones
2067 3901 2226 3968 alias
2255 3901 2551 3985 dandum,
2597 3900 2984 3966 reddendum
3013 3899 3390 3967 verbotenus
3419 3901 3527 3968 vel

664 4009 734 4075 in
778 4009 1031 4097 scriptis
1075 4014 1140 4075 et
1183 4013 1403 4074 contra
1444 4029 1559 4076 nos
1604 4009 1791 4075 editis
1836 4015 1900 4076 et
1942 4009 2168 4076 oblatis
2212 4008 2658 4095 recipiendum,
2707 4009 3146 4074 excusaciones
3191 4007 3525 4075 dilatorias

668 4121 733 4184 et
775 4115 1229 4203 peremptorias
1272 4120 1337 4182 et
1381 4135 1782 4202 quascunque
1826 4116 1985 4183 alias
2015 4121 2160 4183 ante
2203 4115 2336 4182 litis
2381 4115 2908 4182 contestacionem
2937 4114 3040 4182 vel
3067 4120 3230 4202 post,
3275 4135 3524 4182 necnon

666 4242 1067 4310 quascunque
1123 4225 1613 4311 protestaciones
1668 4244 1779 4291 seu
1832 4223 2278 4309 requisiciones
2332 4223 2769 4310 proponendas
2816 4228 2881 4288 et
2931 4222 3400 4309 prosequendas
3455 4227 3526 4290 et

666 4336 885 4398 contra
925 4351 1040 4398 nos
1085 4331 1442 4418 propositas
1485 4331 1914 4419 recipiendum
1959 4335 2022 4396 et
2065 4330 2147 4397 ad
2191 4330 2438 4397 easdem
2488 4329 2990 4416 respondendum
3003 4379 3022 4413 ‚
3082 4330 3523 4397 satisdandum

666 4443 731 4505 et
773 4458 1209 4525 quamcunque
1237 4437 1711 4505 satisdationem
1739 4436 1839 4504 vel
1869 4438 2251 4520 saumonem,
2299 4438 2355 4503 si
2381 4456 2637 4504 necesse
2673 4438 2882 4521 fuerit,
2929 4437 2998 4503 in
3031 4435 3310 4522 qualibet
3335 4443 3522 4523 parte

662 4545 796 4612 litis
850 4547 1261 4633 prestandum
1314 4551 1378 4613 et
1428 4546 1549 4613 sibi
1606 4545 1902 4633 prestitas
1957 4545 2380 4632 recipiendum
2397 4593 2416 4628 ,
2467 4545 2644 4611 litem
2689 4565 2800 4610 seu
2842 4544 2988 4610 lites
3041 4544 3522 4611 contestandum

662 4673 907 4720 necnon
952 4653 1029 4719 de
1084 4652 1442 4740 calumpnia
1495 4652 1754 4719 vitanda
1796 4661 1861 4719 et
1910 4652 2178 4718 veritate
2230 4651 2495 4718 dicenda
2547 4673 2624 4718 ac
2677 4651 3002 4737 quodlibet
3050 4651 3221 4720 aliud
3273 4649 3520 4716 licitum

663 4761 1085 4828 iuramentum
1127 4760 1193 4826 in
1241 4760 1515 4826 animam
1558 4764 1837 4826 nostram
1884 4759 2315 4846 prestandum,
2365 4759 2726 4845 ponendum
2771 4763 2836 4824 et
2877 4757 3360 4843 articulandum,
3405 4777 3520 4844 po-

664 4866 1003 4934 sicionibus
1049 4873 1113 4934 et
1156 4867 1437 4934 articulis
1481 4866 2008 4953 respondendum,
2055 4872 2246 4933 testes
2259 4916 2278 4950 ‚
2332 4867 2576 4933 litteras
2623 4871 2686 4933 et
2726 4865 3147 4932 instrumenta
3189 4870 3254 4931 et
3299 4865 3519 4950 quevis

664 4973 791 5041 alia
831 4974 1281 5063 probacionum
1325 4989 1557 5059 genera
1598 4973 2068 5061 producendum
2115 4979 2180 5041 et
2223 4974 2542 5061 productis
2588 4993 2668 5040 ex
2711 4973 2974 5040 adverso
3013 4971 3518 5058 respondendum
