3892 5609
1338 367 1761 416 ALEMANNIA.
1833 365 2148 414 Bonum
3025 357 3170 428 185

734 529 1141 596 Innocencius
1186 533 1303 594 etc.
1373 526 1581 604 Quieti
1626 532 1835 593 vestre
1880 525 1986 607 (de
2037 526 2204 592 1247
2251 526 2411 591 iunii
2461 526 2592 608 13).

1379 633 1537 700 Cum
1584 633 1662 698 de
1706 631 1859 700 viris
1909 632 2015 712 (de
2064 633 2230 697 1247
2281 631 2418 698 iulii
2465 633 2596 715 20).

1376 739 1536 806 Cum
1580 739 1731 806 olim
1785 737 1889 820 (de
1938 736 2111 803 1254
2155 737 2310 805 febr.
2343 739 2430 821 9).

1376 845 1755 913 Devocionis
1799 851 2008 912 vestre
2054 845 2157 927 (de
2207 845 2378 911 1254
2423 846 2570 912 mai.
2601 847 2729 928 18).

998 897 1031 932 D

302 973 676 1059 Sequuntur
718 972 929 1039 littere
972 971 1212 1038 domini
1254 970 1603 1038 Alexandri
1647 988 1813 1056 pape
1859 970 2086 1054 quarti.

736 1078 1099 1146 Alexander
1145 1085 1258 1145 etc.
1334 1077 1561 1144 Vestre
1606 1076 1850 1142 meritis
1897 1075 2002 1156 (de
2050 1075 2216 1142 1257
2269 1074 2450 1162 april.
2486 1076 2570 1158 8).

1333 1183 1562 1251 Vestra
1604 1181 1827 1266 religio
1873 1182 1978 1264 (de
2029 1182 2193 1248 1257
2241 1181 2401 1248 iunii
2436 1182 2563 1263 11).

1334 1289 1493 1357 Cum
1539 1308 1649 1356 vos
1696 1295 2023 1375 tamquam
2070 1288 2174 1370 (de
2223 1287 2388 1354 1257
2439 1286 2598 1354 iunii
2635 1287 2799 1373 16).*

1333 1395 1457 1462 Pro
1502 1395 1943 1480 consequenda
1986 1395 2089 1476 (de
2139 1394 2305 1460 1257
2355 1394 2494 1460 iulii
2540 1395 2670 1476 28).

1334 1502 1651 1569 Canonica
1694 1501 2149 1568 constitucione
2195 1501 2296 1582 (de
2347 1501 2513 1567 1257
2565 1521 2707 1586 aug.
2741 1502 2826 1585 8).

1340 1607 1775 1674 Sincerissimo
1820 1608 2178 1675 devocionis
2225 1607 2326 1688 (de
2377 1607 2542 1673 1257
2594 1628 2735 1692 aug.
2769 1611 2854 1690 8).

1336 1713 1646 1780 Inducunt
1688 1733 1803 1780 nos
1850 1715 1954 1796 (de
2003 1715 2169 1780 1257
2221 1734 2360 1797 aug.
2393 1713 2482 1795 9).

1334 1819 1722 1887 Dilectorum
1766 1819 2041 1887 filiorum
2089 1820 2195 1902 (de
2242 1819 2408 1886 1257
2458 1840 2599 1904 aug.
2634 1821 2766 1903 20).

1337 1926 1498 1993 Cum
1542 1925 1787 1993 dilectis
1833 1927 1935 2007 (de
1988 1927 2180 1992 1257=
2205 1931 2362 2013 sept.
2395 1922 2519 2008 9).““’ι

1336 2032 1802 2119 Hospitalitatis
1847 2034 2133 2120 piissime
2178 2033 2282 2114 (de
2330 2034 2497 2099 1257
2547 2053 2688 2100 nov.
2721 2031 2847 2117 5).*

1335 2137 1584 2206 Affectu
1628 2139 2056 2207 benivolencie
2099 2139 2204 2220 (de
2253 2139 2422 2205 1258
2467 2140 2627 2207 iunii
2660 2141 2788 2222 11).

1333 2243 1683 2329 Religiosos
1726 2246 1895 2312 viros
1942 2246 2048 2326 (de
2096 2247 2266 2312 1258
2309 2265 2453 2311 nov.
2488 2245 2619 2326 9?).

1333 2351 1711 2419 Devocionis
1754 2357 1964 2419 vestre
2010 2353 2114 2434 (de
2161 2353 2331 2419 1258
2375 2372 2518 2419 nov.
2553 2348 2674 2435 9).*

1338 2455 1547 2535 Quieti
1591 2464 1797 2525 vestre
1842 2458 1947 2538 (de
1997 2459 2166 2526 1258
2212 2479 2354 2526 nov.
2393 2459 2519 2541 12).

1334 2563 1437 2630 Ex
1480 2570 1661 2651 parte
1705 2564 2076 2632 dilectorum
2123 2566 2228 2647 (de
2277 2565 2446 2632 1258
2493 2587 2634 2634 nov.
2669 2562 2836 2648 22).*
2945 2595 2965 2606 ·

310 2684 678 2770 Sequuntur
720 2687 931 2791 littere
974 2688 1212 2754 domini
1258 2687 1599 2756 Clementis
1643 2707 1809 2775 pape
1855 2689 2084 2775 quarti.

741 2793 1039 2873 Clemens
1074 2801 1192 2862 etc.
1263 2794 1422 2862 Cum
1468 2795 1712 2862 dilectis
1760 2797 1863 2878 (de
1914 2797 2080 2862 1267
2130 2797 2254 2863 ian.
2291 2791 2412 2878 8).¹'¹

312 2917 679 3002 Sequuntur
721 2917 931 2985 littere
976 2919 1215 2986 domini
1260 2919 1499 2986 Urbani
1545 2938 1710 3006 pape
1756 2921 1986 3003 quarti.

739 3025 1029 3092 Urbanus
1074 3033 1190 3092 etc.
1255 3024 1632 3092 Devocionis
1675 3031 1883 3092 vestre
1928 3025 2035 3105 (de
2083 3027 2248 3092 1261
2299 3047 2441 3092 nov.
2476 3026 2608 3108 25).

1261 3131 1484 3198 Vestre
1529 3131 1771 3198 meritis
1819 3131 1921 3212 (de
1972 3133 2145 3198 1264
2191 3153 2330 3216 aug.
2365 3133 2495 3215 23).

1260 3237 1650 3304 Dilectorum
1694 3205 1971 3303 filiorfim
2015 3237 2118 3320 (de
2169 3240 2339 3304 1263
2387 3241 2664 3320 oot.11).

1261 3344 1363 3411 Ex
1407 3348 1590 3431 parte
1635 3343 2006 3410 dilectorum
2053 3343 2157 3424 (de
2206 3345 2376 3410 1263
2424 3349 2543 3412 oct.
2579 3345 2666 3424 2).

314 3466 680 3552 Sequuntur
722 3467 933 3535 littere
978 3467 1219 3535 domini
1262 3467 1506 3536 Nicolai
1550 3487 1715 3554 pape
1763 3469 1992 3553 quarti.

736 3573 1033 3640 Nicolaus
1079 3579 1193 3642 etc.
1266 3573 1603 3658 Signorum
1649 3573 1972 3641 evidencia
2018 3575 2120 3657 (de
2171 3575 2340 3641 1289
2388 3574 2569 3661 april.
2600 3575 2683 3656 1).

1263 3679 1507 3758 Quanto
1554 3679 1766 3747 dilecti
1812 3680 1915 3762 (de
1967 3682 2136 3748 1289
2187 3680 2368 3768 april.
2403 3680 2490 3761 2).

311 3803 674 3890 Sequuntur
717 3805 926 3872 littere
970 3805 1210 3873 domini
1253 3803 1561 3872 Bonifacii
1604 3825 1771 3890 pape
1814 3807 1985 3872 noni.

736 3901 1095 3980 Bonifacius
1141 3917 1257 3980 etc.
1335 3911 1583 3990 Quanto
1628 3912 1867 3978 dilecti·
1888 3911 1991 3994 (de
2040 3913 2210 3978 1396
2256 3910 2404 3977 mai.
2443 3912 2570 3993 12).
2629 4001 2634 4006 ἡ

1336 4017 1517 4085 Sedis
1563 4018 1905 4104 apostolice
1958 4018 2062 4099 (de
2109 4019 2279 4085 1396
2325 4017 2472 4083 mai.
2510 4019 2638 4099 12).

1334 4123 1687 4192 Affectione
1730 4130 1794 4192 et
1840 4125 1945 4206 (de
1993 4125 2159 4191 1397
2211 4123 2392 4212 april.
2420 4125 2506 4207 7).

1334 4229 1591 4298 Sincere
1634 4231 1996 4298 devocionis
2042 4230 2146 4312 (de
2193 4233 2364 4296 1399
2407 4231 2564 4299 febr.
2597 4229 2764 4313 25).*

1332 4336 1473 4403 Hiis
1520 4357 1641 4422 que
1687 4338 1789 4419 (de
1838 4338 2014 4403 1400
2059 4336 2238 4422 april.
2272 4333 2434 4418 13).*

1334 4441 1479 4508 Etsi
1522 4442 1904 4529 quibuslibet
1949 4443 2052 4524 (de
2102 4445 2272 4510 1402
2319 4444 2451 4512 dec.
2490 4445 2616 4527 10).

310 4566 675 4654 Sequuntur
718 4566 931 4634 littere
974 4585 1013 4632 a
1056 4567 1335 4650 generali
1378 4567 1617 4654 synodo
1664 4565 2134 4635 Constantiensi
2177 4587 2488 4636 concesse.

736 4672 1153 4740 Sacrosancta
1195 4680 1260 4741 et
1301 4675 1611 4758 generalis
1644 4675 1919 4760 synodus
1951 4673 2460 4742 constanciensis
2505 4681 2621 4744 etc.
2691 4675 2924 4744 Metuit
2965 4681 3176 4744 vestre

914 4777 1015 4858 (de
1064 4782 1229 4845 1417
1281 4800 1422 4866 aug.
1462 4776 1622 4862 12).““Ι

739 4885 1155 4952 Sacrosancta
1209 4893 1274 4953 et
1325 4887 1636 4972 generalis
1691 4887 1968 4974 synodus
2013 4888 2520 4957 constanciensis
2566 4895 2682 4956 etc.
2767 4890 2866 4956 Ad
2922 4909 3176 4978 compe-

912 4991 1173 5060 scendos
1220 4990 1327 5077 (de
1376 4995 1543 5059 1417
1592 5001 1751 5080 sept.
1784 4989 1908 5075 4).““Ι

2745 5107 2820 5140 Χ
