3892 5609
637 280 733 350 92
1421 291 1651 339 ‘ranas
1696 280 1979 336 sanor-A.
2051 283 2382 336 Anum-ua,
2453 285 2720 334 errans
2780 287 2814 298 ··

634 449 998 536 episcopali,
1046 470 1167 534 que
1212 454 1310 516 est
1350 450 1418 515 in
1450 449 1671 514 Castro
1700 447 1913 532 Regis,
1959 447 2278 514 fructuum
2327 452 2390 513 et
2432 450 2852 533 proventuum
2897 463 2979 510 ex
3027 443 3318 511 omnibus
3364 465 3510 531 per-

632 557 925 624 tinenciis
970 556 1121 622 dicti
1168 555 1374 622 Castri
1421 555 1609 640 Regis
1656 556 1796 622 sitis
1839 557 1910 621 in
1955 555 2191 622 diocesi
2231 553 2615 634 Acconensi3
2673 553 2826 618 item
2873 555 2938 617 et
2979 551 3222 617 fetuum
3269 557 3334 617 et
3375 553 3510 618 fru-

632 670 867 747 ctuum,
916 663 1281 729 animalium
1332 669 1397 730 et
1440 663 1671 745 avium,
1721 682 1841 748 que
1872 663 2087 728 omnia
2117 661 2479 728 dicebamus
2511 660 2711 726 dictos
2747 659 3120 742 magistrum
3169 663 3236 724 et
3275 659 3510 725 fratres

632 771 876 838 solvere
921 770 1147 836 debere
1191 771 1261 836 in
1300 771 1483 836 domo
1529 770 1833 856 predicta,
1883 770 1964 834 ad
1995 789 2259 854 quorum
2295 767 2575 834 omnium
2607 771 2927 833 vecturam
2957 785 3158 851 usque
3190 764 3269 831 ad
3299 764 3510 832 locum

630 877 985 965 predictum
1034 877 1406 963 petebamus
1450 877 1654 942 dictos
1702 876 2078 957 magistrum
2139 880 2204 941 et
2247 875 2476 941 fratres
2523 872 2974 960 condempnari
3020 872 3265 939 debere.
3349 871 3511 939 Item

630 985 1000 1071 petebamus
1032 984 1232 1050 dictos
1261 984 1637 1066 magistrum
1676 989 1741 1049 et
1768 982 1997 1049 fratres
2043 981 2493 1068 condempnari
2542 980 2619 1047 ad
2666 980 3042 1046 solutionem
3087 979 3514 1064 quadraginta

615 1092 1046 1157 bisantiorum
1095 1091 1419 1156 annuatim
1466 1111 1581 1176 pro
1625 1089 1911 1155 faciendo
1962 1088 2216 1155 annuali
2259 1087 2638 1171 Benencase,
2685 1087 3014 1170 burgensis
3056 1085 3266 1154 Castri
3294 1085 3510 1170 Regis,

634 1199 742 1284 qui
784 1199 1107 1282 legaverat
1148 1198 1216 1263 in
1250 1196 1476 1262 ultima
1507 1196 1829 1262 voluntate
1874 1215 1990 1261 sua
2035 1195 2287 1262 eosdem
2335 1193 2640 1260 bisantios
2684 1193 3079 1279 recipiendos
3125 1213 3316 1279 super
3357 1213 3509 1280 pos-

633 1305 1017 1372 sessionibus
1050 1304 1200 1388 suis,
1242 1323 1399 1388 quas
1432 1303 1791 1370 dicebamus
1824 1302 2076 1368 eosdem
2106 1303 2482 1385 magistrum
2512 1305 2576 1366 et
2603 1299 2832 1366 fratres
2861 1299 3264 1386 postmodum
3293 1302 3512 1385 acqui-

634 1405 873 1478 sivisse.
945 1411 1103 1477 Item
1151 1410 1542 1496 petebamus,
1589 1414 1662 1475 ut
1706 1410 2008 1492 magister
2055 1415 2120 1474 et
2146 1409 2373 1474 fratres
2410 1406 2678 1493 predicti
2709 1407 3066 1473 nullatenus
3097 1407 3513 1475 molestarent

632 1539 749 1585 nos
796 1523 907 1584 aut
952 1537 1339 1583 successores
1386 1521 1633 1582 nostros
1684 1515 1990 1600 exigendo
2025 1537 2064 1582 a
2091 1515 2273 1581 nobis
2303 1514 2404 1580 vel
2436 1513 2900 1580 successoribus
2945 1514 3180 1580 nostris
3227 1513 3508 1599 aliquam

632 1625 1009 1708 dricturam,
1068 1624 1462 1689 exactionem
1508 1623 1607 1689 vel
1664 1623 1905 1688 tributa
1963 1641 2076 1708 pro
2133 1621 2322 1688 rebus
2379 1625 2445 1686 et
2487 1620 2864 1687 victualibus
2909 1621 3140 1707 emptis
3195 1619 3277 1687 ad
3319 1641 3508 1686 usum

632 1736 919 1798 nostrum
964 1736 1030 1798 et
1070 1730 1310 1797 familie
1354 1737 1569 1796 nostre
1613 1730 1681 1795 in
1726 1735 1901 1795 terra
1946 1749 2182 1795 eorum.
2254 1727 2422 1806 Quas
2468 1726 2722 1812 quidem
2755 1727 3028 1793 decimas
3075 1732 3140 1793 et
3183 1727 3510 1794 marcham

632 1838 1001 1925 petebamus
1045 1843 1179 1904 tam
1225 1857 1341 1923 pro
1386 1837 1687 1923 preterito
1734 1842 2022 1922 tempore
2067 1855 2252 1919 quam
2303 1837 2494 1901 etiam
2539 1855 2656 1920 pro
2699 1833 2931 1900 futuro.

854 1945 1265 2010 Bit-adverso
1313 1964 1459 2009 vero
1508 1943 1807 2028 petebant
1852 1942 2152 2024 magister
2200 1945 2264 2008 et
2315 1941 2544 2007 fratres
2603 1940 2873 2026 predicti
2925 1960 3041 2026 pro
3095 1960 3165 2006 se
3209 1945 3275 2008 et
3316 1940 3508 2007 domo

634 2071 753 2118 sua
780 2071 819 2117 a
845 2051 1028 2118 nobis
1076 2052 1369 2137 episcopo
1416 2055 1481 2116 et
1523 2049 1799 2135 capitulo
1831 2048 2302 2114 Acconensibus
2349 2068 2464 2134 pro
2495 2047 2677 2114 nobis
2721 2052 2784 2113 et
2816 2045 3080 2113 ecclesia
3121 2051 3342 2113 nostra
3385 2048 3511 2114 sibi

634 2159 887 2225 restitui
942 2165 1006 2224 et
1062 2157 1221 2222 solvi
1276 2157 1503 2240 viginti
1555 2156 1699 2220 iiii0‘
1744 2154 1924 2220 milia
1977 2154 2391 2221 bisantiorum
2450 2159 2988 2220 sarracenatorum
3050 2173 3166 2239 pro
3223 2154 3509 2238 decimis,

636 2286 791 2350 quas
839 2263 1131 2330 dicebant
1182 2285 1249 2329 se
1309 2263 1573 2329 solvisse
1618 2260 1878 2328 ecclesie
1923 2261 2277 2327 Acconensi
2331 2260 2610 2328 indebite
2668 2266 2732 2327 et
2783 2261 3149 2343 ignoranter
3195 2261 3272 2326 de
3318 2261 3510 2328 terris

636 2377 701 2436 et
743 2371 1263 2456 possessionibuS,
1312 2389 1467 2454 quas
1512 2369 1639 2454 ipsi
1683 2369 1960 2454 propriis
2004 2367 2325 2435 laboribus
2373 2373 2436 2434 et
2481 2366 2837 2454 sumptibus
2883 2367 3274 2452 excolebant,
3323 2373 3387 2434 et
3429 2368 3510 2434 de

636 2476 963 2544 novalibus
1020 2481 1085 2542 et
1140 2477 1545 2541 nutrimentis
1600 2474 1972 2540 animalium
2031 2480 2094 2541 et
2137 2475 2428 2558 virgultis
2485 2480 2618 2540 tam
2672 2475 2740 2539 in
2795 2475 3065 2560 pecunia
3117 2495 3308 2559 quam
3365 2474 3510 2540 aliis

635 2583 841 2668 rebus·
912 2582 1067 2648 Item
1115 2582 1415 2669 petebant
1458 2582 1695 2666 domos,
1742 2581 1983 2664 vineas,
2031 2586 2201 2646 ortos
2249 2587 2314 2646 et
2358 2601 2541 2664 agros
2578 2581 2730 2646 sitos
2775 2580 2842 2646 in
2875 2579 3098 2646 Castro
3129 2579 3318 2664 Regis
3363 2600 3510 2646 cum

635 2689 1035 2776 pertinentiis
1093 2707 1337 2772 eorum,
1399 2709 1554 2772 quos
1610 2693 1899 2752 tenemur
1944 2687 2023 2752 ad
2083 2707 2188 2753 eos
2247 2693 2312 2753 et
2367 2687 2621 2753 domum
2679 2707 2858 2752 suam
2915 2687 3052 2753 iure
3100 2686 3362 2753 dominii
3407 2685 3511 2753 vel
3555 2713 3565 2718 ·

637 2796 817 2880 quasi
860 2796 1247 2882 pertinentes
1296 2800 1361 2861 et
1402 2814 1517 2860 nos
1564 2794 1645 2859 ad
1689 2795 2149 2860 restituendum
2195 2794 2315 2860 sibi
2359 2815 2462 2860 res
2508 2795 2680 2880 ipsas
2726 2794 3176 2880 condempnari
3224 2799 3294 2859 et
3337 2811 3510 2859 com·
3557 2779 3580 2788 ³

634 2901 785 2988 pelli
832 2923 973 2967 cum
1019 2901 1325 2968 fructibus
1370 2902 1517 2968 inde
1561 2903 1876 2988 perceptis
1932 2907 1996 2967 et
2041 2901 2148 2984 qui
2193 2902 2437 2987 percipi
2481 2907 2849 2987 potuerunt,
2911 2921 3067 2986 quos
3113 2900 3508 2967 extimabant

635 3010 899 3092 triginta
956 3009 1135 3074 milia
1195 3008 1608 3075 bisantiorum
1666 3011 2232 3074 sarracenatorum.
2314 3006 2474 3074 Item
2533 3009 2830 3094 petebant
2881 3028 2998 3074 nos
3051 3007 3507 3094 condempnari

636 3115 759 3182 sibi
802 3136 918 3202 pro
967 3115 1237 3198 quadam
1284 3115 1678 3182 contumacia
1720 3115 1787 3178 in
1832 3113 2008 3180 mille
2054 3114 2342 3181 bisantiis
2389 3116 2827 3181 sarracenatis.

859 3221 1137 3289 Tandem
1196 3221 1617 3288 mediantibus
1674 3221 1893 3286 amicis
1963 3221 2400 3288 communibus
2467 3241 2658 3307 super
2713 3219 3002 3287 omnibus
3069 3220 3374 3307 predictis
3443 3225 3508 3286 et

638 3329 778 3395 aliis
825 3330 1297 3414 quibuscunque
1342 3327 1793 3414 peticionibus,
1852 3347 1972 3413 que
2027 3347 2104 3392 ex
2153 3348 2522 3412 quacunque
2567 3347 2757 3393 causa
2799 3333 2934 3392 tam
2979 3327 3160 3394 nobis
3207 3329 3506 3414 episcopo

638 3441 703 3502 et
738 3435 1021 3522 capitulo
1066 3454 1181 3520 pro
1226 3435 1407 3499 nobis
1454 3438 1519 3500 et
1564 3433 1827 3502 ecclesia
1855 3439 2078 3501 nostra
2121 3440 2340 3500 contra
2383 3435 2700 3522 predictos
2745 3435 3118 3517 magistrum
3167 3439 3232 3502 et
3273 3434 3504 3500 fratres

638 3546 703 3608 et
746 3543 1003 3607 domum
1048 3561 1285 3624 eorum,
1332 3561 1521 3626 quam
1568 3540 1659 3606 eis
1703 3561 1819 3626 pro
1866 3561 1932 3607 se
1982 3547 2045 3608 et
2089 3542 2273 3607 domo
2321 3562 2436 3608 sua
2481 3547 2701 3608 contra
2744 3561 2860 3607 nos
2905 3547 2970 3608 et
3015 3539 3346 3607 ecclesiam
3389 3561 3506 3606 no-

636 3655 837 3715 stram
880 3649 1047 3713 inter
1076 3667 1190 3713 nos
1222 3647 1497 3713 vicissim
1546 3653 1913 3733 competunt
1958 3653 2022 3714 et
2064 3654 2420 3735 competere
2465 3653 2733 3734 possunt
2775 3666 2972 3732 usque
3017 3649 3084 3713 in
3127 3647 3506 3714 hodiernum

636 3753 805 3820 diem
852 3759 1153 3838 quantum
1202 3753 1283 3820 ad
1328 3775 1422 3837 ea,
1472 3773 1591 3838 que
1634 3753 1760 3839 ipsi
1808 3760 2113 3840 perpetuo
2159 3756 2504 3841 possident,
2559 3775 2675 3841 pro
2723 3755 2886 3821 bono
2929 3756 3106 3841 pacis
3151 3755 3504 3820 amicabilis

636 3861 1011 3947 compositio
1056 3861 1426 3943 intervenit,
1473 3867 1665 3946 prout
1705 3861 1967 3927 inferius
2015 3863 2400 3946 continetur,
2457 3861 2750 3928 videlicet
2793 3862 2961 3946 quod
3006 3861 3160 3926 dicti
3201 3863 3510 3945 mag-ister

638 3973 705 4034 et
747 3969 975 4034 fratres
1020 3973 1086 4034 et
1129 3987 1519 4034 successores
1568 3987 1784 4033 eorum
1817 3967 2058 4034 dabunt
2094 3975 2157 4035 et
2191 3969 2437 4034 solvent
2479 3967 2662 4034 nobis
2709 3968 3006 4055 episcopo
3050 3988 3168 4055 pro
3211 3969 3395 4035 nobis
3443 3973 3506 4034 et

638 4074 901 4140 ecclesia
944 4080 1163 4141 nostra
1218 4080 1285 4141 et
1335 4067 1799 4141 successoribus
1847 4077 2078 4141 nostris
2123 4076 2404 4160 quintam
2455 4075 2761 4141 decimam
2808 4080 3054 4161 partem
3097 4076 3352 4142 nomine
3397 4076 3505 4142 de-

638 4183 943 4246 cimarum
992 4181 1069 4247 de
1116 4180 1404 4247 omnibus
1449 4180 1769 4247 laboribus
1816 4181 1978 4265 suis,
2039 4183 2169 4248 sive
2225 4182 2485 4268 ipsimet
2528 4181 2817 4248 laborent
2859 4183 2993 4249 sive
3048 4203 3164 4268 per
3209 4183 3365 4248 alios
3407 4184 3505 4249 fa-

637 4288 809 4353 ciant
852 4286 1145 4370 laborari,
1194 4287 1271 4352 de
1316 4287 1503 4352 terris
1550 4293 1613 4353 et
1659 4287 1737 4353 de
1779 4289 1983 4354 vineis
2031 4295 2094 4354 et
2139 4289 2216 4355 de
2263 4289 2551 4354 omnibus
2597 4287 2724 4354 illis
2770 4287 2977 4373 rebus,
3033 4309 3190 4374 quas
3233 4289 3361 4375 ipsi
3403 4311 3506 4356 re-

638 4395 883 4482 cipiunt
923 4394 1001 4460 de
1032 4394 1162 4459 suis
1196 4392 1466 4476 villanis,
1515 4392 1755 4458 scilicet
1798 4393 1875 4460 de
1920 4395 2257 4478 frumento,
2305 4396 2514 4478 orden,
2561 4396 2888 4479 ciceribus,
2933 4395 3271 4477 lenticulis„
3318 4395 3503 4480 fabis,

636 4519 870 4584 avena,
916 4501 1221 4586 meliqua,
1270 4505 1561 4583 coctum,
1610 4499 1817 4583 milio,
1868 4501 2065 4584 mais,
2111 4503 2358 4588 pisaus,
2404 4503 2724 4586 gerbainS,
2773 4509 2838 4568 et
2881 4501 2960 4569 de
3006 4503 3329 4586 omnibus,
3379 4524 3500 4589 que

635 4608 1004 4694 plantantur
1049 4612 1113 4673 et
1158 4607 1551 4672 seminantur
1593 4607 1659 4671 in
1706 4611 1895 4690 terra,
1944 4607 2136 4673 salvis
2182 4608 2496 4692 dricturiS,
2546 4629 2666 4693 que
2712 4615 2862 4675 sunt
2903 4610 3093 4676 tales:
3139 4613 3501 4697 portagium

635 4716 972 4782 herbarum
1018 4714 1099 4780 ad
1146 4733 1359 4796 areaS,
1406 4713 1901 4797 scribanagium,
1949 4716 2448 4800 mensuragium,
2503 4717 2906 4800 gardagium,
2962 4718 3320 4803 scenequie,
3381 4738 3504 4804 quo

635 4821 831 4892 libere
884 4819 1295 4902 levabuntur,
1352 4821 1503 4886 item
1562 4825 1627 4886 et
1680 4820 1954 4886 dricture
1999 4819 2372 4888 Ysembardi
2427 4827 2492 4888 et
2534 4821 2858 4889 Lamberti
2913 4824 2982 4888 in
3028 4824 3374 4906 casalibus,
3435 4827 3506 4891 in

641 4927 867 5012 quibus
910 4928 1110 5016 recipi
1156 4932 1615 4994 consueverunt
1650 4931 1935 5014 tempore
1965 4926 2150 4993 huius
2182 4929 2672 5015 compositionis.
2739 4929 2831 4996 Et
2871 4929 2988 4996 hee
3030 4949 3134 4997 res
3175 4932 3507 5017 capientur
