3892 5609
729 340 878 413 326
1709 348 2135 397 Pomm-mma
2180 348 2625 397 Romnum

726 516 1197 600 presumpturos
1245 510 1490 576 sublato
1537 506 1983 596 appellationis
2024 508 2346 577 obstaculo
2376 509 2657 577 accensis
2686 509 2965 577 candelis
2994 508 3301 576 dilatione
3330 514 3401 575 et
3428 528 3603 575 occa·

726 620 902 701 sione
959 618 1313 704 postposita
1371 617 1942 683 excommunicatos
1999 615 2249 701 publice
2302 617 2607 683 nuntietis
2666 621 2731 683 et
2786 621 2919 683 tam
2974 616 3083 683 diu
3134 616 3391 683 faciatis
3442 616 3606 682 sieut

728 726 1300 793 excommunicatos
1364 724 1562 790 artius
1609 723 1865 807 evitari,
1914 723 2113 790 donec
2158 744 2346 810 passo
2400 724 2697 790 iniuriam
2754 742 3025 806 congrue
3084 723 3491 791 satisfaciant
3542 728 3605 788 et

725 853 841 919 pro
901 831 1310 898 absolutionis
1383 828 1682 897 beneficio
1741 830 2139 915 impetrando
2198 829 2541 917 apostolico
2598 850 2666 896 se
2722 831 3084 915 conspectui
3140 836 3603 916 representent.

725 939 853 1005 Eos
892 959 1062 1021 vere,
1111 938 1220 1022 qui
1262 938 1331 1003 in
1376 937 1690 1023 predictos
1734 936 1965 1003 fratres
2009 956 2233 1003 manus
2278 957 2407 1003 non
2448 938 2717 1004 iniciunt
2747 936 3076 1021 violentas,
3106 936 3219 1005 sed
3252 957 3363 1003 eos
3394 936 3605 1003 verbis

727 1045 1196 1113 contumeliosis
1244 1043 1525 1111 afficiunt
1571 1049 1634 1109 et
1679 1044 2070 1128 equitaturas
2117 1049 2227 1109 aut
2272 1044 2398 1110 alia
2441 1064 2656 1111 eorum
2702 1043 2869 1110 bona
2918 1042 3225 1110 violenter
3270 1044 3605 1130 diripiunt,

725 1154 782 1219 si
829 1174 868 1219 a
915 1151 1090 1217 vobis
1137 1152 1501 1217 commoniti
1547 1150 1758 1216 ablata
1805 1151 1894 1216 eis
1937 1150 2273 1217 restituere
2317 1147 2634 1217 noluerint
2677 1156 2741 1216 et
2780 1149 2859 1215 de
2897 1148 3091 1216 illatis
3132 1150 3389 1216 iniuriis
3422 1152 3606 1217 satis-

726 1260 1063 1327 factionem
1111 1276 1451 1340 congruam
1499 1256 1813 1340 exhibere‚
1861 1256 2111 1323 vinculo
2156 1256 2574 1323 anathematis
2606 1256 2992 1341 astringatis,
3040 1277 3162 1342 quo
3196 1258 3375 1343 ipsos
3408 1276 3605 1342 usqne

727 1366 810 1432 ad
867 1364 1240 1447 condignam
1301 1364 1792 1430 satisfactionem
1837 1363 2109 1429 teneatis
2155 1364 2463 1429 astrictos.
2532 1363 2769 1430 Datum
2815 1362 3110 1431 Laterani
3156 1365 3290 1431 xvii
3334 1362 3471 1429 kal.
3518 1364 3605 1430 fe·

727 1472 967 1539 bruarii
1013 1469 1412 1557 pontificatus
1459 1470 1660 1537 nostri
1703 1488 1866 1536 anno
1913 1469 2202 1555 septime.

941 1610 1063 1663 Sine
1100 1610 1242 1663 dato:
1289 1611 1330 1673 1,
1357 1610 1512 1669 74v.;
1549 1609 1615 1672 11,
1645 1608 1801 1661 loev.
1837 1628 1888 1661 n.
1913 1608 2011 1670 583
2058 1609 2123 1661 A.
2148 1608 2217 1659 20
2254 1626 2304 1659 ιι.
2328 1608 2399 1659 56
2435 1609 2616 1660 Latine
2651 1618 2705 1660 et
2739 1609 3039 1661 Germanice
3074 1626 3187 1660 cum
3222 1619 3374 1661 nota:
3422 1610 3493 1661 Et
3528 1619 3605 1661 cst

727 1700 780 1752 in
803 1698 1064 1765 Marpurg.
1120 1699 1418 1749 Germanice
1453 1698 1517 1749 D.
1541 1697 1628 1750 57.
1658 1728 1719 1737 -—
1761 1698 1885 1749 Cum
1923 1698 2069 1749 dato:
2105 1698 2347 1748 Laterani
2382 1698 2481 1747 xvii
2504 1697 2608 1748 kal.
2631 1696 2760 1749 febr.
2797 1714 2848 1765 p.
2872 1717 2923 1750 ιι.
2950 1716 2996 1749 a.
3022 1698 3054 1747 7
3092 1715 3155 1749 ex
3178 1698 3415 1763 originali
3440 1716 3603 1765 quon·

727 1789 846 1839 dam
873 1786 1220 1838 confluentino
1257 1804 1390 1837 nunc
1427 1786 1616 1838 archivi
1639 1786 1826 1837 ordinis
1851 1786 2149 1837 'l'heutonici
2174 1785 2578 1837 vindobonensis
2614 1803 2727 1837 cum
2762 1786 2903 1839 bulla
2934 1786 2987 1836 in
3011 1786 3109 1837 filis
3142 1786 3349 1837 sericeis
3372 1804 3605 1853 appensa

728 1876 810 1928 cd.
835 1876 1043 1927 Hennes
1083 1874 1203 1926 Cod.
1231 1876 1338 1927 ord.
1363 1875 1544 1925 'l'heut-
1571 1875 1622 1938 Ι,
1648 1873 1717 1925 68
1753 1893 1802 1926 ιι.
1829 1874 1914 1927 63.
1956 1904 2017 1912 -
2071 1875 2193 1925 Cum
2229 1873 2407 1925 eodem
2444 1874 2588 1925 dato:
2636 1876 2699 1925 A.
2730 1874 2795 1925 16
2832 1892 2881 1941 p.
2906 1874 2975 1925 85
3020 1874 3395 1938 ᾖ(Βειιιᾶιιειιιιὶεις
3444 1876 3605 1925 eciam

727 1966 978 2019 invenitur
1001 1965 1050 2014 in
1077 1964 1244 2015 Iuncis
1269 1965 1362 2015 sub
1388 1964 1567 2015 eodem
1590 1964 1776 2029 papa“.
1798 1992 1863 2001 —
1899 1962 1961 2015 In
1987 1963 2165 2013 eodem
2187 1962 2390 2014 archivo
2414 1962 2796 2014 Vindobonensi
2832 1962 3116 2030 specialiter
3138 1963 3267 2014 haec
3290 1963 3511 2029 epistola
3536 1964 3605 2014 ad

725 2052 1078 2118 Moguntinum
1115 2050 1562 2118 archiepiscopum,
1599 2051 1949 2117 suffraganeos
1986 2051 2092 2101 eius
2132 2050 2353 2116 aliosque
2390 2050 2676 2115 provinciae
2710 2052 2855 2103 istius
2891 2052 3146 2118 praelatos
3170 2052 3265 2103 sub
3290 2052 3413 2102 dato
3440 2052 3603 2117 (1223

729 2139 874 2207 april.
901 2139 954 2206 7)
993 2140 1230 2191 Laterani
1255 2140 1322 2191 vii
1345 2140 1414 2191 id.
1433 2139 1604 2205 aprilis
1628 2156 1680 2206 p.
1699 2158 1749 2190 n.
1768 2158 1814 2190 a.
1841 2138 1873 2189 7
1899 2138 2107 2190 directa.
2170 2138 2291 2189 Cum
2316 2138 2497 2191 eodem
2519 2139 2665 2191 dato:
2702 2140 2943 2191 Laterani
2964 2141 3031 2191 vii
3054 2140 3123 2193 id.
3146 2140 3319 2206 aprilis
3344 2157 3395 2206 p.
3416 2158 3471 2192 ιι.
3494 2158 3543 2191 a.
3570 2140 3601 2189 ‘a’

728 2230 796 2279 ad
819 2227 1171 2294 Moguntinum
1209 2227 1638 2294 archiepiscopum
1662 2236 1889 2279 caeteros
1925 2227 1989 2277 R.
2015 2226 2079 2279 71
2120 2228 2251 2278 inter
2272 2226 2771 2293 Mergenthemensia
2804 2245 2855 2279 n.
2878 2227 2961 2279 10.
2988 2258 3049 2267 -
3092 2228 3217 2279 Cum
3238 2229 3387 2281 dato:
3426 2228 3603 2295 Signie

727 2316 764 2367 ii
797 2316 900 2367 kal.
925 2333 1041 2382 aug.
1080 2334 1130 2382 p.
1155 2334 1207 2367 n.
1232 2333 1280 2366 a.
1306 2314 1341 2365 8
1377 2314 1444 2367 ad
1479 2316 1782 2367 Remensem
1819 2315 2251 2383 archiepiscopum
2287 2326 2512 2368 caeteros
2550 2316 2613 2367 R..
2638 2315 2735 2366 127
2772 2318 2903 2367 inter
2936 2316 3342 2383 Marburgensia,
3379 2318 3469 2369 ubi
3504 2317 3597 2367 ad-

685 2437 689 2442 ·
728 2404 886 2457 ditur:
923 2404 1050 2456 Item
1087 2404 1362 2470 Gregorius
1397 2422 1534 2471 papa
1568 2404 1643 2455 IX
1681 2404 1746 2453 de
1783 2404 1963 2454 eodem
2001 2404 2065 2457 de
2100 2404 2254 2456 verbo
2292 2404 2358 2455 ad
2394 2405 2626 2466 verbumg
2668 2405 2733 2455 R.
2764 2405 2865 2455 154
2900 2414 3202 2457 memoratur
3238 2405 3437 2455 initium
3470 2406 3601 2456 inter

727 2492 992 2544 Iuncensia
1028 2508 1140 2543 cum
1175 2502 1321 2544 nota:
1364 2493 1606 2557 „habetur
1641 2492 1780 2559 prins
1817 2491 1868 2543 in
1903 2492 2153 2559 Max-purg
2187 2491 2253 2543 de
2286 2493 2441 2543 verbo
2478 2492 2545 2544 ad
2577 2494 2785 2545 verbum
2820 2494 2949 2545 sicut
2982 2504 3063 2545 est
3105 2510 3198 2560 per
3232 2494 3453 2545 eundem
3486 2494 3595 2545 Hc-

726 2582 922 2632 norium
957 2581 1032 2632 111
1067 2590 1120 2632 et
1156 2581 1426 2633 Treveren.
1463 2598 1555 2648 per
1591 2581 1946 2632 Innocencium
1982 2580 2071 2631 IV.
2128 2582 2190 2631 A.
2222 2580 2286 2632 16
2322 2598 2373 2646 p.
2400 2580 2469 2631 60
2510 2582 2591 2646 „in
2627 2570 2922 2649 Marpurg³n

734 2862 908 2937 380.
953 2867 1128 2933 1223
1157 2871 1410 2933 ianuar.
1435 2868 1524 2933 16
1553 2866 1880 2933 Laterani.
1927 2866 2256 2932 Honorius
2282 2865 2402 2932 III
2420 2872 2642 2954 repetit
2671 2893 2733 2933 n.
2748 2868 2881 2935 337
2913 2870 2991 2934 de
3013 2870 3183 2935 1221
3218 2872 3473 2935 ianuar.
3492 2869 3595 2937 19.

951 3007 1266 3074 Honorius
1325 3012 1441 3075 etc.
1696 3005 1965 3086 Querela
2020 3006 2389 3074 dilectorum
2450 3012 2567 3075 etc.
2646 3008 2883 3075 Datum
2936 3009 3238 3077 Laterani
3290 3012 3427 3077 xvii
3472 3010 3597 3077 kal.

727 3113 1030 3183 februarii
1075 3114 1476 3199 pontificatus
1519 3115 1722 3181 nostri
1767 3134 1932 3179 anno
1976 3113 2085 3179 vii.
2174 3180 2197 3201 .

2306 3266 2481 3275 0-——q

734 3403 828 3477 38
845 3405 908 3474 1.
949 3407 1128 3473 1223
1155 3410 1408 3472 ianuar.
1434 3409 1521 3473 29
1550 3406 1868 3474 Laterani.
1919 3408 2244 3474 Honorius
2270 3407 2393 3474 III
2414 3412 2637 3495 repetit
2660 3434 2723 3474 n.
2743 3410 2877 3477 318
2907 3412 2983 3476 de
3003 3410 3177 3479 1221
3210 3414 3464 3479 ianuar.
3494 3414 3595 3479 16.

951 3547 1268 3614 Honorius
1315 3553 1430 3614 etc.
1585 3516 1590 3527 ⁵
1655 3547 1756 3613 Ex
1786 3548 2213 3616 insinuatione
2244 3555 2360 3617 etc.
2428 3551 2665 3618 Datum
2695 3549 2994 3619 Laterani
3022 3552 3119 3619 iiii
3149 3552 3274 3619 kal.
3298 3554 3599 3621 februarii

728 3652 1132 3742 pontificatus
1180 3656 1378 3721 nostri
1425 3674 1588 3721 anno
1635 3656 1923 3741 septimo.

736 3874 912 3947 382.
952 3877 1133 3945 1223
1162 3880 1416 3944 ianuar.
1432 3879 1517 3946 31
1554 3877 1878 3945 Laterani.
1927 3879 2253 3945 Honorius
2278 3879 2403 3947 III
2422 3884 2645 3967 repetit
2673 3905 2737 3945 n.
2750 3881 2883 3947 323
2914 3882 2991 3948 de
3013 3883 3185 3947 1221
3220 3886 3477 3951 ianuar.
3494 3886 3596 3952 17.

954 4018 1270 4085 Honorius
1317 4024 1435 4085 etc.
1706 4019 1868 4085 Cum
1915 4040 1955 4086 a
1996 4020 2433 4104 religiosorum
2482 4027 2599 4089 etc.
2676 4022 2913 4089 Datum
2943 4020 3242 4091 Laterani
3272 4024 3323 4091 ii
3353 4024 3479 4091 kal.
3512 4026 3599 4092 fe-

734 4125 973 4193 bruarii
1019 4124 1423 4213 pontificatus
1467 4128 1670 4193 nostri
1716 4146 1880 4193 anno
1925 4128 2033 4193 vii.

737 4402 912 4479 383.
954 4410 1133 4476 1223
1177 4413 1467 4475 ianuarii
1492 4411 1576 4479 31
1627 4412 1952 4477 Laterani.
2023 4412 2349 4477 Honorius
2381 4412 2427 4477 Ι
2425 4411 2504 4478 ΙΙ
2540 4414 2708 4479 iubet
2742 4416 3068 4503 praelatos
3114 4418 3359 4483 ordinis
3398 4416 3596 4483 Theu-

953 4520 1149 4583 tonici
1187 4518 1527 4604 privileqia
1574 4520 1923 4605 apostolica
1972 4520 2189 4604 leyere,
2240 4519 2585 4601 observare,
2636 4522 3023 4587 observanda
3068 4545 3311 4589 curare.

951 4657 1270 4726 Honorius
1326 4660 1658 4747 episcopus
1713 4680 1931 4727 servus
1992 4680 2313 4727 servorum
2372 4661 2474 4728 dei
2525 4660 2990 4729 venerabilibus
3044 4662 3349 4731 fratribus
3402 4665 3599 4731 arehi-

733 4764 1046 4851 episcopis
1095 4771 1158 4831 et
1203 4767 1514 4852 episcopis
1551 4772 1668 4833 etc.
1700 4767 1973 4833 salutem
2004 4774 2069 4834 et
2098 4767 2508 4854 apostolicam
2540 4768 3057 4836 benedictionem.
3284 4770 3357 4837 Si
3384 4772 3601 4838 discri-

730 4873 937 4955 mina,
996 4892 1118 4957 que
1177 4874 1390 4939 dilecti
1435 4872 1549 4939 filii
1593 4874 1820 4941 fratres
1865 4874 2197 4960 hospitalis
2244 4879 2459 4940 sancte
2503 4873 2704 4941 Maris
2749 4875 3275 4943 Theotonicorum
3318 4876 3603 4945 lerosoli-

733 4978 958 5045 mitani
1003 4998 1117 5065 pro
1164 4972 1526 5047 defensione
1569 4980 2049 5049 christianitatis
2089 4981 2318 5048 cotidie
2362 4982 2677 5049 sustinent
2718 4982 2785 5049 in
2824 4982 3112 5071 partibus
3144 4986 3603 5069 transmarinis,
