3892 5609
1382 317 1770 366 rammam
1815 317 2203 368 camma
2256 349 2263 357 .
2604 348 2613 383 .·
2656 283 2675 298 ⁸
3063 305 3209 376 421

371 473 550 545 649.
589 478 768 546 1268
809 481 969 544 maii
1013 479 1097 546 15
1139 478 1416 546 Viterbii.
1488 476 1760 544 Clemens
1804 478 1851 543 I
1853 479 1910 546 V
1946 481 2169 566 repetit
2226 430 2468 546 isi-bani
2505 478 2615 544 IV
2650 502 2711 542 n.
2745 479 2877 545 629
2922 480 3000 544 de
3044 427 3227 546 1263·

591 586 856 652 octobris
899 587 961 653 1.

590 717 875 786 Clemens
920 721 1037 785 etc.
1215 717 1374 786 Cum
1421 739 1532 786 vos
1575 724 1872 805 tanquam
1921 723 2038 785 etc.
2109 717 2343 786 Datum
2372 717 2641 785 Viterbii
2683 717 2825 784 idus
2870 718 3019 784 maii
3066 737 3221 806 pon-

363 823 638 892 tificatus
679 827 880 922 nostri
927 845 1088 892 anno
1133 831 1375 911 quarto.

579 967 988 1032 Transsumptum
1022 964 1197 1017 iudicis
1233 965 1534 1033 episcopalis
1569 965 1820 1034 Spirensis
1857 967 1922 1024 de
1964 965 2099 1018 1350
2133 963 2240 1016 iulii
2275 963 2309 1014 6
2344 962 2397 1015 in
2434 964 2634 1016 archivo
2671 965 3055 1031 Regimontano.

371 1206 548 1278 650.
590 1207 780 1274 1272
817 1209 978 1273 maii
1008 1208 1098 1274 30
1139 1208 1462 1274 Laterani.
1539 1206 1882 1296 G'reqovius
1914 1207 1985 1273 X
2024 1211 2249 1295 repetit
2294 1207 2646 1272 Innocentii
2673 1206 2783 1272 IV
2811 1208 3221 1294 privileyium

587 1341 650 1381 n.
684 1315 817 1383 650
859 1317 936 1380 de
980 1315 1157 1382 1253
1197 1319 1489 1382 ianuarii
1529 1317 1591 1382 5.

587 1454 925 1540 Gregorius
971 1461 1088 1522 etc.
1268 1456 1443 1524 Solet
1487 1477 1760 1524 annuere
1805 1461 1919 1524 etc.
1988 1455 2224 1523 Datum
2258 1454 2558 1522 Laterani
2598 1454 2671 1520 iii
2716 1455 3017 1524 kalendas
3060 1459 3222 1528 iunii

365 1561 762 1650 pontificatus
803 1564 1004 1630 nostri
1049 1583 1211 1630 anno
1254 1565 1478 1650 primo.

575 1704 690 1758 Duo
724 1705 1010 1772 originalia,
1043 1721 1252 1771 quorum
1285 1705 1497 1757 alterum
1530 1703 1787 1770 magistro,
1823 1703 2037 1756 alterum
2069 1703 2383 1771 praeceptori
2420 1711 2473 1754 et
2504 1702 2740 1756 stati-ibus
2764 1705 3071 1771 inscriptum,
3109 1723 3222 1758 cum

365 1793 534 1857 bullis,
549 1795 826 1847 successive
845 1794 1129 1856 cracoviae,
1149 1793 1440 1856 Vax-saviae,
1457 1793 1682 1844 Berolini
1699 1801 1971 1854 asservata,
1991 1793 2109 1844 inde
2126 1794 2191 1844 ab
2212 1810 2257 1844 a.
2274 1792 2407 1844 1865
2427 1793 2731 1858 Regimonti‚
2752 1810 2881 1859 quae
2898 1794 3019 1845 citat
3034 1794 3217 1845 Inven-
3311 1847 3320 1855 ,

365 1885 546 1934 tarium
581 1883 765 1936 archivi
789 1882 1128 1934 Gracoviensis
1163 1899 1214 1948 p.
1239 1881 1306 1933 67
1351 1882 1654 1949 „Gregorius
1689 1899 1827 1949 papa
1849 1882 1899 1933 X
1935 1881 2271 1934 immunitates
2307 1900 2339 1933 a
2360 1881 2601 1933 Romanis
2636 1881 2953 1948 pontificibus
2990 1891 3043 1933 et
3064 1882 3217 1934 liber-

365 1980 498 2024 tates
536 1990 568 2023 a
588 1971 790 2036 regibus
813 1988 1076 2022 concessas
1100 1971 1352 2022 cruciferis
1377 1971 1650 2024 confirmat.
1705 1970 1892 2022 Datum
1917 1971 2153 2022 Laterani
2176 1971 2210 2022 3
2236 1969 2338 2021 kal.
2365 1971 2487 2020 111011
2508 1971 2829 2038 pontificatus
2854 1987 2985 2050 anno
3010 1972 3219 2036 primo“.

365 2060 560 2111 Ibidem
595 2061 688 2110 sub
724 2060 1042 2126 inscriptione
1079 2059 1418 2127 praeceptoris
1443 2069 1495 2110 et
1517 2061 1724 2111 fratrum
1759 2061 1810 2112 h.
1835 2079 1876 2112 s.
1901 2060 1973 2112 M.
1998 2060 2091 2112 Th.
2115 2059 2156 2111 1.
2182 2059 2234 2110 in
2257 2057 2463 2113 Prussia
2487 2067 2843 2110 transsumtum
2866 2076 2957 2126 per
2980 2059 3221 2112 'rhomam

364 2147 828 2200 'wratislaviensem
861 2147 1150 2215 episcopum
1185 2148 1234 2200 d.
1261 2149 1310 2200 d.
1352 2147 1487 2200 1273
1525 2149 1558 2200 9
1584 2148 1687 2201 kal.
1711 2151 1868 2201 octbr.
1905 2129 2281 2200 Otmuchoviae.
2307 2177 2367 2185 —
2407 2147 2467 2198 P.
2493 2164 2551 2198 ac
2586 2147 2622 2197 f.
2648 2147 2699 2197 h.
2724 2165 2764 2198 8.
2790 2147 2861 2198 Μ.
2887 2147 2979 2198 Th.
3016 2149 3068 2198 in
3094 2147 3217 2198 Ale-

366 2237 534 2288 mania
570 2236 842 2302 Gregorius
879 2247 976 2287 etc.
1029 2237 1092 2288 R.
1117 2236 1216 2288 173
1252 2237 1383 2288 inter
1407 2236 1710 2304 Thuringica
1743 2255 1854 2288 cum
1889 2249 2035 2289 nota:
2072 2237 2167 2288 hoc
2204 2235 2469 2303 prilegium
2504 2236 2785 2288 continetur
2818 2237 2871 2287 in
2906 2236 3095 2287 Biezen
3130 2253 3221 2302 per

368 2325 666 2392 Gregorium
701 2341 886 2392 papam
919 2323 984 2376 X.
1037 2327 1103 2376 A.
1128 2325 1192 2376 16
1227 2343 1280 2392 p.
1302 2325 1374 2377 50
1414 2325 1664 2392 „Baruli“:
1711 2327 1774 2378 A.
1799 2327 1863 2378 16
1897 2344 1949 2393 p.
1980 2326 2079 2378 109
2122 2324 2537 2392 „Monasterium“
2580 2324 2885 2391 (Traiecti).
2944 2325 3023 2375 De
3059 2324 3216 2391 privi-

365 2415 517 2482 legio,
554 2414 687 2480 quod
721 2415 774 2466 in
809 2413 934 2466 Livl.
957 2414 1084 2467 Urk.
1107 2413 1151 2477 1,
1175 2415 1278 2466 535
1313 2431 1364 2466 n.
1382 2413 1488 2464 424
1525 2415 1602 2481 (Si
1638 2415 1940 2482 discrimina)
1978 2415 2135 2467 fertur
2160 2414 2394 2482 Gregorii
2418 2414 2468 2465 X
2510 2413 2639 2464 1271
2671 2412 2831 2478 (1272
2855 2421 2966 2464 erat
2992 2414 3217 2466 scriben-

366 2504 508 2572 dum)
544 2502 650 2554 iulii
671 2501 735 2553 21
778 2503 892 2555 vide
917 2503 1216 2571 Gregorium
1239 2503 1314 2555 1x
1355 2503 1488 2558 1227
1525 2503 1632 2555 111111
1667 2504 1753 2556 21.

370 2691 546 2761 651.
586 2694 772 2760 1274
815 2694 1081 2760 octobris
1126 2693 1214 2759 19
1257 2692 1566 2778 Lugduni
1607 2690 1722 2776 (of.
1755 2693 1938 2760 1274
1982 2692 2330 2758 novembris
2360 2690 2455 2772 2).
2530 2689 2871 2779 Greqooiue
2900 2691 2972 2757 X
3013 2694 3227 2758 eximit

587 2803 867 2866 ordinem
919 2799 1363 2866 Theutonieum
1421 2825 1463 2864 a
1515 2802 1937 2886 praestatione
1995 2801 2268 2864 decimae
2313 2800 2475 2864 clero
2519 2802 2590 2864 in
2636 2800 2899 2865 concilio
2941 2799 3229 2886 yenerali

583 2910 930 2994 impositae.

583 3039 923 3124 Gregorius
955 3041 1285 3126 episcopus
1315 3059 1532 3106 servus
1563 3059 1883 3104 servorum
1931 3039 2034 3105 dei
2080 3038 2322 3105 dilectis
2366 3037 2511 3104 filiis
2556 3038 2861 3122 magistro
2904 3044 2968 3104 et
3010 3038 3225 3105 fratri-

364 3149 480 3215 bus
532 3147 861 3236 hospitalis
908 3153 1122 3214 sancte
1166 3145 1366 3213 Marie
1408 3146 1932 3212 Theutonicorum
1980 3145 2457 3212 Ierosolimitani
2502 3145 2769 3214 salutem
2816 3151 2881 3212 et
2924 3145 3224 3231 apostoli-

364 3276 502 3322 cam
546 3255 1062 3322 benedictionem.
1254 3253 1400 3339 Ipsa
1439 3272 1556 3318 008
1601 3253 1768 3336 cogit
1811 3253 2017 3338 pietas
2062 3252 2338 3319 honestis
2384 3254 2797 3340 peticionibus
2842 3253 3069 3319 vestris
3114 3273 3223 3319 ex-

365 3363 709 3429 audicionis
763 3363 1040 3446 graciam
1095 3380 1223 3427 non
1267 3380 1528 3443 negare,
1583 3359 1808 3443 quibus
1855 3357 2073 3426 efficax
2120 3379 2197 3426 ex
2244 3381 2316 3426 00
2361 3361 2781 3447 patrocinium
2826 3359 3223 3444 suffragatur,

365 3469 531 3554 quod
575 3471 702 3556 'pro
759 3469 1096 3536 christiane
1151 3466 1299 3532 fidei
1351 3466 1582 3549 tutela,
1639 3467 1738 3532 cui
1797 3471 2171 3553 perpetuum
2229 3467 2546 3552 religionis
2603 3473 2810 3535 vestre
2856 3468 3223 3553 obsequium

363 3574 718 3660 dedicastis,
763 3576 830 3641 in
859 3575 1104 3641 fervore
1135 3574 1415 3640 caritatis
1443 3571 1757 3660 intrepide
1787 3592 1860 3638 ac
1892 3571 2232 3660 prudenter
2262 3575 2574 3661 exponitis
2616 3579 2836 3642 contra
2877 3573 3222 3644 infidelium

363 3683 636 3768 impetus
663 3703 766 3749 res
799 3687 863 3748 et
899 3683 1113 3748 vitam.
1187 3681 1352 3747 Sane
1397 3680 1623 3765 peticio
1669 3685 1881 3747 vestra
1923 3679 2104 3746 nobis
2150 3680 2429 3748 exhibita
2474 3682 2851 3765 continebat,
2899 3681 3063 3766 quod
3106 3703 3221 3749 nos

362 3810 565 3875 nuper
629 3789 698 3855 in
753 3788 1014 3855 concilio
1081 3781 1388 3872 generali¹
1445 3786 1722 3853 volentes
1792 3793 1959 3854 terre
2020 3793 2261 3872 sancte,
2331 3807 2449 3872 que
2504 3787 2583 3854 ab
2636 3787 2891 3855 inimico
2950 3789 3222 3855 nominis

365 3895 598 3962 Christi
638 3895 954 3962 detinetur
995 3893 1439 3960 miserabiliter
1470 3900 1790 3980 occupata,
1838 3889 2118 3962 1010οἩ10
2161 3913 2517 3982 procurare,
2565 3915 2677 3981 per
2722 3915 2845 3981 que
2888 3901 3103 3983 posset
3144 3896 3223 3961 de

362 4003 645 4090 ipsorum
690 4001 1088 4068 inimicorum
1136 4001 1426 4068 manibus
1469 4001 1747 4086 liberari,
1795 4003 2097 4068 decimam
2148 4002 2425 4068 omnium
2471 4006 2885 4089 proventuum
2932 4002 3225 4069 ecclesia-

362 4111 694 4192 sticorum,
753 4108 1160 4200 proventibus
1219 4106 1608 4194 quorundam
1667 4109 2101 4202 religiosorum
2147 4109 2454 4176 duntaxat
2498 4111 2805 4196 excepti8‚
2862 4129 2979 4195 pro
3022 4110 3222 4195 ipsius

363 4221 531 4282 terre
584 4215 862 4283 subsidio
922 4217 1216 4282 duximus
1274 4213 1719 4302 deputandum.
1802 4215 2006 4293 Quare
2050 4215 2232 4282 nobis
2277 4215 2595 4283 humiliter
2638 4215 3071 4302 supplicastis,
3130 4222 3221 4298 ut,

363 4342 504 4390 cum
533 4341 644 4388 vos
677 4322 756 4388 ad
785 4323 903 4388 hoc
932 4322 1365 4409 principaliter
1393 4322 1713 4403 laboretis,
1762 4328 1832 4387 ut
1862 4340 1971 4387 vos
2000 4323 2243 4408 pariter
2274 4329 2337 4388 et
2367 4324 2596 4408 omnia,
2644 4344 2762 4408 que
2794 4322 3058 4406 habetis,
3106 4342 3221 4408 pro

269 4425 280 4440 ‘
360 4430 561 4516 ipsius
590 4435 757 4495 terre
785 4435 1002 4496 sancte
1030 4428 1390 4496 defensione
1435 4449 1507 4495 ac
1553 4427 1888 4495 christiane
1932 4427 2079 4495 fidei
2124 4430 2473 4516 exponatiS,
2519 4449 2629 4495 vos
2674 4431 2951 4496 eximere
2997 4450 3034 4495 0
3078 4449 3221 4515 pre-

361 4537 638 4604 stacione
693 4537 1080 4603 huiusmodi·
1106 4537 1344 4603 decime
1399 4536 1476 4603 de
1530 4535 1915 4619 benignitate
1974 4536 2317 4622 apostolica
2372 4557 2750 4603 curaremus.
2840 4535 2972 4603 Nos
3028 4537 3220 4621 igitur

365 4643 752 4710 attendentes
780 4643 1163 4729 discrimina,
1199 4665 1317 4730 que
1351 4663 1466 4730 pro
1502 4643 1859 4709 defensione
1903 4643 2184 4730 predicte
2226 4649 2393 4710 terre
2440 4649 2651 4709 sancte
2695 4644 2986 4709 continue
3032 4645 3222 4711 susti-

361 4751 526 4816 netis
559 4771 632 4815 ac
660 4750 938 4817 volentes
971 4771 1080 4816 vos
1111 4758 1369 4839 propter
1398 4752 1515 4817 hoc
1546 4750 1805 4838 speciali
1844 4752 2058 4836 gracia
2104 4749 2397 4837 prosequi
2444 4755 2507 4816 et
2548 4751 2760 4816 favore
2806 4751 3005 4834 vobiS,
3054 4750 3219 4837 quod

364 4859 441 4925 de
485 4859 890 4945 proventibus
951 4860 1175 4926 vestris
1231 4859 1538 4925 decimam
1596 4858 1950 4925 huiusmodi
2004 4857 2247 4924 solvere
2292 4856 2551 4924 minime
2594 4858 2936 4924 teneamini
2979 4877 3095 4952 nec
3139 4858 3218 4923 ad

362 4963 428 5031 id
459 4965 746 5053 compelli
775 4965 1054 5052 possitiS,
1088 4967 1456 5032 auctoritate
1485 4967 1872 5052 presentium
1901 4963 2317 5051 indulgemus,
2360 4965 2663 5050 nolentes,
2698 4951 2863 5054 quod
2894 4964 3221 5038 occasione
