3892 5609
1353 440 1742 488 Prummu
1791 439 2181 488 cusanam
2388 480 2394 488 .
3034 432 3129 514 41
3146 431 3187 502 9

2610 519 2627 548 Ι

331 597 538 680 nibus,
585 618 740 683 quas
771 597 1004 664 eisdem
1051 599 1254 684 parati
1301 599 1450 666 estis
1496 600 1560 666 in
1606 597 1979 666 victualibus
2026 596 2339 682 exhibere,
2386 620 2425 665 a
2472 599 2643 666 vobis
2690 591 2753 665 et
2796 591 3074 667 ecclesiis
3120 621 3194 668 ac

331 704 620 771 domibus
675 706 902 772 vestris
956 707 1278 774 occasione
1332 707 1848 793 procuracionum
1901 705 2257 772 huiusmodi
2310 705 2668 790 frequenter
2711 727 2837 775 non
2881 708 3191 776 modicam

332 813 598 900 pecunie
653 832 962 878 summam
1022 813 1284 896 exigunt
1339 819 1402 880 et
1446 817 1838 899 extorquent.
1916 811 2122 892 Quare
2164 811 2365 880 felicis
2408 813 2857 880 recordationis
2902 814 3191 882 Urbanus

329 937 521 1006 papa,
569 919 970 1004 predecessor
999 925 1234 1004 noster,
1279 920 1616 1004 intellecto,
1663 921 1828 1005 quod
1869 925 2131 1006 propter
2173 921 2291 987 hoc
2336 920 2706 1006 quandoque
2750 927 3031 988 vestrum
3074 923 3193 990 im-

331 1025 653 1112 pediretur
707 1028 1096 1113 propositum
1147 1033 1210 1094 et
1253 1028 1659 1110 derogaretur
1702 1028 1952 1111 negotio
1998 1032 2163 1094 terre
2210 1033 2452 1111 sancte,
2511 1029 2719 1111 vobis,
2781 1033 2851 1094 ut
2893 1030 3193 1115 predictis

330 1131 558 1217 legatis
587 1139 650 1200 et
693 1135 930 1200 nuntiis
975 1133 1056 1200 ad
1101 1134 1428 1202 solvendas
1473 1135 1942 1220 procurationes
1988 1135 2383 1220 pecuniarias
2428 1136 2567 1219 cogi
2612 1156 2734 1201 non
2781 1137 3049 1222 possetis
3094 1137 3193 1202 in-

331 1240 478 1324 viti,
532 1260 644 1325 per
697 1261 842 1307 suas
886 1239 1132 1308 litteras
1177 1246 1408 1309 extunc
1451 1246 1597 1328 post
1637 1242 1977 1308 triennium
2024 1241 2283 1307 minime
2327 1241 2627 1308 valituras
2672 1240 2950 1308 indulsit.
3035 1242 3195 1321 Quia

332 1367 480 1414 vero
520 1347 874 1414 huiusmodi
914 1347 1250 1414 triennium
1300 1355 1396 1416 est
1439 1347 1742 1435 elapsum,
1788 1368 1904 1415 nos
1949 1349 2174 1415 vestris
2220 1347 2779 1435 supplicationibus
2826 1353 3192 1434 annuentes,

331 1461 404 1520 ut
456 1454 688 1522 eisdem
733 1454 956 1538 legatis
1002 1461 1065 1522 et
1106 1457 1376 1540 nuntiis,
1437 1456 1718 1544 exceptis
1763 1461 1975 1522 tamen
2021 1455 2097 1522 de
2141 1455 2336 1522 latere
2380 1461 2597 1523 nostro
2640 1457 2850 1524 missis
2866 1506 2885 1540 ,
2944 1456 3023 1524 ad
3070 1457 3195 1523 sol-

192 1569 220 1584 *
332 1561 601 1628 vendam
671 1563 1063 1649 pecuniarias
1141 1565 1615 1650 procurationes
1683 1561 1975 1650 compelli
2055 1581 2303 1630 exnunc
2370 1563 2451 1630 ad
2514 1564 2795 1630 futurum
2854 1563 3194 1632 triennium
3244 1608 3257 1646 ,

332 1669 593 1736 minime
636 1669 932 1754 valeatis,
993 1670 1170 1737 vobis
1216 1673 1587 1738 auctoritate
1633 1668 1977 1757 apostolica
2018 1669 2445 1754 indulgemuS,
2496 1670 2832 1737 dummodo
2876 1670 3192 1770 predictos

330 1774 570 1859 legatos
617 1781 680 1843 et
722 1777 975 1843 nuntios
1020 1777 1086 1842 in
1133 1777 1506 1845 victualibus
1553 1779 1918 1864 procuretis.
1982 1776 2338 1844 Sententias
2370 1797 2537 1861 vero,
2586 1778 2641 1844 si
2686 1763 2807 1864 que
2852 1778 2920 1845 in
2950 1773 3061 1845 vos
3094 1777 3195 1846 vel

333 1883 605 1966 aliquem
635 1883 712 1950 de
742 1883 960 1951 ordine
991 1890 1198 1951 vestro
1243 1890 1462 1952 contra
1504 1885 1814 1952 indultum
1860 1884 2215 1951 huiusmodi
2260 1885 2339 1951 de
2384 1889 2589 1952 cetero
2634 1884 2870 1952 fuerint
2912 1884 3193 1971 promul-

329 1995 507 2072 gate,
551 1990 762 2056 irritas
817 2011 1066 2058 exnunc
1107 1992 1496 2059 decernimus
1543 1997 1606 2059 et
1647 1993 1886 2058 inanes.
1966 1990 2139 2058 Nulli
2183 2011 2329 2075 ergo
2376 1995 2491 2058 etc.
2564 1990 2635 2057 Si
2678 1993 2817 2078 quis
2864 1997 2983 2058 etc.
3065 1991 3195 2060 Da-

331 2101 468 2162 tum
514 2096 779 2164 Viterbii
827 2119 862 2163 v
908 2097 1210 2166 kalendas
1254 2099 1413 2166 iunii
1459 2098 1860 2186 pontificatus
1903 2099 2107 2164 nostri
2151 2117 2314 2164 anno
2361 2098 2652 2164 secundo.

544 2221 619 2272 Ex
655 2220 884 2286 originali
918 2221 970 2272 in
1007 2221 1208 2273 archivo
1243 2221 1610 2288 Regimontano
1645 2230 1902 2274 asservato
1937 2221 2020 2274 cd.
2056 2221 2107 2272 in
2144 2219 2269 2272 Livl.
2296 2221 2357 2274 U.
2383 2219 2443 2272 B.
2467 2220 2509 2282 Ι,
2533 2219 2633 2272 501
2674 2238 2724 2272 n.
2750 2219 2856 2272 397
2868 2257 2878 2272 .

337 2426 514 2496 644.
555 2429 730 2495 1266
775 2429 1042 2495 octobr-is
1085 2430 1172 2496 18
1217 2429 1496 2496 Vim-bii.
1573 2428 1846 2496 &emm
1885 2428 1998 2494 IV
2030 2429 2255 2514 repetit
2299 2427 2655 2536 Inuocegzm‘
2691 2427 2803 2494 IV
2837 2451 2905 2492 n.
2938 2429 3075 2494 494
3118 2427 3195 2494 c‘le
3260 2465 3269 2474 ,

556 2537 730 2602 1245
776 2539 1136 2623 septembris
1181 2538 1244 2602 5.

554 2676 840 2746 Clemens
881 2683 996 2746 etc.
1175 2677 1318 2745 Non
1363 2677 1596 2764 absque
1641 2675 1855 2745 dolore
1884 2714 1967 2722 —
2002 2675 2261 2744 absolvi.
2331 2674 2563 2743 Datum
2612 2674 2879 2743 Viterbii
2924 2697 3009 2742 xv
3060 2675 3187 2744 kal.
3267 2667 3284 2674 ’

329 2786 686 2854 novembris
737 2786 1139 2873 pontificatus
1185 2787 1385 2853 nostri
1432 2806 1595 2853 anno
1641 2784 1934 2853 secundo.

546 2909 668 2960 Cum
703 2910 849 2962 dato:
887 2909 951 2961 A.
974 2909 1038 2961 16
1074 2927 1124 2976 p.
1151 2907 1247 2960 107
1291 2909 1586 2974 „Traiecti“.

338 3077 513 3148 645.
555 3081 730 3146 1266
775 3081 1042 3146 octobris
1074 3081 1162 3146 26
1205 3080 1482 3146 Viterbii.
1552 3079 1826 3146 Clemens
1855 3078 1969 3146 IV
2003 3079 2225 3166 repetit
2265 3099 2329 3140 n.
2354 3076 2487 3143 642
2531 3077 2607 3141 de
2647 3075 2825 3142 1265
2868 3078 3038 3142 iunii
3078 3077 3189 3143 24.

555 3219 842 3288 Clemens
887 3227 1002 3288 etc.
1229 3219 1382 3286 Cum
1443 3220 1684 3289 dilectis
1731 3225 1847 3287 etc.
1919 3219 2158 3286 Datum
2201 3215 2467 3285 viterbii
2524 3217 2612 3282 vii
2657 3216 2782 3282 kal.
2830 3216 3190 3283 novembris

333 3327 732 3416 pontificatus
777 3329 977 3394 nostri
1022 3349 1186 3395 anno
1235 3327 1524 3395 secunde.

1722 3471 1894 3478 ἑ.-

339 3550 514 3622 646.
554 3553 736 3619 1267
765 3555 1050 3618 ianuarii
1067 3553 1112 3618 8
1129 3547 1246 3636 [9]
1281 3553 1556 3620 Viterbii.
1607 3549 1879 3616 Cle-mens
1905 3549 2016 3617 IV
2046 3551 2267 3636 repetit
2304 3571 2367 3612 n.
2392 3547 2524 3612 642
2566 3547 2641 3612 de
2671 3547 2847 3612 1265
2884 3549 3053 3613 iunii
3079 3547 3187 3613 24.

557 3693 846 3760 Clemens
877 3699 993 3760 etc.
1164 3693 1321 3760 Cum
1352 3693 1595 3760 dilectis
1627 3697 1744 3759 etc.
1790 3690 2025 3758 Datum
2050 3689 2315 3758 Viterbii
2344 3688 2407 3756 vi
2442 3685 2531 3773 [v]
2564 3687 2707 3756 idus
2736 3688 3005 3756 ianuarii
3033 3708 3188 3775 pon-

331 3800 605 3870 tificatus
649 3800 850 3868 nostri
895 3819 1058 3866 anno
1103 3801 1392 3868 secundo.

337 3986 512 4058 647.
555 3988 734 4056 1267
765 3991 1055 4054 ianuarii
1082 3990 1163 4055 11
1204 3989 1480 4056 Viterbii.
1553 3985 1825 4052 Clemens
1865 3984 1976 4049 IV
2004 3985 2440 4071 praedicantes
2487 4005 2729 4048 erucem
2755 4003 2876 4068 pro
2908 3981 3187 4047 subsidio

556 4107 756 4162 terrae
800 4108 1052 4162 sanctae
1096 4099 1409 4162 auditores
1453 4095 1745 4161 inducere
1788 4095 1987 4172 iubet,
2042 4104 2113 4156 ut
2157 4092 2398 4156 ordinis
2450 4087 2820 4156 Theutonici
2858 4091 3189 4154 necessita-

557 4204 719 4270 tibus
765 4215 1153 4268 succurrant.

555 4343 842 4410 Clemens
862 4344 1190 4430 episcopus
1212 4362 1426 4410 servus
1445 4361 1766 4410 servorum
1787 4340 1888 4406 dei
1907 4337 2367 4405 venerabilibus
2386 4337 2685 4404 fratribus
2706 4334 3189 4422 archiepiscopis

334 4458 398 4520 et
427 4451 739 4539 episcopis
773 4470 846 4517 ac
867 4450 1112 4518 dilectis
1135 4449 1282 4516 filiis
1308 4449 1656 4533 abbatibus,
1689 4447 2028 4535 prioribus,
2054 4444 2413 4532 prepositis,
2440 4444 2710 4527 decanis,
2736 4443 3189 4509 archidiaconis

332 4566 395 4626 et
425 4558 566 4626 aliis
598 4557 999 4625 ecclesiarum
1033 4556 1292 4645 prelatis
1325 4557 1684 4640 cunctisque
1719 4554 2005 4642 personis
2037 4551 2471 4618 ecclesiasticis
2500 4558 2630 4620 tam
2659 4549 2969 4633 religiosis
3002 4569 3189 4634 quam

330 4665 712 4734 secularibus
745 4664 1209 4751 predicantibus
1240 4683 1484 4731 crucem
1517 4682 1632 4749 pro
1666 4660 1944 4728 subsidio
1969 4667 2135 4726 terre
2160 4663 2392 4742 sancte,
2420 4659 2499 4724 ad
2524 4679 2677 4743 quos
2700 4657 2881 4723 litere
2905 4657 3025 4722 iste
3048 4676 3190 4742 per-

329 4774 636 4856 venerint,
659 4771 924 4839 salutem
951 4778 1015 4838 et
1036 4771 1441 4858 apostolicam
1465 4769 1981 4836 benedictionem.
2117 4765 2267 4832 Plus
2289 4765 2625 4850 lugendum
2650 4784 2839 4850 quam
2856 4763 3189 4847 legendum

325 4887 494 4948 terre
525 4887 742 4946 sancte
783 4885 1020 4946 statum
1049 4879 1158 4944 vix
1204 4878 1437 4962 absque
1478 4877 1756 4944 lacrimis
1802 4875 2021 4942 audire
2066 4892 2421 4960 possumne,
2468 4877 2531 4939 et
2576 4873 2652 4938 de
2683 4871 2822 4957 ipso
2852 4870 3025 4955 loqui
3054 4871 3191 4937 sine

328 4987 524 5054 multe
557 4987 910 5054 interventu
939 4985 1199 5052 tristitie
1227 5005 1356 5051 non
1386 4983 1686 5068 valemus,
1731 4982 2029 5066 maxime,
2077 5001 2219 5048 cum
2264 4984 2473 5068 preter
2516 4978 2764 5045 infinita
2806 4977 3188 5090 discrimina,

327 5117 448 5183 que
503 5095 570 5162 in
615 5094 898 5183 partibus
943 5093 1068 5160 illis
1115 5091 1261 5158 olim
1320 5091 1822 5176 frequentissime
1865 5088 2128 5177 pertulit
2170 5087 2389 5172 religio
2434 5086 2805 5170 christiana,
2852 5086 2936 5152 sit
2977 5085 3064 5152 ibi
3111 5084 3189 5152 de

2646 5201 2713 5256 27
2729 5199 2767 5236 ὓ
