3892 5609
744 279 893 351 386
1712 290 2135 341 Pom-nucum
2180 292 2623 341 Romanorum

745 449 920 520 553.
963 451 1144 517 1257
1187 452 1357 515 iunii
1389 450 1472 516 18
1514 450 1793 515 Viterbii.
1864 450 2230 519 Alexander
2259 452 2371 519 IV
2404 454 2628 539 repetit
2668 474 2731 514 n.
2766 451 2899 517 545
2945 452 3023 517 de
3050 450 3229 517 1257
3275 452 3447 515 iunii
3470 449 3539 514 3.

959 590 1322 659 Alexander
1366 597 1480 657 ete.
1689 590 1918 659 Vestra
1964 592 2183 677 religio
2216 598 2333 661 ete.
2401 593 2635 660 Datum
2660 591 2929 659 Viterbii
2960 592 3098 659 xiiii
3127 590 3435 657 kalendas
3466 589 3605 655 iulii

738 698 1142 786 pontificatus
1185 699 1386 766 nostri
1432 718 1594 764 anno
1641 700 1856 766 tercio,

747 937 922 1008 554.
964 939 1143 1006 1257
1187 942 1358 1003 iunii
1395 939 1485 1004 22
1540 939 1817 1006 Viterbii.
1912 939 2279 1007 Alea-ander
2321 939 2431 1007 IV
2472 944 2699 1029 repetit
2752 940 3033 1007 Honorii
3072 940 3200 1007 III
3242 965 3311 1005 π.
3340 938 3479 1006 339
3532 938 3609 1004 de

963 1046 1137 1113 1221
1186 1048 1476 1111 ianuarii
1515 1046 1621 1113 20.

961 1177 1321 1245 Alexander
1377 1184 1492 1245 ete.
1717 1179 1950 1248 Dileeti
2004 1179 2117 1247 filii
2176 1186 2292 1249 ete.
2372 1180 2609 1247 Datum
2650 1180 2919 1248 viterbii
2963 1201 3008 1245 x
3051 1180 3180 1246 kal.
3211 1178 3355 1245 iulii
3398 1178 3608 1265 ponfi-

741 1286 962 1353 fieatus
1007 1286 1206 1352 nostri
1254 1305 1415 1351 anno
1461 1285 1675 1352 tercio,

951 1418 1028 1469 Ex
1065 1418 1188 1484 orig.
1214 1417 1402 1470 bullato
1439 1418 1574 1469 arch.
1599 1418 1796 1485 Regim.
1836 1419 1917 1472 ed.
1943 1419 2099 1486 Voigt
2136 1418 2189 1470 C.
2218 1418 2268 1472 d.
2290 1418 2351 1470 P.
2377 1419 2417 1482 1,
2448 1419 2547 1471 105
2585 1437 2635 1471 n.
2662 1419 2790 1481 1073
2827 1418 2953 1472 Livl.
2978 1418 3041 1471 U.
3064 1418 3126 1471 Β.
3150 1418 3194 1482 1,
3218 1418 3327 1471 393
3362 1436 3415 1469 n.
3438 1416 3561 1469 30⁶.

746 1659 922 1730 555.
962 1661 1142 1727 1257
1186 1664 1355 1726 iunii
1380 1661 1470 1727 27
1515 1660 1794 1727 Viterbii.
1864 1662 2233 1728 Alexander
2263 1663 2374 1728 IV
2406 1665 2631 1749 repetit
2671 1686 2733 1727 n.
2768 1663 2899 1728 545
2947 1663 3024 1728 de
3052 1660 3236 1727 1257
3278 1663 3453 1726 iunii
3478 1660 3545 1725 3.

961 1802 1326 1868 Alexander
1367 1806 1482 1869 ete.
1707 1802 1936 1870 Vestra
1978 1804 2200 1888 religio
2246 1808 2362 1871 ete.
2441 1803 2678 1870 Datum
2712 1802 2983 1870 Viterbii
3026 1824 3067 1869 v
3112 1800 3419 1869 kalendas
3466 1800 3607 1867 iulii

741 1908 1140 1999 pontificatus
1185 1910 1386 1976 nostri
1433 1928 1596 1975 anno
1641 1910 1854 1976 tercio.

748 2167 923 2239 556.
965 2169 1144 2235 1257
1187 2168 1336 2233 iulii
1362 2167 1401 2232 1
1451 2166 1808 2251 (Viterbizy.
1871 2168 2237 2235 Alexander
2277 2172 2501 2255 repetit
2542 2192 2606 2233 n.
2640 2169 2773 2235 545
2818 2169 2895 2233 de
2940 2167 3123 2233 1257
3166 2170 3339 2233 iunii
3376 2168 3443 2233 3.

962 2308 1324 2377 Alexander
1367 2314 1483 2377 ete.
1706 2309 1936 2380 Vestra
1979 2308 2199 2394 religio
2230 2314 2346 2377 eto.
2416 2308 2652 2377 Datum
2684 2307 3008 2392 (Viterbii)
3048 2308 3176 2375 kal.
3208 2307 3349 2375 iulii
3390 2308 3603 2394 ponti-

742 2418 963 2485 ficatus
1009 2417 1210 2483 nostri
1255 2436 1418 2483 anno
1463 2417 1680 2484 tercio.

750 2629 924 2700 557.
967 2631 1146 2698 1257
1191 2631 1340 2695 iulii
1381 2632 1423 2696 5
1481 2630 1758 2717 Viterbii.
1822 2632 2187 2697 Alexander
2217 2629 2331 2696 IV
2365 2634 2586 2717 repetit
2628 2654 2691 2695 n.
2726 2630 2857 2696 545
2902 2630 2978 2695 de
3011 2628 3194 2695 1257
3237 2632 3409 2695 iunii
3448 2629 3515 2695 3.

965 2772 1325 2839 Alexander
1380 2777 1496 2839 ete.
1721 2773 1951 2839 Vestra
2002 2772 2223 2857 religio
2281 2776 2396 2839 ete.
2489 2772 2722 2839 Datum
2771 2770 3035 2838 Viterbii
3088 2770 3163 2837 iii
3217 2790 3421 2838 nonas
3466 2769 3609 2837 iulii

744 2879 1142 2967 pontificatus
1189 2880 1391 2946 nostri
1412 2882 1419 2891 ’
1437 2900 1602 2946 anno
1646 2880 1862 2946 tercio.
2522 2910 2533 2916 ·

751 3129 924 3200 558.
968 3131 1146 3195 1257
1191 3131 1340 3196 iulii
1380 3130 1463 3197 11
1527 3130 1789 3196 Viterbii
1845 3128 1960 3214 (cf.
2006 3130 2189 3196 1257
2236 3153 2379 3217 auy.
2424 3132 2503 3212 8,
2561 3130 2734 3197 1261
2792 3131 3013 3195 martii
3050 3129 3172 3210 28,
3234 3130 3465 3215 aprilis
3506 3129 3606 3211 5).

966 3238 1331 3303 Alexander
1377 3238 1488 3303 IV
1521 3242 1743 3325 repetit
1784 3236 2141 3303 Innocentis?
2183 3236 2228 3301 I
2233 3238 2294 3303 V
2326 3262 2391 3301 n.
2423 3238 2561 3304 497
2606 3239 2683 3301 de
2724 3237 2903 3303 1246
2946 3238 3234 3301 ianuarii
3272 3238 3338 3303 4.

969 3378 1329 3445 Alexander
1375 3384 1490 3446 ete.
1717 3378 2034 3445 Canoniea
2080 3378 2523 3445 constitutione
2560 3414 2643 3425 —
2688 3398 2755 3444 se
2782 3376 2851 3443 in
2880 3376 3151 3444 elaustro
3182 3378 3613 3463 percusserint

749 3520 832 3531 —-
880 3483 1098 3551 sedem
1149 3485 1556 3572 apostolicam
1603 3522 1686 3531 —
1734 3506 2024 3552 recursus
2081 3485 2160 3552 ad
2205 3485 2553 3551 Romanam
2610 3485 2932 3553 eeclesiam
2980 3486 3066 3551 sit
3109 3520 3193 3529 —
3238 3483 3371 3551 Nos
3414 3484 3613 3569 igitur

719 3588 1051 3685 ‘statutum
1111 3592 1468 3659 huiusmodi
1527 3593 1606 3658 ad
1664 3613 1773 3659 vos
1827 3593 2121 3659 duximus
2168 3592 2628 3659 extendendum
2674 3592 3021 3680 apostolica
3064 3592 3439 3659 auctoritate
3480 3596 3611 3658 sta-

749 3705 994 3767 tuentes
1044 3736 1124 3745 —-
1172 3700 1551 3784 requirenda
1595 3705 1660 3766 et
1704 3720 2019 3783 excessus,
2066 3706 2136 3766 ut
2168 3700 2521 3786 predictum
2554 3708 2669 3785 est,
2718 3700 3114 3783 adeo-gravis
3146 3699 3397 3783 existat,
3444 3698 3613 3784 quod

752 3828 941 3893 super
989 3828 1059 3873 eo
1108 3807 1447 3893 apostolice
1493 3807 1871 3893 provisionis
1919 3805 2221 3874 auxilium
2264 3807 2489 3873 debeat
2518 3806 2866 3894 implorari,
2910 3806 3212 3872 fratribus
3243 3795 3471 3873 vestris
3500 3805 3611 3873 ab·

749 3915 1077 3981 solutionis
1123 3913 1491 3982 beneficium
1538 3935 1649 4000 per
1692 3914 1920 3981 fratres
1966 3915 2351 4002 presbiteros
2381 3914 2577 3981 vestri
2608 3914 2847 3981 ordinis
2878 3914 3298 4001 impendatur.
3368 3912 3607 3980 Datum

671 4058 688 4079 ι
750 4021 1019 4091 Viterbii
1063 4044 1101 4087 v
1147 4022 1287 4087 idus
1332 4021 1471 4089 iulii
1517 4020 1917 4108 pontificatus
1964 4022 2166 4088 nostri
2212 4041 2375 4087 anno
2422 4022 2636 4088 tercio.

925 4162 1046 4214 Sine
1082 4163 1227 4214 dato:
1268 4163 1508 4229 magistro
1546 4170 1599 4213 et
1633 4162 1870 4214 fratribus
1907 4172 2003 4215 ete.
2038 4162 2281 4229 inscripta
2316 4164 2381 4213 A.
2406 4162 2475 4213 20
2508 4180 2561 4214 ιι.
2586 4162 2656 4213 93
2692 4160 2871 4215 Latine
2907 4170 2960 4213 et
2982 4162 3283 4213 Germanice
3316 4178 3431 4213 cum
3460 4170 3609 4215 nota:

755 4252 852 4316 „Et
897 4260 976 4303 est
1021 4252 1073 4302 in
1121 4252 1340 4303 Colonia.
1418 4252 1546 4303 Item
1593 4250 1917 4303 Innoceneins
1964 4252 2190 4303 eiusdem
2243 4252 2432 4303 tenoris
2476 4252 2531 4302 in
2574 4250 2868 4318 Harpurg“.
2938 4250 3239 4317 Speeialiter
3288 4252 3609 4317 inscriptum:

750 4340 1063 4408 praeceptori
1109 4349 1162 4391 et
1203 4340 1440 4391 fratribus
1485 4340 1538 4391 in
1586 4340 1886 4391 Alemannia
1927 4340 1993 4391 Β..
2030 4340 2097 4391 85
2145 4339 2278 4411 inter
2322 4340 2817 4406 Mergenthemensia
2853 4339 2941 4391 42.
2989 4368 3051 4378 -—
3100 4340 3223 4391 Cum
3268 4340 3417 4393 dato:
3466 4338 3607 4391 Nea-

750 4428 857 4495 poli
895 4430 956 4480 15
995 4428 1094 4479 kal.
1121 4429 1292 4495 aprilis
1329 4447 1380 4495 p.
1405 4448 1456 4481 ιι.
1482 4448 1530 4481 a.
1559 4431 1582 4480 1
1626 4430 1680 4495 (i.
1706 4446 1750 4480 e.
1794 4428 1928 4480 1255
1965 4427 2130 4479 martii
2158 4428 2243 4496 18)
2280 4428 2573 4495 inscriptum
2614 4429 2881 4495 „magistro
2918 4436 2973 4479 et
3006 4428 3241 4480 stati-ibus
3278 4428 3330 4479 h.
3354 4446 3397 4479 s.
3420 4428 3493 4479 M.
3518 4428 3609 4479 Th.

751 4518 803 4567 in
838 4517 1045 4567 Prusia“
1087 4518 1330 4584 originale
1364 4518 1416 4568 in
1461 4518 1662 4570 archivo
1697 4518 2083 4584 Regimontano.
2150 4518 2212 4567 In
2248 4516 2595 4583 designatione
2630 4516 2911 4569 Holmiensi
2944 4516 3271 4569 Mimwiensis
3305 4516 3495 4568 archivi
3528 4534 3608 4583 ap.

751 4604 987 4657 Schirren
1023 4622 1074 4672 p.
1105 4606 1199 4658 131
1240 4625 1289 4658 ιι.
1318 4606 1418 4658 103
1455 4607 1659 4657 citatur:
1701 4606 1834 4659 1255
1860 4614 1949 4659 aut
1975 4605 2109 4657 1257
2145 4604 2421 4657 Alexandri
2457 4622 2625 4672 papae
2646 4605 2720 4657 IV
2756 4606 3043 4658 constitutio
3078 4606 3144 4657 de
3168 4606 3483 4657 absolutione
3504 4605 3607 4657 fn·

749 4704 882 4745 trum
917 4694 1120 4746 ordinis.
1174 4695 1366 4746 Ibidem
1401 4696 1552 4746 etiam
1588 4713 1640 4761 p.
1669 4694 1770 4746 130
1804 4713 1854 4746 ιι.
1881 4694 1977 4746 98:
2021 4696 2165 4762 Papa
2199 4693 2489 4746 Alexander
2523 4694 2597 4745 IV
2630 4694 2921 4746 facultatem
2957 4695 3046 4745 dat
3079 4695 3393 4761 presbyteris
3426 4694 3609 4747 ordinis

751 4782 1046 4833 absolvendi
1089 4782 1280 4835 futuros
1321 4783 1503 4835 fratres
1540 4802 1572 4835 a
1605 4783 1820 4849 rapinis,
1865 4784 2112 4835 incendiis
2148 4783 2357 4850 aliisque
2393 4790 2513 4834 ante
2549 4783 2823 4835 commissis
2859 4782 3079 4846 delictis,
3126 4800 3239 4834 cum
3272 4785 3611 4849 poenitentiae

751 4869 982 4922 salutaris
1026 4872 1359 4940 impositione.
1397 4902 1458 4911 ·-
1513 4872 1635 4925 Cum
1681 4872 1826 4925 dato:
1881 4872 2097 4924 viterbii
2142 4873 2175 4923 5
2212 4872 2282 4923 id.
2314 4872 2421 4923 iulii
2454 4888 2506 4937 p.
2530 4888 2582 4923 n.
2618 4889 2667 4923 a.
2690 4871 2725 4923 3
2774 4871 2875 4926 duo
2910 4870 3173 4939 originalia
3216 4890 3333 4923 cum
3366 4872 3517 4925 bunis
3562 4872 3609 4923 in

752 4958 953 5012 archivo
974 4960 1366 5028 Regimontan03
1403 4961 1589 5014 ibidem
1625 4960 1724 5013 duo
1749 4970 2054 5015 transsumta
2076 4962 2351 5014 Bonaeursi
2374 4960 2614 5029 'Pyrensis
2638 4960 3017 5029 archiepiscopi,
3050 4960 3223 5013 vicarii
3246 4962 3608 5029 pau-immun
