3892 5609
1397 302 1792 353 inmncra
1837 302 2229 351 cnmmnu
3098 292 3249 363 247

373 462 557 532 277.
602 464 778 531 1355
823 465 951 529 dec.
990 464 1084 529 17
1113 460 1507 551 Nurenberq.
1576 464 1856 530 Kar-olus
1890 461 2000 529 IV
2034 466 2387 550 imperator·
2418 462 2819 529 Theutonico,
2846 464 3064 531 ordini
3105 486 3253 530 con-

592 572 819 654 firmat
863 574 1075 637 omnia
1115 572 1460 657 pm’vileqia
1506 596 1548 637 a
1588 570 2173 657 praedecessoribus
2216 574 2347 635 suis
2396 592 2701 637 concessa.

599 692 672 760 In
715 694 971 761 nomine
1015 698 1232 760 sancte
1278 699 1341 760 et
1385 694 1708 761 individue
1752 694 2057 761 trinitatis
2086 693 2355 761 feliciter
2386 713 2589 761 amen.
2660 692 2931 760 Karolus
2971 698 3253 779 quartus,

371 800 594 867 divina
635 801 887 867 favente
945 800 1289 868 clemencia
1331 800 1758 867 Romanorum
1815 802 2160 886 imperator
2216 820 2466 887 semper
2528 805 2831 884 augustus
2892 806 2957 866 et
2996 800 3255 868 Boemie

367 928 513 993 1611,
561 908 642 973 811
685 914 1060 994 perpetuam
1105 910 1198 975 rei
1255 910 1646 974 memoriam.
1727 907 1868 973 Etsi
1925 908 2332 993 imperatorie
2394 908 2743 975 maiestatis
2797 907 3257 993 circumspecta

369 1014 732 1098 benignitas
776 1015 1214 1081 universorum
1241 1015 1451 1081 saluti
1497 1015 1794 1098 dignatur
1836 1014 2164 1081 intendere
2210 1020 2274 1081 et
2302 1013 2555 1101 publica
2584 1013 2913 1081 commoda
2940 1015 3257 1099 frequenti

371 1121 800 1189 sollicitudine
843 1141 1236 1207 promovere,
1281 1121 1531 1189 laborat
1573 1120 1718 1207 plus
1764 1120 1842 1186 de
1887 1120 2281 1187 subditorum
2329 1121 2536 1207 quiete
2582 1126 2907 1203 contenta,
2964 1142 3154 1207 quam
3200 1124 3255 1189 si

369 1229 624 1315 proprii
677 1228 962 1295 thesauri
1016 1228 1292 1295 tumulos
1348 1228 1687 1312 adaugeat3
1743 1227 1826 1293 ad
1880 1227 2023 1294 illos
2081 1234 2296 1295 tamen
2351 1227 2623 1313 quadam
2680 1227 2987 1311 singulari
3042 1229 3255 1311 gracia

363 1334 648 1419 ‘benigne
693 1336 1005 1420 dirigitur,
1061 1336 1168 1419 qui
1213 1335 1330 1402 sub
1375 1335 1736 1401 honorande
1781 1335 2171 1420 professione
2216 1336 2467 1402 virtutis
2512 1340 2697 1419 grata
2738 1334 3045 1419 religione
3088 1335 3255 1403 mili-

371 1446 520 1509 tant
565 1448 628 1510 61
673 1442 902 1508 divinis
947 1442 1238 1510 laudibus
1281 1442 1646 1509 insistentes
1691 1445 1942 1525 gratum
1986 1442 2261 1508 reddunt
2311 1442 2678 1527 obsequium
2728 1442 3035 1508 altissimo
3080 1461 3254 1509 crea-

371 1550 524 1615 tori.
603 1548 770 1617 Sane
822 1568 940 1635 pro
1000 1554 1180 1635 parte
1237 1549 1676 1633 religiosorum
1730 1549 2023 1633 magistri
2078 1548 2389 1633 generalis
2446 1554 2513 1615 et
2563 1549 2764 1617 tocius
2822 1550 3255 1617 universitatis

371 1656 645 1722 fratrum
693 1662 756 1723 et
800 1654 992 1723 Cristi
1049 1656 1323 1723 militum
1379 1657 1602 1723 domus
1657 1656 2040 1723 Theutonice
2097 1656 2336 1722 ordinis
2396 1662 2611 1723 sancte
2666 1655 2867 1723 Marie
2922 1655 3254 1742 hospitalis

373 1762 880 1848 lerosolimitani,
929 1763 1296 1830 devotorum
1340 1764 1592 1850 imperii
1639 1769 1705 1830 et
1749 1762 2119 1829 dilectorum
2163 1762 2345 1828 nobis
2374 1762 2673 1847 fidelium,
2721 1763 2959 1829 cesario
2994 1764 3255 1829 culmini

373 1874 596 1936 nostro
641 1890 844 1956 nuper
891 1870 1102 1937 oblata
1143 1870 1528 1957 supplicacio
1560 1870 1941 1953 continebat,
1990 1874 2296 1954 quatenus
2326 1869 2536 1936 ordini
2568 1874 2631 1935 et
2656 1870 3055 1937 universitati
3084 1871 3255 1956 ipso-

373 1996 522 2043 rum
566 1982 700 2043 tam
744 1978 811 2042 in
858 1978 1065 2063 capite
1111 1997 1297 2062 quam
1344 1978 1414 2044 in
1470 1976 1770 2044 membris
1821 1978 2121 2043 universa
2165 1982 2229 2042 et
2272 1975 2520 2059 singula
2563 1976 2927 2063 privilegia,
2986 1976 3253 2061 litteras,

372 2082 723 2168 libertates,
770 2085 1014 2167 gracias
1062 2089 1126 2151 et
1167 2084 1446 2169 indulta,
1505 2104 1628 2169 que
1673 2090 1738 2151 et
1781 2104 1936 2169 quas
1984 2104 2022 2149 a
2074 2069 2402 2150 recolende
2447 2085 2748 2150 memorie
2807 2083 2969 2149 divis
3024 2083 3256 2150 Roma-

375 2210 604 2256 norum
657 2191 1144 2278 imperatoribus
1189 2198 1254 2258 et
1308 2190 1562 2274 regibus
1615 2191 2163 2278 predecessoribus
2218 2192 2451 2257 nostris
2508 2211 2700 2276 super
2756 2189 3253 2275 quibuscumque

374 2298 913 2382 possessionibus,
960 2297 1179 2382 rebus,
1223 2298 1466 2364 iuribus
1513 2302 1624 2363 8111
1665 2298 2005 2365 honoribus
2055 2297 2401 2364 obtinuisse
2444 2301 2820 2380 noscuntur,
2879 2296 3251 2383 approbare,

375 2402 694 2471 ratificare
740 2410 804 2471 et
849 2403 1219 2471 confirmare
1251 2405 1329 2471 de
1359 2404 1708 2491 imperialis
1753 2404 2145 2472 celsitudinis
2176 2404 2392 2488 gracia
2421 2403 2842 2487 dignaremur.
2908 2402 3059 2487 Nos,
3106 2422 3253 2469 con-

374 2508 768 2578 sideracione
799 2512 900 2579 dei
931 2511 1380 2597 omnipotentis
1426 2510 1508 2577 ad
1537 2512 1839 2580 honorem
1868 2511 2319 2595 gloriosissime
2352 2510 2633 2595 virginis,
2681 2509 3043 2577 beatissime
3076 2512 3253 2593 geni—

375 2617 556 2683 tricis
602 2618 822 2704 ipsius,
871 2620 1048 2684 cuius
1079 2620 1362 2705 preciose
1393 2618 1694 2686 vocabulo
1729 2618 2061 2685 decoratur
2090 2616 2330 2704 tytulus
2364 2617 2602 2683 ordinis
2634 2617 3000 2703 supradicti,
3037 2617 3252 2684 habito

373 2729 671 2811 respectu
733 2726 812 2791 ad
874 2723 1253 2811 multiplicia
1304 2726 1534 2792 merita
1589 2726 1925 2813 probitatis
1982 2730 2046 2791 et
2110 2723 2422 2791 indefesse
2478 2724 2733 2790 virtutis
2803 2726 3251 2809 constanciam,

376 2830 608 2916 quibus
653 2832 806 2897 ordo
851 2832 1172 2919 predictus
1218 2840 1282 2898 61
1311 2832 1465 2899 olari
1495 2832 1881 2918 professores
1910 2832 2114 2919 ipsius
2144 2851 2261 2897 nos
2292 2837 2356 2898 et
2384 2832 2597 2917 ipsum
2628 2850 2877 2897 sacrum
2912 2832 3253 2917 imperium

375 2937 666 3005 sollicitis
713 2940 940 3005 animis
987 2945 1052 3006 61
1097 2939 1386 3025 pervigili
1417 2940 1623 3005 studio
1663 2940 2060 3024 frequencius
2105 2937 2515 3021 honorarunt,
2562 2940 2895 3024 presertim
2929 2958 3068 3004 cum
3103 2960 3249 3026 sup·

374 3043 635 3132 plicatio
682 3046 964 3131 predicta
1007 3046 1084 3112 de
1113 3046 1287 3111 fonte
1316 3046 1588 3111 racionis
1621 3050 1869 3111 emanet
1899 3050 1964 3111 61
1990 3045 2155 3111 111816
2187 3044 2545 3131 petentibus
2574 3064 2703 3111 non
2734 3045 2819 3111 sit
2846 3044 3250 3127 denegandus

377 3171 693 3237 assensus,
742 3154 950 3219 animo
998 3152 1361 3235 deliberat0,
1418 3172 1570 3217 sano
1614 3151 1996 3239 principum,
2051 3151 2358 3219 baronum
2404 3157 2468 3218 et
2513 3171 2845 3237 procerum
2890 3157 3249 3219 nostrorum

377 3264 446 3326 et
489 3260 651 3326 sacri
698 3260 947 3347 imperii
1005 3260 1338 3326 accedente
1393 3258 1655 3325 consilio
1709 3259 1917 3325 ordini
1972 3257 2332 3344 supradicto
2391 3262 2523 3323 tam
2569 3259 2637 3323 in
2696 3258 2904 3343 capite
2950 3279 3140 3343 quam
3182 3260 3250 3325 in

375 3366 682 3433 membris
727 3368 1022 3433 universa
1069 3371 1133 3433 et
1177 3365 1426 3449 singula
1467 3365 1803 3452 privilegia
1846 3366 1979 3431 sive
2024 3364 2301 3449 litteras,
2356 3386 2475 3449 que
2522 3371 2587 3432 61
2631 3386 2787 3450 quas
2832 3385 3023 3451 super
3067 3366 3248 3433 bonis

375 3473 681 3540 antedicti
725 3474 962 3539 ordinis
1005 3474 1074 3539 in
1117 3492 1346 3556 genere
1393 3477 1458 3539 et
1486 3472 1902 3556 singularium
1928 3471 2230 3555 locorum,
2278 3472 2605 3538 domorum
2636 3492 2747 3538 seu
2780 3472 3251 3539 habitacionum

373 3580 448 3645 in
493 3580 720 3665 specie,
765 3580 834 3647 in
881 3580 1372 3665 quibuscumque
1418 3580 1614 3645 eciam
1661 3580 1894 3662 regnis,
1949 3578 2429 3665 principatibus,
2485 3578 2907 3662 comitatibus,
2955 3580 3249 3647 dominiis

373 3687 514 3753 sive
541 3687 728 3753 terris
759 3692 868 3754 aut
895 3686 1118 3753 insulis
1151 3686 1517 3770 consistant,
1565 3685 2061 3771 quibuscumque
2090 3685 2354 3770 iuribus,
2394 3685 2918 3771 possessionibus,
2963 3688 3251 3773 proprie-

374 3793 635 3879 tatibuS,
692 3795 939 3877 6881118,
996 3793 1376 3877 civitatibuS,
1435 3794 1644 3876 terris,
1701 3792 2066 3878 provinciis,
2124 3792 2482 3876 territoriis,
2538 3792 2819 3877 vasallis,
2865 3793 3246 3878 vasallagiis,

371 3900 599 3985 feodis,
655 3900 1041 3984 feodatariis,
1097 3900 1368 3985 iudiciis,
1426 3899 1794 3983 theoloneis,
1851 3898 2285 3983 vectigalibus,
2342 3898 2560 3983 daciis,
2615 3900 2907 3982 monetis,
2963 3898 3247 3985 gabellis,
3376 3904 3381 3913 “

371 4007 795 4092 libertatibus,
843 4006 1311 4092 emunitatibuS,
1357 4007 1718 4089 honoribus,
1766 4005 2273 4090 obvencionibus,
2320 4005 2748 4091 proventibuS,
2792 4005 3141 4073 redditibus
3186 4012 3251 4074 61

373 4114 642 4197 singulis
674 4114 1166 4200 quibuscumque
1195 4114 1406 4198 rebus,
1436 4112 1816 4180 utilitatibus
1847 4114 1982 4179 sive
2013 4112 2472 4195 emolumentiS,
2520 4113 3016 4198 quibuscumque
3046 4114 3249 4183 eciam
3376 4188 3383 4193 ,

371 4220 754 4307 specialibus
801 4220 1208 4305 designentur
1250 4220 1592 4303 vocabuliS,
1640 4240 1678 4286 a
1708 4220 1869 4285 divis
1901 4218 2328 4285 Romanorum
2361 4219 2849 4305 imperatoribus
2882 4225 2947 4285 et
2973 4219 3246 4304 regibus,

369 4326 922 4415 predecessoribus
967 4328 1223 4411 nostris,
1271 4328 1676 4395 obtinuerunt
1718 4326 2044 4409 hactenus,
2088 4326 2157 4391 in
2202 4325 2493 4392 omnibus
2520 4326 2671 4414 ‚suis
2718 4326 3057 4410 161161111118,
3106 4347 3247 4394 sen-

369 4435 620 4518 tenciis,
665 4436 916 4521 punctis
962 4440 1028 4501 61
1069 4434 1368 4501 clausulis
1416 4434 1492 4500 de
1523 4434 1714 4501 verbo
1746 4434 1826 4499 ad
1857 4433 2138 4517 verbum,
2184 4437 2376 4519 prout
2404 4434 2642 4518 scripta
2672 4453 2785 4499 seu
2814 4434 3047 4519 scripte
3079 4440 3244 4518 sunt,

371 4543 509 4610 acsi
551 4548 802 4609 tenores
849 4542 1128 4607 omnium
1173 4542 1382 4608 forent
1423 4542 1648 4607 inserti
1691 4540 2123 4627 presentibus,
2178 4540 2435 4605 eciamsi
2482 4538 2561 4605 de
2603 4539 2727 4605 hiis
2771 4539 2909 4607 iure
2956 4539 3055 4607 vel
3100 4560 3247 4607 con-

369 4649 706 4718 suetudine
751 4648 1008 4715 deberet
1047 4647 1186 4715 fieri
1230 4649 1474 4714 mencio
1507 4647 1820 4734 speciaIiS,
1867 4648 2245 4715 auctoritate
2274 4646 2593 4733 imperiali
2624 4652 2689 4713 et
2717 4668 2796 4713 ex
2828 4652 3001 4715 certa
3032 4653 3249 4715 nostra

367 4756 670 4826 sciencia¹
701 4755 1124 4842 approbamus
1147 4804 1165 4840 ,
1233 4754 1620 4821 ratificamus
1675 4760 1740 4821 et
1795 4754 1872 4820 de
1927 4752 2234 4838 singulari
2295 4753 2697 4837 benignitatis
2753 4754 2971 4838 gracia
3022 4752 3248 4821 confir-

367 4883 642 4931 mamus.
717 4860 891 4929 Nulli
937 4882 1084 4946 ergo
1132 4864 1386 4929 omnino
1441 4862 1769 4930 hominum
1823 4862 2015 4929 liceat
2054 4862 2221 4928 hanc
2261 4862 2478 4928 nostre
2524 4860 3035 4948 approbacioniS‚
3093 4862 3247 4928 rati-

365 4972 691 5039 ficacionis
740 4976 805 5037 et
847 4968 1348 5037 confirmacionis
1392 4969 1691 5056 paginam
1735 4970 2079 5053 infringere
2110 4968 2209 5035 vel
2238 4968 2301 5035 ei
2347 4988 2503 5035 ausu
2530 4969 2870 5036 temerario
2910 4969 3243 5037 contraire.
