3892 5609
2878 249 2917 272 ό

1295 393 1683 442 Prummu
1729 392 2121 442 essemus
2982 377 3135 447 415

282 553 486 622 videri
499 552 536 620 ¹.
629 552 864 620 Datum
926 552 1094 640 apud
1139 552 1372 619 Urbem
1417 552 1711 621 Veterem
1764 552 1860 619 iiii
1915 571 2117 619 nonas
2174 549 2443 616 octobris
2500 547 2897 636 pontificatus
2942 547 3141 612 nostri

288 681 455 729 anno
499 661 714 728 tercio.

495 801 618 854 Sine
636 802 780 854 dato:
817 801 880 852 A.
893 799 962 850 20
985 798 1116 850 n.85
1151 798 1332 850 Latine
1357 809 1410 851 et
1428 799 1726 852 Germanice
1749 817 1860 852 cum
1883 807 2031 852 note:
2068 799 2235 864 Prage
2252 797 2481 849 habetur.
2510 825 2573 834 —
2602 796 2724 847 Oum
2748 796 2895 848 dato:
2931 795 3021 857 IV,
3038 793 3141 846 219

284 893 350 942 Α.
374 890 439 942 16
473 907 526 958 p.
547 890 646 942 117
689 889 985 954 „Treviris“.
1049 887 1136 940 Or.
1173 889 1425 954 quondam
1467 889 1942 956 Mergenthemense
1990 903 2102 938 cum
2148 885 2285 938 bulla
2328 887 2381 938 in
2424 883 2523 937 filis
2570 885 2772 936 sericeis
2816 901 3043 952 appensa
3088 883 3141 934 in

285 980 488 1032 archivo
522 977 711 1032 ordinis
745 977 1044 1030 Theutonici
1067 977 1464 1030 vindobonensi.
1634 979 1680 1030 1.
1717 977 1982 1045 providere
2016 975 2107 1028 IV.

294 1243 470 1318 632.
511 1206 688 1316 1264
730 1247 1020 1312 ianuarii
1059 1245 1149 1312 30
1194 1247 1370 1334 apud
1427 1243 1650 1312 Urbem
1692 1245 1981 1312 Veterem.
2066 1243 2351 1312 Urbanus
2381 1243 2496 1309 IV
2528 1245 2749 1331 repetit
2791 1267 2856 1307 π.
2888 1241 3022 1308 623
3066 1242 3143 1306 de

510 1355 688 1423 1262
730 1356 1018 1420 ianuarii
1058 1352 1166 1419 23.

510 1495 800 1564 Urbanus
833 1501 950 1564 etc.
1127 1493 1270 1561 Etsi
1299 1512 1500 1578 neque
1530 1499 1643 1560 etc.
1702 1492 1938 1560 Datum
1970 1493 2139 1580 apud
2166 1491 2399 1559 Urbem
2421 1492 2711 1560 Veterem
2741 1509 2855 1576 per
2884 1508 3141 1556 manum
3268 1453 3275 1456 .

288 1603 577 1689 magistri
605 1602 930 1671 Michaelis
973 1601 1052 1668 de
1081 1600 1353 1667 Tholosa
1398 1620 1574 1667 sacre
1604 1599 1886 1668 Romane
1927 1600 2185 1668 ecclesie
2220 1598 2713 1668 vicecancellarii
2740 1598 2811 1664 iii
2840 1596 3143 1664 kalendas

288 1711 591 1779 februarii
633 1711 976 1778 indictione
1020 1708 1113 1774 vii
1154 1707 1604 1775 incarnationis
1649 1707 1958 1775 dominice
1992 1725 2155 1774 011110
2195 1706 2495 1775 mcclxiii⁰
2508 1704 2525 1736 ¹
2565 1703 2965 1794 pontificatus
2995 1723 3144 1770 vero

291 1818 530 1886 domini
573 1815 814 1886 Urbani
858 1837 1022 1905 pape
1066 1817 1130 1882 iv
1178 1835 1341 1882 anno
1384 1815 1599 1883 tercio.

511 1942 648 2026 Ego
692 1940 984 2008 Urbanus
1030 1940 1332 2008 catholice
1376 1939 1635 2007 ecclesie
1679 1939 2029 2027 episcopua.

513 2048 648 2133 Ego
697 2047 830 2114 Odo
877 2047 1265 2115 Tusculanus
1312 2049 1661 2134 episcopus.

515 2155 652 2240 Ego
697 2154 1056 2242 Stephanus
1099 2153 1502 2222 Prenestinus
1549 2155 1899 2240 episcopus.

513 2262 652 2346 Ego
693 2263 890 2330 frater
933 2261 1240 2330 Iohannes
1285 2261 1648 2328 Portuensis
1693 2266 1758 2328 et
1801 2281 1851 2327 s.
1882 2257 2129 2328 Ruffine
2175 2258 2523 2345 episcopus.

513 2369 650 2453 Ego
694 2367 1064 2457 Rudulphus
1109 2368 1488 2436 Albanensis
1533 2369 1883 2455 episcopus.

515 2476 652 2561 Ego
696 2475 1028 2543 Heinricus
1074 2475 1381 2544 Ostiensis
1424 2481 1490 2542 et
1516 2475 1924 2542 Velletrensis
1971 2473 2320 2560 episcopus.

514 2583 652 2668 Ego
697 2581 900 2650 Guido
948 2581 1310 2651 Sabinensis
1357 2583 1684 2671 episcopus
1698 2578 1741 2648 '.

515 2690 652 2775 Ego
699 2689 937 2778 Symon
979 2691 1148 2758 tituli
1193 2713 1242 2756 s.
1275 2691 1534 2758 Martini
1577 2691 1907 2778 presbyter
1950 2685 2307 2755 cardinalis.

515 2797 653 2882 Ego
699 2797 1069 2866 Guillelmus
1113 2798 1283 2865 tituli
1327 2818 1376 2864 8.
1408 2797 1737 2866 Laurentii
1780 2795 2109 2884 presbyter
2154 2791 2509 2860 cardinalis,

516 2905 652 2989 Ego
701 2903 939 2990 Symon
983 2926 1034 2972 8.
1066 2903 1294 2973 Cecilie
1339 2906 1668 2991 presbyter
1711 2902 2067 2971 cardinalis.

515 3011 653 3096 Ego
696 3011 1036 3079 Riccardus
1082 3031 1132 3077 s.
1164 3009 1393 3096 Angeli
1439 3012 1736 3080 diaconus
1781 3007 2135 3078 cardinalis.

517 3117 653 3203 Ego
697 3118 1002 3185 Iohannes
1048 3137 1097 3184 8.
1128 3118 1373 3185 Nicolai
1417 3119 1484 3185 in
1529 3139 1776 3186 0010010
1821 3115 2109 3183 Tulliano
2154 3113 2452 3180 diaconus
2498 3110 2853 3178 cardinalis.

515 3209 654 3309 Ego
700 3223 1048 3292 Ottobonus
1095 3245 1144 3290 s.
1177 3224 1447 3292 Adriani
1491 3227 1788 3292 diaconus
1834 3220 2190 3290 cardinalis.

518 3331 654 3416 Ego
699 3331 960 3398 Iacobus
1005 3353 1055 3398 8.
1087 3330 1288 3398 Mario
1332 3333 1400 3398 in
1447 3331 1777 3398 Cosmedin
1826 3331 2123 3397 diaconus
2168 3326 2525 3394 cardinalis.
2634 3345 2636 3348 ⁴

519 3438 654 3524 Ego
693 3437 966 3505 Ubertus
1013 3460 1062 3504 s.
1095 3438 1418 3506 Eustachii
1465 3439 1760 3506 diaconus
1807 3435 2160 3503 cardinalis.

518 3545 653 3630 Ego
698 3546 1000 3612 Iordanus
1045 3567 1127 3612 88.
1163 3545 1386 3612 Cosme
1432 3551 1496 3612 et
1538 3544 1834 3612 Damiani
1880 3541 2176 3612 diaconus
2222 3538 2578 3608 cardinalis.

517 3653 654 3749 Ego
697 3651 986 3720 Matheus
1032 3674 1081 3719 s.
1114 3651 1312 3719 Marie
1358 3653 1425 3718 in
1470 3653 1715 3740 porticu
1759 3651 2057 3718 diaconus
2102 3646 2456 3716 cardinalis.

509 3795 889 3846 Transsumtum
919 3793 1158 3846 Iohannis
1193 3793 1595 3846 Pomesaniensis
1641 3792 1893 3859 episcopi,
1939 3790 2019 3842 cui
2066 3788 2359 3856 subscripsit
2392 3787 2637 3838 Martinus
2673 3786 2866 3848 Alwer,
2912 3786 2977 3838 de
3017 3785 3153 3840 1438

299 3892 430 3952 sept.
455 3883 525 3934 26
559 3883 880 3949 Risenburgi‚
917 3899 1030 3934 cum
1065 3881 1228 3948 sigillo
1264 3882 1314 3933 in
1351 3882 1550 3933 archivo
1575 3881 1959 3947 Regimontano.
2107 3878 2151 3929 1.
2190 3877 2251 3930 ef.
2284 3894 2333 3928 n.
2353 3875 2473 3928 623.
2614 3875 2665 3926 2.
2701 3875 2975 3926 Turbatum
3013 3876 3151 3926 ordi-

299 3990 416 4025 nem
427 4011 443 4036 ‚
482 3989 632 4039 quum
668 3971 892 4038 episcopi
927 3969 1205 4022 cardinales
1242 3971 1452 4022 caeteris
1487 3969 1792 4037 praecedere
1827 3969 2032 4029 debent,
2065 3967 2285 4028 restitui3
2322 3965 2373 4016 iu
2408 3972 2713 4016 transsumto
2738 3963 2959 4030 episcopi
2996 3963 3155 4015 ultimi

301 4077 416 4113 esse
451 4059 794 4127 perhibentur.

307 4255 348 4327 6
361 4255 482 4328 33.
530 4259 704 4325 1264
747 4281 892 4346 any.
925 4258 1014 4324 23
1057 4260 1235 4344 apud
1283 4257 1504 4323 Urbem
1546 4256 1834 4322 Veterem.
1919 4255 2205 4320 Urbanus
2238 4254 2283 4319 Ι
2287 4253 2348 4319 V
2380 4265 2544 4320 vetat
2583 4273 2705 4339 pro
2750 4256 3154 4319 commotio·

522 4368 706 4432 nibus
753 4367 968 4431 ordini
1015 4363 1392 4432 Theutonico
1441 4366 1788 4430 exactiones
1831 4364 2094 4448 imponi.

521 4505 810 4574 Urbanus
866 4506 1196 4593 episcopus
1253 4525 1469 4572 servus
1527 4524 1850 4572 servorum
1907 4503 2011 4569 dei
2066 4501 2308 4569 dilectis
2361 4500 2509 4567 filiis
2564 4499 2865 4584 magistro
2924 4505 2987 4566 et
3028 4500 3156 4566 fra-

303 4613 505 4680 tribus
549 4613 878 4701 hospitalis
923 4619 1138 4681 sancte
1179 4611 1379 4678 Marie
1409 4612 1929 4679 Theotonicorum
1966 4608 2446 4676 Ierosolimitani
2489 4607 2752 4674 salutem
2800 4612 2865 4674 et
2908 4612 3157 4693 aposto-

304 4720 491 4788 licam
535 4720 1049 4788 benedictionem.
1273 4719 1498 4786 Vestre
1540 4718 1782 4786 meritis
1829 4716 2185 4784 devocionis
2230 4715 2615 4797 inducimur,
2672 4719 2745 4780 ut
2786 4733 2898 4780 vos
2940 4715 3157 4780 favore

303 4827 592 4894 benivolo
640 4847 1091 4914 prosequamur
1136 4831 1201 4894 et
1243 4827 1310 4892 in
1352 4826 1496 4910 hiis,
1545 4845 1663 4910 que
1709 4823 1894 4909 digne
1941 4823 2300 4911 deposcitis,
2344 4821 2685 4888 habeamus
2730 4817 3159 4908 providencie¹

305 4935 586 5002 studium
639 4933 926 5002 efficacis.
1017 4933 1322 5000 Exhibita
1378 4933 1688 5019 siquidem
1754 4932 1934 5000 nobis
1992 4936 2205 4998 vestra
2261 4929 2491 5017 peticio
2544 4928 2933 5012 continebat,
2992 4927 3157 5012 quod

303 5041 508 5110 felicis
559 5041 1016 5110 recordacionis
1059 5040 1376 5109 Honorius
1422 5060 1590 5128 papa
1640 5039 2043 5126 predecessor
2085 5043 2299 5105 noster
2342 5057 2457 5124 per
2498 5036 2745 5103 litteras
2788 5055 2935 5102 suas
2980 5035 3157 5102 vobis
