3892 5609
697 289 851 360 422
1149 300 1161 322 ³
1673 297 2096 348 PONTIFIGUM
2141 299 2585 349 nousuonuu

696 461 900 546 ipsius
942 460 1181 528 decime
1229 459 1503 545 aliquam
1549 461 2221 528 excommunicacionis
2264 461 2647 527 sentenciam
2690 461 2819 526 iam
2864 457 3061 526 latam
3100 459 3196 526 v'el
3240 459 3577 547 proferen-

697 567 842 634 dam
875 567 952 634 de
983 573 1188 636 cetero
1219 569 1556 635 incurratis
1596 573 1678 654 et,
1725 569 1779 634 si
1823 569 1891 635 in
1937 588 2049 634 vos
2095 568 2194 634 vel
2241 567 2307 634 in
2352 573 2629 635 vestrum
2675 567 2949 654 aliquem
2990 567 3374 635 nominatim
3422 567 3577 632 ferri

697 675 1050 760 contigerit,
1098 696 1236 742 eam
1267 676 1432 742 vires
1465 676 1856 743 decernimus
1885 696 2010 742 non
2044 675 2291 743 habere.
2366 675 2537 742 Nulli
2582 695 2729 760 ergo
2774 676 3029 742 omnino
3072 675 3408 742 hominum
3458 678 3575 740 etc.

696 887 910 957 tercio.

909 995 1030 1046 Cum
1067 993 1208 1045 dato:
1257 993 1494 1061 Lugduni
1533 995 1598 1044 14
1633 993 1735 1046 kal.
1759 996 1932 1046 novbr.
1974 1013 2021 1046 a.
2046 995 2079 1046 3
2117 995 2359 1061 originale
2396 1011 2507 1046 cum
2544 995 2681 1048 bulla
2715 996 2766 1046 in
2804 996 3004 1048 archivo
3040 995 3453 1063 Regimontano,
3492 994 3577 1044 ubi

699 1083 850 1134 etiam
891 1092 1194 1134 transsumta
1233 1083 1360 1135 duo:
1421 1085 1464 1135 1.
1519 1083 1652 1134 1427
1687 1083 1815 1134 febr.
1841 1084 1904 1134 13
1941 1083 2229 1150 Regimonti
2262 1083 2523 1135 Michaelis
2560 1085 2785 1151 episcopi
2820 1085 3127 1136 Sambiensis
3162 1085 3231 1135 ad
3266 1085 3579 1150 petitionem

697 1173 845 1224 Pauli
878 1173 944 1224 de
978 1171 1236 1224 Russdorf
1261 1171 1489 1238 magistri
1523 1172 1790 1240 generalis.
1860 1172 1910 1224 2.
1949 1173 2361 1240 Transi-sumptum
2398 1173 2448 1223 d.
2474 1173 2663 1224 Frisaci
2705 1173 2839 1224 1488
2876 1175 3033 1226 octbr.
3055 1174 3080 1224 1
3122 1191 3185 1224 ex
3220 1181 3577 1238 transsumpto

697 1261 867 1312 iudicii
903 1259 1155 1327 Spirensis
1199 1261 1402 1312 ibidem.
1473 1261 1536 1312 R.
1571 1260 1669 1312 102
1713 1261 1844 1312 inter
1880 1261 2106 1312 Alsatica
2150 1279 2198 1312 n.
2235 1262 2323 1322 l5;
2372 1263 2435 1313 R.
2460 1262 2559 1313 146
2604 1263 2736 1312 inter
2782 1262 3113 1314 Trevirensia.
3154 1291 3217 1300 --
3270 1263 3398 1314 Cum
3452 1262 3578 1312 dato

698 1351 901 1402 eodem:
948 1350 1012 1400 A.
1045 1348 1110 1399 16
1156 1366 1206 1415 p.
1241 1349 1304 1399 19
1341 1366 1416 1415 sq.
1465 1367 1526 1400 ex
1563 1357 1901 1416 transsumpto
1937 1350 2165 1401 Venetiis
2211 1359 2486 1402 asservato·
2516 1351 2565 1402 d.
2593 1350 2641 1402 d.
2679 1349 3035 1402 Marienburch
3076 1349 3206 1402 1347
3242 1351 3470 1402 ianuarii
3506 1349 3577 1399 24

699 1440 792 1490 sub
827 1437 1006 1504 sigillis
1043 1437 1390 1503 episcoporum
1418 1437 1693 1490 Gulmensis
1729 1447 1782 1490 et
1807 1439 2129 1492 Sambiensis.
2186 1440 2249 1491 A.
2274 1439 2339 1490 16
2374 1457 2425 1505 p.
2445 1439 2517 1490 49
2544 1437 2797 1502 „Baruli“;
2836 1440 2899 1490 A.
2922 1439 2989 1490 16
3024 1456 3074 1505 p.
3094 1439 3161 1490 76
3190 1440 3490 1504 „Colonie‘·.
3514 1469 3566 1475 —

701 1529 825 1578 Cum
850 1527 995 1578 dato:
1033 1524 1268 1591 Lugduni
1302 1527 1338 1575 4
1361 1543 1478 1576 non.
1503 1528 1676 1578 novbr.
1702 1545 1752 1593 p.
1771 1543 1822 1578 n.
1843 1546 1888 1580 a.
1908 1529 1942 1579 3
1980 1537 2335 1580 transsumtum
2361 1529 2409 1579 d.
2430 1528 2479 1578 d.
2508 1528 2837 1580 vindobonae
2866 1528 3004 1580 1396
3040 1545 3155 1593 aug.
3182 1527 3264 1578 18.
3378 1529 3431 1578 1.
3472 1527 3573 1576 sci-

701 1616 822 1668 licet
855 1614 1186 1682 Lugdunensi
1224 1613 1361 1665 1274
1395 1614 1511 1665 maii
1536 1614 1567 1665 7
1607 1615 1824 1682 incepto.

705 1819 880 1890 652.
921 1822 1104 1911 1274
1147 1821 1362 1886 novbr.
1397 1822 1441 1886 2
1485 1821 1804 1908 Luqduni.
1877 1819 2221 1909 Greyorius
2252 1822 2322 1888 X
2362 1827 2585 1910 repetit
2622 1847 2686 1887 n.
2712 1824 2842 1889 651
2876 1825 2953 1888 de
2983 1789 3168 1890 1274
3198 1824 3433 1890 octobr.
3466 1825 3571 1888 19.

925 1961 1264 2047 Gregorius
1310 1967 1426 2030 etc.
1455 1956 1476 1986 ⁹
1636 1961 1782 2050 Ipsa
1824 1983 1940 2031 nos
1988 1970 2103 2031 etc.
2172 1963 2408 2031 Datum
2452 1965 2547 2031 iiii
2591 1984 2790 2031 nonas
2834 1965 3191 2031 novembris
3236 1963 3572 2050 pontifica-

703 2075 807 2138 tus
851 2070 1053 2137 nostri
1099 2061 1283 2150 annd
1309 2069 1524 2136 tercio.

707 2257 747 2327 6
761 2259 802 2328 5
815 2256 880 2328 3.
925 2259 1104 2324 1275
1143 2235 1478 2344 sebi-uarii
1517 2258 1556 2324 1
1607 2257 1927 2345 aydani.
2026 2255 2370 2345 (ἔφερον-ιω
2411 2258 2481 2324 x
2530 2263 2756 2347 repetit
2806 2261 3022 2325 ordini
3070 2258 3451 2324 ssmtonico
3500 2261 3571 2322 a.

921 2367 1196 2432 Prassia
1241 2365 1602 2430 Alexandri
1631 2365 1744 2431 IV
1776 2365 2181 2452 privileqium
2222 2389 2286 2430 n.
2322 2367 2455 2432 590
2498 2368 2576 2431 de
2620 2368 2797 2433 1258
2840 2368 3188 2432 novembris
3232 2369 3294 2432 9.

927 2503 1264 2589 Gregorius
1296 2507 1624 2592 episcopus
1673 2527 1889 2573 servus
1935 2527 2253 2573 servorum
2302 2505 2403 2573 dei
2450 2507 2693 2573 dilectis
2737 2505 2885 2574 filiis
2929 2509 3285 2595 preceptori
3330 2511 3396 2573 et
3442 2509 3569 2573 fra-

707 2615 910 2683 tribus
939 2613 1269 2701 hospitalis
1315 2619 1532 2681 sancte
1561 2611 1758 2680 Marie
1789 2613 2315 2681 Theutonicorum
2360 2617 2427 2680 in
2460 2613 2689 2681 Prusia
2732 2615 2997 2682 salutem
3046 2603 3111 2682 et
3154 2615 3565 2702 apostolicam

707 2721 1220 2789 benedictionem.
1424 2720 1798 2787 Devocionis
1828 2728 2035 2788 vestre
2080 2727 2196 2788 etc.
2247 2757 2327 2767 -
2378 2725 2655 2809 exceptis
2702 2722 2961 2790 valeatis
3009 2730 3241 2808 petere,
3284 2723 3565 2808 recipere

709 2851 782 2897 ac
813 2830 1004 2896 etiam
1047 2828 1318 2894 retinere
1363 2828 1499 2895 sine
1543 2829 1696 2894 iuris
1742 2829 2085 2915 preiudicio
2134 2827 2340 2895 alieni.
2411 2829 2583 2895 Nulli
2630 2850 2775 2913 ergo
2822 2835 2938 2896 etc.
3010 2829 3245 2896 Datum
3274 2829 3565 2914 Lugduni

708 2936 1010 3004 kalendas
1053 2935 1352 3002 februarii
1397 2934 1794 3022 pontificatus
1839 2937 2039 3002 nostri
2086 2956 2247 3002 anno
2294 2937 2506 3002 tercio.

921 3058 1152 3127 Speciale
1189 3057 1504 3124 privilegium
1539 3075 1690 3124 super
1713 3057 1924 3109 formula
1961 3057 2201 3124 generali.
2256 3059 2513 3125 Originale
2550 3075 2660 3110 cum
2697 3058 2833 3110 bulla
2864 3059 2914 3109 in
2941 3059 3140 3111 archivo
3170 3059 3565 3126 Regimontan03

709 3150 762 3201 in
795 3149 945 3201 dorso
979 3148 1190 3214 legitur:
1235 3147 1503 3214 „Eiusdem
1539 3147 1728 3199 tenoris
1763 3147 1932 3198 littera
1969 3157 2047 3198 est
2081 3148 2231 3198 etiam
2268 3148 2319 3198 in
2354 3147 2647 3199 Bohemia“.
2704 3147 2798 3198 Ed.
2823 3147 3052 3199 Duellius
3088 3146 3155 3209 11,
3184 3148 3249 3198 18
3284 3167 3335 3199 n.
3353 3147 3437 3200 30.

718 3353 892 3424 654.
933 3355 1115 3421 1276
1179 3357 1401 3421 martii
1452 3355 1536 3420 31
1616 3354 1939 3420 Laterani.
2058 3353 2457 3420 Innocentius
2515 3355 2576 3421 V
2636 3359 2858 3442 repetit
2930 3379 2992 3419 n.
3038 3357 3177 3420 636
3250 3358 3327 3420 de
3394 3355 3565 3421 1265

931 3465 1093 3528 maii
1133 3463 1239 3528 11.

935 3594 1334 3662 Innocentius
1381 3601 1495 3662 etc.
1699 3593 1856 3660 Cum
1905 3615 1943 3660 a
1986 3594 2166 3660 nobis
2210 3599 2327 3660 etc.
2396 3593 2751 3682 Eapropter
2797 3599 2912 3661 etc.
2961 3631 3043 3639 —
3093 3595 3564 3660 communimus.

715 3701 951 3768 Datum
996 3701 1294 3769 Laterani
1337 3703 1384 3768 ii
1431 3701 1554 3768 kal.
1605 3701 1823 3788 aprilis
1869 3701 2268 3788 pontificatus
2312 3701 2514 3768 nostri
2560 3709 2721 3768 ann'o
2767 3702 2993 3788 primo.

930 3843 1052 3894 Cum
1087 3843 1232 3895 dato:
1269 3844 1506 3895 Laterani
1541 3845 1574 3895 3
1610 3841 1713 3894 kal.
1741 3842 1910 3909 aprilis
1947 3858 1998 3907 p.
2024 3861 2074 3893 n.
2100 3860 2145 3892 a.
2176 3843 2221 3893 1.
2276 3843 2338 3893 A.
2366 3842 2428 3892 16
2466 3860 2515 3910 p.
2536 3842 2602 3894 37
2647 3842 2874 3908 „Baruli“
2917 3851 2969 3894 et
3002 3842 3352 3910 inscriptione:
3395 3841 3508 3906 „diL
3534 3843 3567 3892 s.

716 3932 957 3998 magistro
995 3940 1046 3981 et
1079 3931 1140 3983 fr.
1175 3932 1225 3983 h.
1262 3949 1302 3982 s.
1337 3931 1407 3982 M.
1435 3931 1528 3983 Th.
1564 3931 1695 3995 Iber.
1733 3931 1782 3980 in
1819 3947 1977 3996 regno
2015 3931 2232 3982 Sicilie“.
2272 3961 2332 3969 —
2387 3933 2509 3982 eum
2545 3931 2688 3984 dato:
2734 3931 2971 3982 Laterani
3006 3931 3040 3981 2
3075 3931 3177 3982 kal.
3208 3931 3353 3996 april.
3390 3949 3439 3996 p.
3465 3950 3511 3981 a.
3544 3933 3561 3980 l

719 4021 961 4087 originale
995 4037 1107 4070 cum
1132 4019 1268 4071 bulla
1293 4020 1542 4096 qpondam
1569 4019 1852 4080 Oracoviae,
1877 4019 2170 4080 Varsaviae,
2206 4018 2443 4081 Berolini‚
2470 4037 2612 4072 nunc
2636 4019 2921 4085 Regimonti
2946 4031 3285 4082 asservatum3
3320 4019 3569 4086 generale.

725 4225 900 4296 655.
944 4227 1126 4293 1276
1167 4227 1520 4293 novembris
1560 4227 1651 4294 17
1696 4227 1974 4293 Viterbii.
2054 4226 2363 4292 Iohannes
2403 4227 2583 4292 XXI
2614 4230 2839 4314 repetit
2879 4250 2942 4290 n.
2976 4227 3126 4293 654.

944 4368 1250 4436 Iohannes
1285 4375 1400 4436 etc.
1581 4368 1738 4435 Cum
1786 4391 1824 4436 a
1867 4368 2048 4435 nobis
2095 4373 2209 4435 etc.
2281 4368 2515 4435 Datum
2546 4368 2815 4434 Viterbii
2858 4389 2942 4434 xv
2988 4367 3289 4435 kalendas
3332 4368 3571 4436 decem-

722 4478 852 4545 bris
898 4475 1296 4563 pontificatus
1343 4476 1542 4543 nostri
1587 4496 1750 4543 anno
1796 4477 2018 4563 primo,

939 4609 1062 4660 Cum
1098 4609 1244 4660 dato:
1291 4626 1421 4660 anno
1465 4610 1488 4660 1
1534 4609 1808 4674 „Treviris“
1839 4618 1933 4660 etc.
1971 4609 2035 4659 A.
2060 4607 2123 4658 16
2161 4625 2209 4674 p.
2234 4607 2347 4658 118.
2391 4637 2447 4645 -—
2491 4609 2613 4659 Cum
2650 4607 2795 4659 dato:
2842 4606 3055 4658 Viterbii
3096 4607 3158 4658 15
3192 4607 3296 4658 kal.
3322 4609 3487 4659 decbr.
3520 4625 3569 4674 p.

726 4719 771 4751 a.
802 4700 825 4749 1
868 4697 1110 4763 originale
1147 4715 1258 4748 cum
1293 4690 1440 4749 bulla*
1466 4715 1598 4749 nunc
1634 4714 1694 4748 ex
1731 4697 1826 4748 filis
1863 4697 2026 4750 soluta
2062 4697 2311 4762 quondam
2338 4697 2622 4758 cracoviae,
2659 4696 2952 4757 Varsaviae,
2988 4695 3227 4758 Berolini‚
3263 4714 3393 4747 nunc
3414 4697 3567 4762 Regi·

719 4789 880 4840 monti
917 4795 1214 4837 asservatur.
1272 4785 1462 4836 Citatur
1497 4786 1550 4838 in
1583 4787 1870 4838 Inventario
1908 4786 2095 4837 archivi
2132 4785 2473 4836 cracoviensis
2508 4803 2559 4852 p.
2586 4784 2679 4836 67:
2724 4785 2967 4850 „Ioannes
3004 4802 3138 4850 papa
3160 4783 3571 4836 XXI·con{irmat

725 4877 835 4928 iura
871 4875 1218 4928 cruciferorum
1255 4875 1652 4928 Teutonicorum.
1705 4875 1892 4927 Datum
1917 4875 2129 4926 Viterbii
2170 4875 2232 4926 15
2269 4874 2371 4925 kal.
2400 4873 2567 4925 decbr.
2605 4891 2736 4925 anno
2771 4871 3089 4941 pontificatus
3124 4873 3193 4924 1.“
3252 4875 3317 4926 A.
3340 4873 3405 4924 16
3437 4889 3488 4939 p.
3506 4873 3571 4923 52

731 4964 960 5036 „Bm-:w
969 5001 982 5020 ·
