3892 5609
675 344 771 416 68
1458 354 1687 403 ‘ranna
1733 353 2017 403 sanem.
2086 354 2417 401 ARMnmA.
2484 336 2755 401 'CYPRUS

667 512 755 580 Et
800 512 1218 579 destituerunt
1261 534 1329 579 se
1374 512 1450 580 de
1483 519 1709 598 quarta
1750 518 1934 599 parte
1981 513 2247 600 predicti
2292 511 2518 578 casalis
2567 516 2630 578 et
2662 512 2971 578 dederunt
3014 510 3291 577 sasinam
3336 512 3541 597 ipsius

671 626 893 704 quarte
937 620 1139 706 partis
1175 620 1359 686 fratri
1399 619 1786 687 Deustisalvi
1833 620 1910 687 de
1954 621 2097 706 ipsa
2136 620 2321 686 domo
2368 641 2484 706 pro
2531 620 2751 714 eadem
2799 619 3003 685 domo,
3073 619 3135 684 A
3176 638 3299 704 quo
3342 618 3543 685 fratre

670 724 765 793 et²
814 726 1097 813 predicta
1142 727 1325 792 domo
1371 727 1653 813 precium
1699 726 1942 813 prefate
1989 727 2373 793 vendicionis
2418 732 2793 813 receperunt
2837 732 2901 792 et
2944 732 3075 791 tam
3123 726 3411 813 predicta
3442 726 3546 813 Si-

667 832 1018 917 talmelech,
1068 854 1257 919 quam
1304 838 1368 899 et
1409 833 1526 899 filii
1573 834 1705 899 eius
1754 833 2024 919 predicti
2070 833 2296 899 debent
2342 838 2405 900 et
2438 839 2729 900 tenentur
2762 833 3093 899 defendere
3124 833 3354 899 dictam
3391 853 3547 899 ven-

620 940 626 953 '
670 939 973 1006 ditionem
1032 940 1179 1007 hinc
1237 940 1318 1006 ad
1375 960 1610 1006 annum
1668 945 1734 1006 et
1787 941 1954 1006 diem
2014 940 2091 1006 ab
2138 940 2429 1005 omnibus
2480 941 2768 1027 personis
2817 940 3171 1007 volentibus
3226 940 3546 1026 prefatam

667 1046 1098 1115 vendicionem
1131 1046 1469 1113 molestare
1499 1047 1598 1114 vel
1629 1047 2059 1133 calumpniare
2089 1047 2429 1112 secundum
2462 1068 2641 1113 usum
2693 1053 2758 1113 et
2800 1047 3312 1114 consuetudinem
3360 1046 3546 1129 regni

667 1152 1029 1219 Ierusalem.
1099 1153 1280 1220 Unde
1313 1153 1392 1218 ad
1421 1154 1700 1219 futuram
1731 1154 2102 1219 memoriam
2131 1153 2317 1218 huius
2360 1154 2455 1219 rei
2500 1158 2565 1219 et
2607 1155 2851 1239 prefate
2882 1155 3103 1219 domus
3138 1154 3545 1219 securitatem

667 1278 930 1347 presens
986 1261 1290 1347 scriptum
1351 1260 1497 1325 inde
1553 1259 1690 1326 fieri
1757 1261 2021 1326 fecimus
2084 1268 2303 1327 nostra
2361 1260 2535 1327 bulla
2587 1282 2769 1327 cerea
2834 1262 3147 1347 pendente
3203 1262 3543 1325 munitum.

667 1366 901 1432 Actum
947 1366 1102 1453 Tyri
1159 1387 1322 1433 anno
1381 1367 1458 1433 ab
1513 1367 1949 1433 incarnatione
1996 1368 2237 1433 domini
2278 1378 2370 1433 m⁰
2402 1378 2496 1433 cc⁰
2528 1378 2685 1433 xxx⁰
2713 1369 2808 1434 ix⁰
2854 1369 2956 1435 die
3016 1374 3081 1435 et
3114 1387 3347 1443 mense
3394 1366 3545 1431 inde

663 1474 1073 1560 pretitulati&

881 1596 925 1659 1,
961 1596 1031 1647 28
1067 1614 1117 1647 n.
1143 1594 1250 1659 60„
1411 1596 1458 1647 1.
1496 1596 1738 1647 Gitarn’is
1773 1594 1836 1648 B.
2019 1596 2070 1648 2.
2108 1596 2352 1663 supplevi.

673 1861 798 1933 86.
846 1862 1020 1931 1239
1059 1864 1233 1949 febr.
1283 1866 1518 1928 Accon.
1595 1862 1935 1943 Gir-ardus,
1986 1864 2275 1931 ecclesiae
2320 1866 2561 1931 Montis
2609 1864 2790 1951 Syon
2835 1864 3051 1945 abbas,
3100 1867 3382 1931 concedit
3426 1867 3542 1929 do-

846 1973 985 2035 mui
1025 1994 1075 2035 ε.
1112 1970 1369 2036 Mariae
1415 1972 1922 2035 Alamannorum
1970 1974 2294 2058 quandam
2342 1975 2583 2059 petia-m
2642 1985 2844 2037 terrae
2898 1976 2969 2036 in
3018 1973 3231 2038 Monte
3274 1995 3542 2058 suspen-

848 2100 1064 2143 sorum
1107 2081 1414 2143 territorii
1455 2080 1836 2143 Acconemis
1883 2078 1996 2143 sub
2044 2101 2256 2145 annuo
2303 2102 2506 2145 censu.

893 2218 1130 2285 Notum
1177 2220 1263 2285 sit
1303 2219 1616 2285 universis
1663 2224 1794 2284 tam
1840 2219 2239 2305 presentibus
2272 2240 2458 2305 quam
2490 2220 2741 2303 futuris,
2790 2219 2871 2285 ad
2905 2239 3061 2303 quos
3106 2240 3366 2305 presens
3410 2219 3546 2304 pri·

669 2327 971 2410 vilegium
1003 2325 1382 2411 pervenerit,
1418 2326 1585 2409 quod
1615 2346 1728 2391 nos
1760 2324 2087 2411 Girardus,
2136 2333 2531 2393 sacrosancte
2564 2346 2637 2392 ac
2667 2326 2987 2412 primitive
3018 2326 3278 2392 ecclesie
3308 2325 3545 2391 montis

674 2432 845 2519 Syon
893 2433 1086 2499 abbas
1130 2432 1418 2515 humiliS,
1477 2436 1769 2517 totusque
1829 2432 2107 2499 eiusdem
2165 2434 2286 2499 loci
2340 2439 2682 2500 conventus
2729 2433 3154 2500 desiderantes
3201 2432 3547 2498 utilitatem

675 2545 739 2607 et
783 2540 1110 2606 comodum
1160 2538 1420 2605 ecclesie
1463 2547 1679 2605 nostre
1725 2538 2011 2606 dedimus
2068 2546 2131 2606 et
2176 2540 2551 2607 tradidimus
2596 2560 2707 2607 seu
2754 2541 3173 2606 concessimus
3220 2540 3437 2605 domui
3484 2544 3549 2604 et

671 2646 976 2712 fratribus
1009 2652 1222 2713 sancte
1251 2644 1450 2712 Marie
1477 2645 1978 2713 Alamannorum
2014 2648 2331 2732 quandam
2378 2648 2619 2735 peciam
2666 2652 2832 2713 terre
2878 2648 3065 2714 sitam
3110 2649 3177 2712 in
3220 2647 3545 2712 territorio

671 2754 889 2821 Accon
933 2755 998 2819 in
1046 2753 1202 2853 locp,
1251 2754 1356 2839 qui
1405 2752 1637 2818 dicitur
1677 2752 1858 2819 Mons
1904 2774 2375 2841 suspensorum,
2425 2755 2540 2820 sub
2588 2775 2793 2820 annuo
2841 2774 3032 2820 censu
3076 2753 3431 2820 habendam
3482 2758 3548 2818 et

674 2860 1010 2926 tenendam
1056 2862 1121 2925 in
1167 2865 1543 2946 perpetuum
1591 2866 1655 2926 et
1696 2860 2142 2946 possidendam
2187 2862 2323 2927 iure
2370 2862 2790 2948 proprietario
2820 2881 2961 2928 cum
2996 2861 3283 2926 omnibus
3319 2860 3547 2925 introi-

672 2967 875 3051 tibus,
935 2967 1208 3033 exitibus
1265 2972 1329 3032 et
1381 2967 1622 3033 iuribus
1683 2967 1832 3033 suis.
1915 2966 2109 3033 Cuius
2154 2968 2429 3034 confines
2477 2974 2623 3034 sunt
2666 2968 2856 3034 tales:
2918 2988 2999 3033 ex
3054 2973 3235 3053 parte
3282 2968 3546 3033 orientis

673 3080 846 3141 terra
876 3073 1144 3160 Templi,
1191 3079 1256 3140 et
1299 3094 1377 3140 ex
1425 3078 1604 3160 parte
1643 3074 1991 3139 occidentis
2037 3096 2291 3140 rursum
2333 3074 2647 3141 iardinum
2682 3075 2950 3161 Templi,
2998 3074 3163 3159 quod
3210 3075 3405 3139 situm
3450 3079 3549 3139 est

673 3200 874 3268 prope
919 3180 1300 3247 cimiterium
1347 3180 1552 3246 sancti
1595 3180 1903 3266 Nicholay
1950 3180 2292 3247 secundum
2336 3182 2781 3249 indicationem
2830 3182 2994 3265 signi
3044 3180 3279 3261 nostri3
3344 3186 3409 3246 et
3465 3200 3587 3266 ex,

673 3293 856 3374 parte
893 3288 1362 3373 septemtrionis
1391 3294 1562 3353 terra
1600 3288 1802 3353 sancti
1830 3286 2061 3353 Lazari
2094 3289 2169 3354 de
2200 3288 2529 3371 Bethania,
2578 3295 2642 3355 et
2686 3310 2763 3355 ex
2808 3297 2991 3375 parte
3036 3287 3297 3353 australi
3345 3292 3547 3353 strata

673 3395 946 3481 publica,
995 3394 1088 3460 ita
1131 3400 1344 3460 tamen
1393 3394 1559 3478 quod
1602 3394 1768 3460 dicta
1798 3394 2020 3461 domus
2066 3395 2397 3481 hospitalis
2445 3392 2537 3461 et¹
2582 3396 2884 3478 magister
2928 3401 2993 3461 et
3034 3397 3263 3461 fratres
3310 3394 3543 3459 ibidem

674 3521 792 3587 pro
825 3506 1109 3586 tempore
1141 3503 1481 3568 existentes
1523 3507 1816 3567 tenentur
1847 3501 1997 3568 dare
2034 3506 2095 3568 et
2129 3501 2371 3569 solvere
2416 3522 2529 3588 per
2576 3503 2855 3587 singulos
2904 3522 3100 3568 annos
3144 3502 3213 3567 in
3256 3500 3546 3565 kalendis

674 3609 900 3676 marcii
955 3628 1071 3694 pro
1118 3628 1310 3675 censu
1355 3608 1636 3675 eiusdem
1687 3609 1861 3695 pecie
1907 3613 2076 3675 terre
2122 3610 2482 3696 supradicte
2528 3610 2786 3675 ecclesie
2831 3610 3065 3675 montis
3113 3608 3285 3694 Syon
3332 3607 3545 3674 abbati

541 3728 548 3733 ’
678 3723 742 3784 et
786 3716 1139 3800 conventui,
1189 3716 1295 3800 qui
1341 3736 1456 3802 pro
1504 3721 1788 3801 tempore
1830 3716 2085 3800 fuerint,
2134 3717 2211 3782 de
2255 3718 2550 3784 thesauro
2594 3717 2795 3802 ipsius
2844 3716 3066 3781 domus
3114 3716 3427 3781 bisancios
3459 3735 3547 3780 xx

678 3830 1112 3891 sarracenatos
1175 3823 1252 3888 ad
1307 3822 1554 3908 pondus
1599 3822 1813 3888 Accon
1871 3823 2031 3889 bene
2084 3824 2465 3909 ponderatos
2522 3828 2587 3889 et
2639 3828 3030 3905 numeratos,
3086 3822 3203 3887 tali
3254 3821 3548 3887 videlicet

677 3932 1054 4015 conditione,
1102 3928 1288 4015 quod,
1336 3930 1390 3995 si
1436 3930 1738 4012 magister
1783 3935 1846 3995 et
1889 3930 2117 3995 fratres
2164 3931 2329 3996 dicte
2376 3930 2595 3995 domus
2630 3930 2961 4017 hospitalis
3008 3928 3215 4013 aliquo
3262 3934 3545 4015 tempore

677 4039 992 4105 voluerint
1046 4037 1196 4103 dare
1253 4042 1316 4103 et
1376 4037 1696 4120 assignare
1757 4035 2017 4103 ecclesie
2061 4044 2275 4103 nostre
2332 4038 2603 4123 aliquem
2644 4044 2890 4131 ‘certum
2935 4037 3144 4102 locum
3196 4036 3265 4101 in
3310 4036 3545 4117 Accon,

680 4146 758 4213 de
789 4166 910 4229 quo
944 4144 1204 4211 ecclesia
1233 4150 1452 4210 nostra
1481 4144 1683 4229 possit
1710 4144 2034 4230 percipere
2080 4150 2145 4211 et
2188 4144 2417 4210 habere
2459 4144 2656 4210 libere
2702 4152 2765 4210 et
2806 4146 3014 4229 quiete
3058 4145 3126 4209 in
3171 4149 3548 4229 perpetuum

679 4253 816 4333 sine
860 4250 1178 4317 laboribus
1226 4256 1288 4317 et
1334 4252 1626 4336 expensis
1672 4269 1786 4335 per
1815 4270 2325 4336 unumquemque
2361 4272 2593 4316 annum
2624 4272 2712 4317 xx
2742 4250 3056 4317 bisancios
3092 4254 3545 4332 sarracenatos,

677 4360 934 4425 nomine
980 4358 1466 4443 permutacionis
1511 4376 1628 4442 pro
1661 4356 1830 4422 dicta
1872 4358 2055 4443 pecia
2097 4364 2263 4425 terre
2294 4360 2503 4444 ipsum
2536 4358 2819 4444 accipere
2862 4358 3312 4443 promittimus,
3362 4362 3427 4422 et
3456 4358 3548 4422 vi-

678 4466 840 4549 ginti
884 4463 1211 4547 bisantiOS,
1261 4484 1415 4549 quos
1461 4484 1578 4551 pro
1625 4484 1816 4529 censu
1859 4464 2060 4549 ipsius
2106 4470 2273 4532 terre
2320 4465 2577 4531 ecclesie
2620 4471 2835 4531 nostre
2883 4466 3207 4531 annuatim
3256 4470 3548 4531 tenentur

679 4572 758 4640 de
788 4573 1082 4639 thesauro
1115 4590 1226 4637 suo
1258 4570 1518 4655 solvere,
1566 4577 1712 4657 post
1741 4576 2131 4640 contractum
2176 4572 2659 4659 permutationis
2703 4570 2955 4658 penitus
3001 4572 3355 4653 remittere3
3402 4593 3548 4657 per-

678 4680 1026 4745 mutatione
1073 4683 1281 4744 autem
1325 4677 1495 4743 facta
1546 4683 1610 4743 et
1665 4678 1989 4744 satisfacto
2044 4679 2227 4745 nobis
2286 4680 2363 4747 de
2416 4680 2553 4746 loco
2600 4680 3012 4764 competenti,
3070 4680 3137 4744 in
3184 4699 3307 4764 quo
3354 4679 3549 4746 libere

681 4789 746 4853 et
790 4787 998 4871 quiete
1045 4786 1180 4851 sine
1225 4785 1544 4851 laboribus
1591 4790 1656 4851 et
1699 4787 1995 4871 expensis
2042 4787 2367 4852 annuatim
2410 4786 2477 4851 in
2520 4791 2900 4872 perpetuum
2936 4806 3021 4851 xx
3054 4786 3367 4853 bisancios
3416 4806 3550 4850 sar-

679 4898 1008 4958 racenatos
1055 4893 1135 4958 ad
1179 4893 1426 4979 pondus
1471 4891 1686 4959 Accon
1731 4893 2015 4979 recipere
2060 4893 2415 4977 valeamus,
2472 4892 2653 4958 nobis
2708 4898 3004 4959 tenentur
3050 4882 3223 4959 dicti‘
3245 4892 3551 4975 magister

682 5004 748 5065 et
787 5000 1016 5066 fratres
1059 4998 1306 5067 litteras
1351 5004 1641 5086 patentes
1687 5001 1787 5067 sui
1831 5000 2092 5086 capituli
2138 5000 2344 5084 sigillo
2390 5000 2715 5066 roboratas
2763 5000 2945 5084 dare,
2994 4999 3062 5065 in
3108 4999 3334 5086 quibus
3381 4999 3552 5064 dicta
