3892 5609
1337 339 1727 388 rammam
1771 339 2161 388 emuna
2432 341 2441 352 ·
3016 326 3169 397 409

319 497 637 566 maliciose
709 497 992 584 ipsorum
1071 503 1428 585 pervertere
1505 498 1892 566 intellectum
1972 499 2223 568 eosdem
2302 497 2737 585 multipliciter
2802 497 3169 582 inquietant.

318 605 515 690 Nam,
572 625 710 672 cum
773 606 856 671 sit
905 606 1064 691 ipsis
1109 605 1454 690 indultum,
1513 611 1586 672 ut
1628 605 1706 672 de
1750 605 2111 690 novalibus,
2170 625 2291 692 que
2337 605 2609 691 propriis
2656 604 2943 672 manibus
2988 624 3173 672 exco-

317 713 460 780 lunt
489 719 598 780 aut
641 712 992 799 sumptibus
1037 713 1172 780 sive
1218 713 1295 780 de
1341 714 1514 798 ortis,
1562 712 1851 797 virgultis
1897 718 1963 779 et
1990 712 2447 800 piscacionibus
2492 712 2623 778 suis
2653 711 2755 778 vel
2796 711 2875 779 de
2916 732 3173 779 suorum

321 819 682 887 animalium
743 821 1145 887 nutrimentis
1200 820 1408 888 nullus
1469 820 1546 886 ab
1593 820 1683 886 eis
1731 819 2041 890 decimam
2088 820 2339 904 exigere
2384 823 2494 886 aut
2538 823 2909 904 extorquere
2954 840 3171 907 presu-

319 932 483 1012 mat,
543 927 794 1011 quidam
849 947 1146 1013 perverso
1199 927 1518 994 intellectu
1563 925 1824 994 conficte
1868 927 2165 1010 dicenteS,
2212 926 2379 1011 quod
2422 925 2538 992 hec
2580 946 2704 992 non
2749 932 3015 1013 possunt
3057 947 3174 994 nec

321 1034 549 1101 debent
591 1034 858 1119 intelligi
902 1036 1028 1101 nisi
1072 1035 1150 1102 de
1195 1035 1338 1119 hiis,
1386 1055 1504 1119 que
1550 1039 1697 1101 sunt
1741 1039 1886 1100 ante
1931 1033 2263 1100 concilium
2295 1031 2585 1117 generale
2622 1033 2947 1118 acquisita,
2995 1034 3169 1120 ipsos

323 1161 514 1228 super
580 1141 702 1207 hiis
768 1141 1104 1228 multiplici
1171 1142 1512 1208 vexacione
1568 1141 1855 1225 fatigant.
1946 1139 2077 1206 Nos
2132 1141 2325 1224 igitur
2380 1159 2596 1206 eorum
2656 1140 2853 1226 quieti
2908 1145 3175 1227 paterna

320 1248 739 1315 sollicitudine
782 1250 1116 1335 providere
1162 1246 1438 1315 volentes
1485 1248 1880 1315 universitati
1925 1252 2133 1315 vestre
2174 1268 2291 1332 per
2336 1246 2678 1334 apostolica
2716 1249 2955 1336 scripta
2992 1269 3172 1315 man·-

318 1355 563 1440 damus,
611 1361 918 1440 quatenus
964 1357 1162 1422 dictos
1207 1356 1433 1422 fratres
1479 1376 1518 1422 a
1561 1355 1953 1442 prestacione
1987 1355 2370 1420 decimarum
2398 1360 2529 1421 tam
2564 1355 2642 1421 de
2671 1355 3171 1442 possessionibus

315 1461 550 1529 habitis
594 1468 738 1530 ante
783 1463 1114 1530 concilium
1159 1468 1572 1529 memoratum
1621 1482 1806 1548 quam
1853 1461 1930 1528 de
1976 1461 2302 1529 novalibus
2332 1463 2464 1529 sive
2494 1467 2639 1529 ante
2668 1462 2801 1530 sive
2831 1468 2975 1549 post
3001 1463 3170 1530 idem

316 1568 650 1636 concilium
697 1571 1051 1655 acquisitis,
1099 1590 1220 1655 que
1259 1569 1535 1657 propriis
1581 1571 1868 1636 manibus
1915 1572 2027 1634 aut
2069 1568 2421 1654 sumptibus
2466 1568 2778 1654 excolunt,
2824 1570 2901 1636 de
2947 1571 3171 1655 quibus

315 1676 645 1743 novalibus
697 1675 924 1763 aliquis
977 1677 1278 1744 hactenus
1323 1697 1448 1743 non
1495 1677 1807 1763 percepit,
1853 1695 2096 1741 necnon
2142 1675 2219 1741 de
2264 1676 2449 1758 ortis,
2506 1675 2795 1759 virgultis
2853 1681 2917 1743 et
2965 1677 3171 1763 pisca-

318 1782 602 1850 cionibus
668 1785 799 1850 suis
863 1789 925 1849 et
982 1783 1062 1850 de
1115 1804 1368 1850 suorum
1429 1785 1737 1850 arantium
1809 1778 2240 1850 nutrimentis¹
2298 1780 2529 1866 singuli
2584 1787 2862 1850 vestrum
2917 1784 3171 1850 omnino

315 1891 580 1957 servetis
621 1891 934 1957 immunes
980 1891 1468 1958 contradictores
1511 1911 1626 1977 per
1655 1909 1984 1957 censuram
2028 1889 2513 1956 ecclesiasticam
2543 1888 2969 1976 appellacione
2998 1895 3171 1978 post-

316 1997 527 2084 posita
569 1998 1038 2084 compescendo.
1108 1972 1661 2082 Datum‘Anagnie
1705 1997 1846 2063 idus
1891 1996 2045 2062 maii
2088 1994 2486 2082 pontificatus
2530 1997 2731 2062 nostri
2775 2017 2939 2063 anno
2970 2001 3167 2066 sexto.

528 2139 591 2190 R.
614 2139 713 2190 105
748 2139 880 2190 inter
901 2137 1128 2192 Alsatica
1161 2157 1212 2190 n.
1236 2137 1300 2190 19
1335 2139 1388 2190 in
1423 2137 1632 2205 triplicis
1667 2138 1958 2190 transsumti
1992 2137 2309 2204 apographo:
2351 2137 2397 2188 1.
2432 2135 2657 2188 Indicum
2680 2135 3025 2204 delegatorum
3048 2137 3168 2205 Spi-

315 2227 536 2280 rensium
583 2228 648 2280 ad
691 2228 984 2294 petitionem
1029 2227 1255 2294 magistri
1290 2236 1344 2279 et
1375 2227 1584 2279 fratrum
1619 2227 1805 2278 ordinis
1841 2226 2260 2278 Theutonicorum
2296 2226 2471 2278 domus
2506 2227 2837 2280 asserentium
2870 2227 2995 2293 ipsis
3028 2227 3167 2294 peri-

317 2317 541 2370 culosum
585 2333 697 2368 esse
731 2325 1019 2382 presentem
1063 2317 1261 2368 literam
1301 2316 1416 2368 duci
1451 2316 1516 2367 de
1550 2315 1659 2367 loco
1696 2316 1762 2367 ad
1796 2314 1975 2366 locum.
2033 2313 2169 2367 1276
2203 2315 2255 2366 in
2292 2316 2509 2368 crastino
2543 2315 2715 2382 Egidii
2749 2314 2911 2382 (sept.
2934 2314 2999 2384 2)
3035 2315 3171 2369 intus

315 2407 369 2458 in
416 2405 468 2457 2.
503 2405 726 2457 Indicum
763 2406 943 2456 Curiae
977 2405 1230 2471 Spirensis
1273 2413 1579 2456 transsumto
1617 2404 1752 2456 1303
1787 2403 1914 2456 feria
1947 2403 2021 2456 IV
2068 2413 2184 2472 post
2224 2404 2357 2457 dom.
2382 2421 2431 2471 q.
2456 2419 2500 2456 c.
2564 2403 2710 2456 Oculi
2744 2404 2811 2456 ad
2845 2419 3023 2471 preces
3056 2421 3167 2456 ma-

315 2494 462 2562 gistri
509 2503 562 2546 et
602 2494 812 2546 flatrum
843 2493 938 2544 Th.
973 2493 1107 2544 intus
1153 2493 1206 2544 in
1240 2492 1292 2546 3.
1328 2491 1556 2545 officialis
1591 2493 1924 2545 archidiacon.
1960 2492 2128 2545 curiae
2161 2493 2467 2546 Basileensis
2504 2493 2554 2546 d.
2578 2493 2630 2545 d.
2671 2491 2808 2545 1303
2842 2493 2893 2545 vi
2924 2493 3031 2547 kal.
3052 2494 3173 2548 maii

316 2583 566 2636 Bnileae.
751 2584 797 2635 1.
832 2589 1116 2635 statuerunt
1147 2581 1212 2634 R.
1352 2581 1404 2636 2.
1441 2581 1514 2634 sic
1547 2581 1610 2634 R.
1751 2583 1803 2634 3.
1837 2581 1910 2634 M.
1935 2582 1995 2634 T.
2032 2582 2176 2636 deest
2209 2582 2272 2635 R.
2411 2583 2464 2636 4.
2498 2581 2871 2636 nut'mentibus.

323 2825 363 2895 6
380 2823 498 2895 12.
539 2825 716 2893 1260
759 2825 907 2890 iulii
932 2824 1020 2893 10
1051 2825 1362 2912 Anaym'e.
1422 2824 1783 2890 Alexander
1810 2823 1923 2889 IV
1957 2828 2179 2912 repetit
2219 2849 2283 2890 n.
2316 2825 2450 2892 593
2494 2827 2571 2892 de
2601 2827 2778 2893 1258
2818 2827 3035 2893 novbr.
3059 2827 3166 2894 22.

538 2965 900 3034 Alexander
945 2971 1060 3032 etc.
1312 2965 1414 3032 Ex
1460 2971 1640 3052 parte
1682 2965 2053 3034 dilectorum
2100 2971 2217 3034 etc.
2308 2965 2545 3036 Datum
2588 2967 2880 3052 Anagnie
2922 2969 2987 3035 iv
3026 2968 3167 3036 idus

316 3073 456 3143 iulii
501 3073 900 3162 pontificatus
945 3073 1148 3140 nostri
1192 3089 1356 3139 anno
1403 3077 1601 3139 sexto.

321 3357 364 3429 6
379 3358 413 3427 1
427 3355 496 3428 3.
536 3357 713 3427 1260
755 3358 972 3424 novbr.
1008 3359 1094 3424 16
1135 3358 1461 3424 Laterani.
1530 3356 1896 3422 Alexander
1940 3355 2055 3424 IV
2090 3361 2366 3424 concedit
2411 3361 2627 3426 ordini
2675 3357 3053 3426 Thaeutonico
3096 3362 3169 3424 in

537 3465 940 3546 Alamannia,
989 3467 1159 3552 quod
1201 3467 1472 3532 decimas
1513 3467 1586 3530 in
1623 3465 1947 3551 parochiis
1993 3465 2217 3532 alienis
2262 3468 2339 3532 de
2382 3466 2671 3532 manibus
2717 3467 3025 3571 laieorum
3064 3489 3165 3533 re-

537 3575 772 3640 dimere
803 3575 1028 3658 possit.

537 3705 898 3772 Alexander
944 3705 1272 3792 episcopus
1317 3723 1536 3772 servus
1581 3723 1902 3772 servorum
1950 3703 2051 3772 dei
2098 3703 2343 3772 dilectis
2384 3704 2533 3772 filiis
2564 3707 2920 3794 preceptori
2950 3713 3014 3774 et
3038 3707 3168 3774 fra-

315 3813 518 3880 tribus
561 3811 890 3899 hospitalis
937 3817 1150 3879 sancte
1179 3811 1380 3878 Marie
1408 3811 1932 3880 Theuto'nicorum
1978 3812 2045 3878 in
2075 3811 2456 3880 Alamannia
2499 3814 2763 3882 salutem
2810 3821 2876 3882 et
2919 3820 3169 3902 aposto·-

313 3921 500 3989 licam
548 3919 1059 3986 benedictionem.
1283 3917 1534 3986 Affectu
1577 3925 1726 3986 sunt
1770 3919 2156 3987 admittendo
2199 3920 2483 3988 benivolo
2526 3941 2747 4008 preces
2792 3923 3015 3990 devote
3056 3941 3168 4010 pe-

315 4029 612 4111 tencium,
659 4046 800 4093 cum
847 4027 939 4093 sic
985 4027 1073 4093 eis
1119 4025 1334 4110 gracia
1374 4026 1606 4093 favoris
1655 4027 2038 4114 inpenditur,
2086 4027 2251 4112 quod
2298 4026 2499 4094 alieno
2543 4029 2669 4096 iuri
2706 4029 2881 4096 nulla
2908 4050 3167 4117 prorsus

312 4135 550 4203 iniuria
589 4135 924 4218 irrogatur.
1000 4133 1164 4200 Hinc
1210 4139 1324 4217 est,
1371 4133 1538 4218 quod
1581 4153 1696 4200 nos
1742 4135 1970 4202 vestris
2016 4134 2579 4222 supplicationibus
2625 4144 2969 4204 annuentes
2998 4138 3167 4205 redi-

315 4243 528 4310 mendi
563 4241 834 4309 decimas
869 4242 946 4308 de
976 4239 1262 4307 manibus
1292 4240 1614 4327 laycorum
1645 4241 1711 4307 in
1743 4242 2091 4328 parrochiis
2124 4241 2366 4324 alienis,
2395 4245 2709 4309 rectorum
2740 4244 3166 4330 ecclesiarum,

315 4352 381 4419 in
428 4369 690 4436 quarum
737 4348 1084 4436 parrochiis
1131 4348 1368 4415 decime
1411 4348 1550 4435 ipse
1581 4349 1947 4434 consistunt,
1996 4353 2061 4416 et
2088 4349 2558 4422 diocesanorum
2592 4371 2806 4418 earum
2837 4351 3169 4419 accedente

316 4475 642 4540 consensu,
679 4458 1048 4523 auctoritate
1078 4454 1256 4522 vobis
1289 4455 1682 4542 presencium
1712 4455 2109 4523 concedimus
2139 4455 2526 4542 facultatem,
2560 4457 2890 4526 sufficienti
2922 4479 2961 4526 a
2987 4459 3167 4527 vobis

315 4567 489 4651 prius
534 4564 802 4650 prestita
847 4563 1134 4630 cautione
1178 4561 1258 4628 de
1301 4561 1706 4630 restituendis
1753 4563 2011 4630 decimis
2054 4563 2211 4651 ipsis
2258 4563 2495 4631 eisdem
2542 4565 2839 4652 ecclesiiS,
2887 4568 3166 4652 quando-

315 4691 558 4756 cunque
612 4669 788 4736 vobis
841 4670 918 4736 ab
962 4669 1212 4736 illarum
1259 4671 1604 4738 rectoribus
1647 4671 1840 4738 fuerit
1883 4668 1961 4736 de
2004 4670 2453 4758 redemptionis
2499 4673 2708 4758 precio
2754 4675 3161 4742 satisfactum.

314 4778 486 4844 Nulli
532 4798 680 4861 ergo
725 4777 975 4844 omnino
1023 4776 1343 4842 hominum
1387 4776 1575 4845 liceat
1617 4779 1779 4845 hanc
1807 4777 2104 4865 paginam
2134 4784 2349 4846 nostre
2378 4779 2797 4848 concessionis
2824 4781 3167 4866 infringere

315 4885 415 4952 vel
461 4885 519 4951 ei
566 4905 722 4951 ausu
764 4883 1099 4952 temerario
1145 4884 1475 4952 contraire.
1549 4883 1616 4952 Si
1664 4887 1804 4973 quis
1849 4890 2059 4953 autem
2105 4886 2225 4954 hoc
2269 4891 2649 4975 attemptare
2693 4890 3165 4977 presumpserit,

315 4991 808 5077 indignationem
867 4991 1314 5080 omnipotentis
1371 4991 1472 5060 dei
1531 4999 1596 5061 et
1636 4993 1965 5062 beatorum
2008 4992 2183 5062 Petri
2228 4999 2293 5062 et
2332 4994 2517 5064 Pauli
2562 4995 2987 5084 apostolorum
3031 4995 3165 5066 eius
