3892 5609
1345 380 1734 429 Pluma-Gn
1779 380 2169 429 sensnum
3038 370 3189 441 323

324 530 501 603 369.
542 502 720 605 1223
745 540 1038 602 ianuarii
1061 539 1106 603 4
1137 536 1250 623 (ef.
1276 541 1530 604 ianuar.
1557 539 1678 620 12)
1709 540 2037 607 Laterani.
2088 540 2415 606 Honorius
2439 538 2565 605 III
2582 552 2747 605 vetat
2766 541 3191 625 parochianos

537 643 882 729 prohiberi,
931 648 1264 729 quominus
1312 648 1555 711 ordinis
1594 646 1967 713 Theutonioi
2009 648 2295 713 ecelesias
2323 646 2754 733 frequentent,
2806 650 2865 713 ei
2906 648 3191 713 subsidia

541 763 810 836 eroqent,
857 754 928 815 in
972 755 1346 818 coemeteriis
1393 755 1524 819 eius
1569 756 1962 841 sepulturam
2010 767 2335 841 quaerant.

541 890 856 958 Honorius
913 892 1244 979 episcopus
1305 914 1522 960 servus
1581 915 1906 961 servorum
1964 895 2063 960 dei
2109 892 2571 961 venerabilibus
2627 893 2927 962 fratribus
2988 894 3191 961 archi-

320 996 666 1083 episcopis,
723 1001 1066 1087 episcopie,
1124 1006 1186 1067 et
1240 1000 1485 1067 dilectis
1541 1000 1689 1069 filiis
1746 1001 2109 1085 abbatibuS,
2168 1001 2483 1088 prioribus
2530 1006 2646 1067 etc.
2919 998 3191 1067 Gravem

319 1102 691 1171 dilectorum
735 1103 1006 1171 filiorum
1051 1107 1320 1173 fratrum
1364 1107 1696 1195 hospitalis
1743 1114 1959 1175 sancte
2004 1108 2202 1174 Marie
2243 1106 2765 1173 Theotonicorum
2810 1106 3191 1174 Ierosolimi·

316 1210 453 1276 tani
496 1212 848 1297 recepimus
895 1213 1309 1297 questionem,
1358 1214 1525 1298 quod
1570 1216 1826 1300 quidam
1858 1220 2135 1281 vestrum
2182 1214 2631 1301 parrochianos
2680 1235 2825 1281 suos
2874 1214 2954 1280 ad
2995 1214 3191 1280 eccle-

317 1318 445 1383 sias
493 1322 558 1384 et
600 1318 874 1406 capellas
927 1319 1199 1384 fratrum
1255 1322 1535 1407 ipsorum
1595 1342 1784 1389 causa
1837 1320 2137 1389 orationis
2184 1320 2477 1388 accedere
2524 1342 2599 1389 ac
2644 1322 2734 1389 eis
2780 1322 2890 1407 pia
2935 1320 3189 1405 elargiri

316 1423 622 1492 beneficia
663 1446 791 1491 non
848 1426 1251 1512 permittunt,
1313 1428 1467 1511 quin
1525 1429 1753 1513 immo,
1810 1430 1977 1514 quod
2022 1429 2276 1512 gravius
2324 1435 2453 1511 est,
2512 1428 2813 1512 eligentes
2858 1429 2925 1494 in
2973 1446 3187 1495 eorum

317 1531 644 1597 cimiteriis
690 1532 1046 1618 sepulturas
1093 1538 1157 1599 et
1201 1535 1485 1601 caritatis
1533 1536 1623 1601 eis
1671 1536 1953 1602 subsidia
1998 1534 2364 1603 exhibentes
2412 1536 2788 1602 interdicere
2826 1552 2908 1601 ac
2939 1554 3190 1601 excom·

315 1638 642 1705 municare
695 1645 1070 1726 presumunt
1121 1640 1189 1706 in
1251 1641 1560 1707 dictorum
1617 1641 1884 1708 fratrum
1945 1662 2071 1708 non
2118 1642 2434 1709 modicum
2481 1642 2948 1733 detrimentum.
3030 1641 3191 1722 Quia

313 1746 510 1829 igitur
537 1746 964 1833 predictorum
1009 1746 1276 1813 fratrum
1324 1748 1622 1815 iniuriam
1667 1755 1844 1815 tanto
1875 1750 2086 1815 minus
2119 1748 2519 1816 dissimulare
2550 1769 2905 1835 possumuS,
2954 1754 3189 1835 quanto

316 1852 590 1940 amplius
636 1852 871 1921 Christi
930 1854 1342 1940 pauperibus,
1401 1876 1667 1942 quorum
1720 1855 1910 1921 iidem
1960 1856 2236 1922 ministri
2282 1856 2593 1939 existunt,
2654 1861 2720 1923 et
2762 1862 2927 1922 terre
2974 1862 3189 1923 sancte

315 1961 640 2027 succursui
697 1968 793 2028 est
847 1961 1228 2047 dampnosa3
1287 1964 1686 2029 universitati
1721 1968 1928 2029 vestre
1983 1982 2098 2048 per
2144 1963 2491 2048 apostolica
2534 1964 2772 2049 scripta
2815 1962 3189 2029 mandamus

319 2067 752 2153 precipiendo,
801 2070 1096 2151 quatinus
1153 2073 1218 2135 et
1259 2090 1372 2135 vos
1417 2070 1541 2155 ipsi
1585 2071 1838 2156 penitus
1886 2069 1964 2135 ab
2009 2068 2368 2135 huiusmodi
2413 2069 2784 2135 desistentes
2831 2070 3078 2135 iniuriis
3126 2075 3191 2136 et

317 2179 562 2239 vestros
608 2174 889 2241 subditos
937 2194 974 2241 a
1019 2176 1331 2242 similibus
1378 2180 1844 2263 compescentes
1886 2176 2115 2241 fratres
2155 2177 2467 2262 predictos
2500 2196 2625 2241 non
2664 2176 3026 2261 impediatis
3072 2196 3190 2243 nec

318 2281 679 2367 paciamini,
729 2287 1028 2365 quantum
1078 2283 1144 2349 in
1177 2282 1354 2348 vobis
1389 2283 1600 2366 fuerit,
1649 2283 1726 2350 ab
1775 2282 1915 2349 aliis
1960 2282 2277 2369 impediri,
2326 2283 2658 2368 quominus
2694 2281 2928 2348 Christi
2972 2282 3187 2349 fideles

319 2406 512 2453 causa
569 2388 901 2471 orationiS,
960 2408 1101 2455 cum
1148 2388 1492 2474 voluerint,
1549 2408 1764 2456 eorum
1824 2389 2058 2457 adeant
2102 2390 2395 2457 ecclesias
2443 2394 2506 2455 et
2550 2387 2823 2475 capellas
2868 2394 3051 2473 grata
3097 2391 3189 2457 eis

319 2493 601 2560 subsidia
655 2500 720 2561 et
770 2495 910 2581 pias
968 2494 1341 2563 elemosinas
1397 2498 1712 2581 erogando
1769 2503 1832 2564 et
1887 2496 2175 2581 eligemlo
2230 2496 2295 2562 in
2342 2496 2667 2563 cimiteriis
2720 2497 2901 2562 iuxta
2942 2494 3191 2563 indulta

319 2600 487 2667 sedis
541 2602 880 2687 apostolice
937 2602 1344 2689 sepulturam.
1446 2604 1682 2671 Datum
1736 2603 2038 2672 Laterani
2096 2605 2143 2671 ii
2200 2623 2399 2669 nonas
2455 2603 2728 2670 ianuarii
2782 2602 3187 2689 pontificatus

316 2708 517 2773 nostri
565 2728 728 2774 anno
776 2710 1064 2795 septimo.
1402 2694 1415 2711 '

529 2848 652 2901 Sine
687 2848 832 2901 dato:
868 2848 1078 2911 1‚-73v;
1113 2850 1176 2901 R..
1203 2850 1236 2901 6
1273 2849 1405 2902 inter
1427 2852 1900 2919 Norimbergensia;
1937 2852 2000 2902 A.
2028 2851 2097 2903 20
2132 2868 2183 2902 n.
2211 2849 2242 2902 7
2280 2851 2460 2902 Latine
2497 2858 2549 2902 et
2572 2850 2875 2933 Germanice
2906 2866 3017 2901 cum
3040 2860 3187 2903 nota:

315 2937 376 2989 In
411 2936 629 2989 'Pi-overe
665 2936 744 2987 vel
767 2937 1100 3004 Nurenberffi
1135 2939 1200 2989 D.
1228 2940 1544 2993 Germanice.
1573 2970 1636 2979 —-
1678 2942 1800 2991 Cum
1838 2940 1983 2991 dato:
2021 2940 2055 2989 2
2090 2956 2251 2991 nonas
2287 2938 2499 3010 ianparii
2536 2956 2587 3005 p.
2612 2957 2659 2990 a.
2686 2937 2735 2989 7.
2786 2939 3045 3006 originale
3076 2956 3187 2991 cum

315 3025 458 3077 bulla
491 3025 540 3076 in
577 3024 675 3077 fllia
712 3025 914 3077 sericeis
951 3027 1114 3079 rubris
1151 3036 1204 3077 et
1225 3027 1376 3079 luteis
1402 3029 1726 3096 appendente
1749 3029 1802 3079 in
1825 3028 2028 3079 archivo
2054 3028 2243 3079 ordinis
2267 3026 2563 3079 Theutonici
2590 3027 2987 3091 vindobonensi,
3023 3045 3185 3095 quon-

318 3114 436 3165 dam
457 3115 728 3175 Iuneense;
765 3114 950 3165 ibidem
979 3114 1190 3167 alterum
1212 3115 1704 3182 Mergenthemense.
1728 3146 1786 3155 —
1828 3118 1952 3169 Cum
1977 3116 2118 3167 dato:
2156 3116 2189 3167 2
2214 3116 2283 3167 id.
2307 3116 2521 3167 ianuarii
2542 3116 2713 3183 pat-7.
2752 3116 2893 3182 Orig.
2912 3132 3026 3167 cum
3048 3115 3187 3168 bulla

315 3201 368 3252 in
404 3202 502 3253 filis
538 3202 740 3254 sericeis
777 3202 1100 3269 appendente
1137 3204 1389 3269 quondam
1419 3204 1894 3271 Mergenthemense
1927 3205 2133 3257 ibidem.
2190 3204 2291 3256 Ubi
2326 3204 2477 3255 etiam
2508 3202 2831 3265 Montanae-ii,
2868 3204 3184 3269 imperatoris

313 3290 560 3342 Friderici
591 3290 642 3341 ΙΙ
679 3300 732 3342 et
764 3292 934 3343 Iacobi
969 3290 1196 3343 Heinrici
1241 3293 1378 3359 regis
1413 3293 1752 3346 Romanorum
1799 3293 2105 3346 notariorum
2140 3292 2451 3358 publicorum
2484 3292 2892 3359 transscriptum,
2930 3291 3183 3357 quondam

315 3378 368 3430 in
405 3378 552 3431 domo
587 3378 892 3447 Effingensi
903 3382 950 3447 ¹2)

319 3700 496 3771 370.
541 3702 715 3768 1223
759 3704 1047 3767 ianuam·
1073 3704 1118 3768 5
1161 3700 1471 3767 Laterum·
1513 3701 1626 3788 (of.
1661 3702 1838 3769 1223
1867 3705 2160 3767 ianuam·
2188 3702 2297 3782 13,
2326 3701 2503 3785 febr.
2528 3702 2594 3781 4,
2645 3701 2821 3768 1225
2850 3704 3013 3766 maa·
3038 3684 3179 3780 31).

535 3808 862 3874 Honorius
902 3807 1025 3872 ΙΙΙ
1073 3812 1462 3875 commendat
1525 3811 1808 3875 ordinem
1867 3808 2318 3875 Theutonicum
2381 3811 2451 3872 in
2510 3809 2946 3893 recuperanda
3014 3820 3185 3874 term

533 3928 754 3981 sancta
801 3916 1186 3981 laborantem
1228 3916 1685 3999 munificentiae
1715 3914 1949 3982 Christi
1974 3915 2287 3999 fidelium,
2325 3918 2663 4001 proposita
2702 3915 3112 3999 indulyentia.

533 4056 850 4123 Honorius
905 4056 1236 4141 episcopus
1293 4076 1510 4124 servus
1566 4078 1888 4124 servorum
1936 4057 2037 4123 dei
2086 4056 2397 4123 universis
2444 4054 2679 4121 Christi
2723 4052 3043 4139 fidelibus,
3102 4054 3185 4121 ad

311 4182 468 4250 quos
523 4163 735 4230 littere
790 4164 913 4229 iste
966 4164 1399 4250 pervenerint,
1458 4164 1724 4230 salutem
1771 4170 1835 4231 et
1879 4163 2289 4250 apostolicam
2335 4162 2852 4229 benedictionem.
3078 4160 3184 4227 Ad

310 4270 701 4357 eripiendam
745 4268 822 4335 de
850 4288 1238 4355 paganorum
1271 4269 1561 4336 manibus
1590 4275 1826 4336 terram
1857 4270 2055 4354 illam,
2104 4290 2289 4354 quam
2324 4270 2614 4335 dominus
2646 4268 2861 4334 Ihesus
2893 4266 3183 4334 Christus

308 4378 568 4464 proprio
613 4376 918 4459 sanguine
963 4375 1370 4459 consecravit,
1417 4380 1593 4441 tanto
1637 4376 1872 4442 sorcius
1919 4381 1985 4443 et
2027 4374 2333 4443 libencius
2380 4375 2610 4442 debent
2652 4374 2977 4441 intendere
3018 4374 3183 4441 chri-

309 4484 522 4567 stiani,
568 4488 804 4569 quanto
849 4482 1109 4569 propius
1155 4487 1220 4549 et
1264 4482 1523 4565 cercius,
1571 4489 1643 4548 ut
1687 4503 2036 4569 speramus,
2084 4482 2362 4549 eiusdem
2408 4488 2575 4549 terre
2618 4481 2909 4550 liberatio
2952 4502 3183 4568 appro-

307 4592 594 4679 pinquat.
681 4589 976 4675 Quisquis
1023 4584 1218 4655 enim¹
1263 4588 1330 4655 in
1377 4588 1650 4655 adventu
1695 4590 1927 4656 summi
1975 4590 2141 4673 regis
2189 4589 2505 4656 desiderat
2550 4610 2687 4656 esse
2732 4595 2939 4672 tutus,
2986 4594 3060 4654 ut
3102 4588 3181 4654 ab

307 4718 384 4765 eo
430 4702 644 4765 eterne
701 4697 1021 4764 felicitatis
1070 4696 1313 4783 premia
1357 4701 1806 4780 consequatur,
1864 4697 1933 4762 in
1976 4698 2275 4763 instantis
2320 4696 2713 4763 necessitatis
2762 4695 3024 4761 articulo
3069 4714 3181 4760 sue

307 4804 499 4873 debet
541 4804 898 4871 devocionis
943 4802 1177 4869 indicia
1221 4803 1683 4887 demonstrare,
1729 4822 1987 4870 securus
2032 4804 2285 4889 utique,
2344 4802 2540 4889 quod,
2588 4804 2641 4868 si
2686 4804 2825 4889 ipse
2872 4806 3179 4887 oportuno

309 4912 612 4979 bonorum
655 4911 938 4977 omnium
971 4910 1261 4977 servierit
1287 4910 1596 4994 largitori,
1641 4930 1962 4995 nunquam
1994 4909 2115 4976 sibi
2146 4910 2365 4979 deesse
2395 4910 2631 4995 poterit
2658 4928 2897 4976 merces
2930 4926 3179 4991 magna,

308 5038 452 5086 cum
507 5018 593 5085 sit
643 5018 1040 5105 omnipotens
1087 5017 1377 5084 dominus
1421 5017 1815 5102 largissimus
1859 5016 2234 5101 retributor,
2294 5017 2403 5103 qui
2448 5037 2563 5103 pro
2610 5016 2877 5083 terrenis
2924 5013 3183 5081 celestia

2635 5128 2755 5185 21*
