3892 5609
1353 374 1740 426 rama-eu
1783 373 2173 424 emnam
3016 335 3168 434 465

339 553 415 602 ac
459 533 716 602 ecclesie
761 539 824 602 et
866 532 1168 602 beneficia
1211 533 1564 602 huiusmodi
1607 553 1722 622 per
1765 552 2067 621 personas
2112 531 2265 600 dieti
2308 531 2634 620 hospitalis
2676 532 2813 616 regi
2856 535 2921 598 et
2948 530 3174 616 guber-

335 641 477 709 nari
521 639 820 726 valerent,
867 646 932 708 et
973 641 1090 709 hoc
1131 641 1260 729 ipsi
1301 643 1602 727 magister
1645 646 1710 709 et
1751 641 1981 708 fratres
2026 639 2107 708 ab
2136 639 2513 727 importunis
2542 637 2866 705 instanciis
2896 637 3173 726 plerum-

335 767 459 835 que
503 749 855 836 petencium
901 754 1114 816 essent
1152 748 1334 817 liberi
1378 754 1444 817 et
1485 747 1680 835 quieti
1723 767 1838 836 pro
1887 753 2071 835 parte
2112 747 2401 831 magistri
2446 752 2511 815 et
2550 746 2819 814 fratrum
2862 746 3173 832 predicto-

333 875 474 924 rum
521 855 702 923 nobis
745 855 868 923 fuit
907 856 1228 924 humiliter
1269 855 1710 944 supplicatum,
1755 860 1830 922 ut
1869 855 2029 942 ipsis
2074 854 2152 922 ad
2198 853 2489 922 ecclesias
2536 859 2599 922 et
2633 851 2933 922 beneficia
2959 853 3172 922 huius-

331 963 504 1030 modi
559 983 856 1051 personas
913 963 1062 1031 dicti
1115 962 1446 1050 hospitalis
1501 967 1610 1030 aut
1653 961 1810 1030 alias
1855 961 2307 1030 ecclesiasticas
2362 960 2696 1028 ordinariis
2740 959 3017 1028 locorum
3062 968 3173 1030 aut

333 1069 478 1137 aliis
521 1075 594 1138 ut
633 1069 1020 1157 premittitur
1062 1069 1464 1158 presentandi
1505 1069 1830 1138 licenciam
1875 1068 2213 1137 concedere
2256 1073 2321 1136 et
2365 1068 2521 1136 alias
2575 1068 2666 1136 eis
2722 1067 2787 1134 in
2848 1069 3172 1155 premissis

333 1182 642 1264 oportune
685 1178 1014 1266 providere
1057 1177 1138 1246 de
1181 1178 1564 1263 benignitate
1607 1175 1951 1264 apostolica
1994 1174 2413 1260 dignaremur.
2480 1175 2611 1242 Nos
2654 1174 2847 1260 igitur
2892 1176 3171 1263 ipsorum

329 1285 622 1369 magistri
665 1289 731 1352 et
767 1285 1038 1352 fratrum
1077 1285 1148 1352 in
1189 1285 1308 1354 hac
1349 1289 1530 1372 parte
1573 1281 2141 1371 supplicacionibus
2184 1281 2469 1352 inclinati
2510 1283 2690 1370 ipsis,
2734 1287 2809 1350 ut
2850 1283 2931 1350 ad
2976 1284 3171 1354 eccle-

331 1391 460 1457 sias
519 1396 582 1458 et
637 1391 936 1460 beneficia
989 1391 1374 1476 huiusmodi,
1431 1411 1552 1477 que
1605 1390 1674 1457 in
1717 1389 2039 1477 quibusvis
2096 1389 2436 1478 provinciis
2480 1389 2613 1457 sive
2655 1389 2807 1458 locis
2850 1409 3019 1458 nnnc
3063 1391 3173 1460 ob-

331 1497 538 1566 tinent
581 1502 646 1565 et
685 1499 754 1566 in
797 1499 1080 1568 futurum
1121 1498 1312 1566 dante
1357 1496 1606 1565 domino
1657 1497 1821 1565 iuste
1875 1496 2273 1582 obtinebunt,
2330 1497 2529 1564 eciam
2582 1516 2696 1584 per
2750 1517 3171 1587 quoscumque

329 1605 466 1689 regi
507 1611 836 1692 consueta,
883 1605 1454 1693 'quocienscumque
1507 1605 1650 1672 illas
1709 1610 1774 1672 et
1827 1603 1940 1672 illa
1988 1623 2213 1672 vacare
2256 1605 2616 1689 contigerit,
2672 1623 2971 1691 personas
3016 1606 3169 1674 dicti

327 1711 658 1799 hospitalis
703 1718 812 1781 aut
855 1713 1012 1781 alias
1055 1713 1538 1796 ecclesiasticas,
1593 1717 1784 1799 prout
1823 1711 1981 1799 ipsis
2034 1710 2257 1779 melius
2302 1712 2504 1779 visum
2548 1709 2767 1797 fuerit,
2826 1713 3161 1782 ordinariis

329 1818 607 1886 locorum
653 1822 787 1888 sive
831 1820 990 1906 aliis,
1038 1820 1119 1888 ad
1164 1839 1318 1907 quos
1361 1819 1682 1887 institucio
1736 1819 2071 1886 earundem
2127 1837 2533 1905 personarum
2591 1819 3055 1905 quomodolibet
3094 1826 3168 1889 ut

329 1927 717 2013 premittitur
761 1927 1088 2015 spectabit,
1134 1927 1212 1995 de
1255 1925 1700 1995 consuetudine
1744 1925 1844 1994 vel
1887 1926 1967 1994 de
1992 1927 2131 1994 iure
2162 1929 2525 2014 presentare
2554 1931 2619 1994 et
2646 1925 2979 1994 ordinariis
3007 1929 3166 2016 ipsis

329 2051 628 2120 personas
674 2034 1004 2122 hospitalis
1045 2034 1401 2102 huiusmodi
1460 2039 1572 2103 aut
1627 2033 1782 2102 alias
1839 2033 2291 2101 ecclesiasticas
2342 2033 2671 2102 instituere
2724 2053 2965 2102 necnon
3020 2055 3167 2122 per-

327 2141 499 2209 sonis
552 2141 882 2229 predictis,
937 2149 1269 2230 postquam
1325 2143 1394 2210 in
1447 2141 1574 2210 illis
1628 2141 1916 2209 institute
1968 2139 2233 2224 fuerint,
2290 2139 2403 2208 illa
2451 2161 2669 2227 regere
2712 2147 2777 2210 et
2816 2141 3165 2226 gubernare
3252 2131 3273 2150 ⁶

326 2247 522 2317 libere
567 2254 630 2315 et
673 2248 844 2317 licite
889 2250 1132 2337 possint
1175 2255 1240 2318 et
1281 2249 1560 2334 valeant,
1616 2248 1941 2318 licenciam
1988 2247 2353 2334 elargimur,
2404 2269 2533 2315 non
2576 2249 2967 2318 obstantibus
3012 2269 3163 2337 apo-

327 2355 565 2424 stolicis
609 2362 676 2424 et
715 2356 1206 2444 provincialibus
1249 2362 1316 2424 et
1357 2355 1760 2444 synodalibus
1805 2355 1991 2424 editis
2035 2354 2589 2424 constitucionibus
2641 2364 2706 2425 et
2748 2356 3162 2428 ordinacioni-

327 2461 464 2548 bus,
509 2464 762 2531 eciamsi
808 2463 886 2532 de
927 2463 1056 2530 illis
1099 2463 1492 2551 presentibus
1535 2463 1776 2530 mencio
1821 2468 1989 2531 esset
2028 2462 2313 2531 facienda
2357 2463 2647 2550 specialis
2700 2470 2765 2532 et
2818 2463 2961 2532 aliis
3012 2483 3163 2533 con-

325 2569 539 2636 trariis
585 2571 1092 2657 quibuscumque,
1141 2571 1540 2638 decernentes
1585 2571 1780 2637 eciam
1837 2571 2086 2637 irritum
2134 2576 2197 2639 et
2236 2571 2426 2638 inane
2470 2571 2523 2638 si
2580 2590 2759 2639 secus
2804 2593 2993 2660 super
3038 2573 3161 2642 hiis

327 2695 368 2744 a
423 2697 734 2762 quoquam
793 2678 1010 2763 quavis
1066 2677 1438 2745 auctoritate
1491 2678 1757 2745 scienter
1811 2677 1909 2744 vel
1977 2675 2338 2760 ignoranter
2390 2677 2726 2764 contigerit
2776 2681 3161 2769 attemptari.

322 2783 496 2851 Nulli
541 2803 686 2869 ergo
732 2785 984 2851 omnino
1027 2784 1350 2852 hominum
1391 2784 1580 2852 liceat
1619 2784 1780 2852 hanc
1825 2784 2119 2872 paginam
2178 2791 2391 2853 nostre
2446 2785 2863 2854 concessionis
2907 2793 2975 2856 et
3015 2807 3163 2856 con-

324 2891 675 2958 stitucionis
717 2891 1058 2978 infringere
1102 2891 1202 2960 vel
1245 2893 1304 2959 ei
1348 2910 1502 2959 ausu
1545 2892 1878 2960 temerario
1923 2892 2251 2959 contraire.
2334 2891 2403 2960 Si
2458 2893 2597 2980 quis
2650 2899 2859 2962 autem
2906 2894 3023 2963 hoc
3067 2901 3163 2966 at·

323 3002 634 3085 temptare
677 2999 1160 3086 presumpserit,
1214 2999 1712 3084 indignacionem
1760 2999 2204 3086 omnipotentis
2249 2998 2349 3067 dei
2395 3004 2459 3067 et
2513 2999 2837 3069 beatorum
2882 3001 3055 3070 Petri
3100 3008 3165 3071 et

323 3103 504 3172 Pauli
548 3104 968 3192 apostolorum
1017 3107 1152 3173 eius
1203 3127 1272 3174 se
1321 3107 1568 3174 noverit
1620 3106 2033 3173 incursurum.
2116 3105 2346 3172 Datum
2394 3103 2589 3174 Rome
2646 3107 2815 3196 apud
2870 3115 3157 3178 sanctum

319 3209 574 3280 Petrum
617 3211 712 3279 iiii
755 3232 954 3280 nonas
996 3213 1216 3281 marcii
1258 3211 1654 3300 pontificatus
1698 3214 1898 3281 nostri
1943 3233 2107 3280 anno
2153 3218 2351 3280 sexto.

528 3351 618 3415 IV,
643 3351 747 3404 249
761 3371 808 3406 v.
843 3363 896 3406 et
930 3353 1033 3406 255
1048 3371 1094 3406 v.
1157 3355 1531 3406 Transsnmtum
1576 3355 1670 3407 snb
1716 3353 1880 3420 sigillo
1923 3353 2091 3406 euriae
2145 3353 2447 3421 apostolicae
2493 3355 2771 3429 tuterit-‚tq
2806 3355 3045 3409 Iohannis
3090 3357 3155 3411 de

320 3441 586 3504 Cesarinis,
621 3442 686 3494 D.
704 3442 769 3494 D.
805 3459 930 3495 cam.
967 3451 1130 3510 apost.
1165 3443 1404 3495 auditoris
1437 3459 1552 3510 gen.
1589 3443 1694 3495 dat.
1746 3443 1908 3495 Rome
1947 3441 2082 3494 1424
2118 3441 2287 3496 decbr.
2311 3442 2396 3495 22.
2456 3444 2635 3498 Exstat
2668 3445 2721 3497 in
2756 3445 2959 3500 archivo
2991 3445 3152 3515 Regi-

317 3540 568 3584 montano.
621 3529 728 3583 1011.
753 3529 840 3583 52.
895 3529 1026 3584 Edd.
1051 3531 1316 3584 Cam-sinus
1351 3529 1416 3583 D.
1438 3530 1499 3592 43
1535 3530 1730 3583 Senner
1767 3531 1830 3585 G.

322 3813 495 3886 713.
535 3818 712 3885 1423
739 3818 1055 3886 marsim
1091 3819 1332 3884 Romae
1359 3841 1464 3905 ap.
1501 3817 1571 3886 S.
1597 3818 1872 3884 Petrum
1939 3819 2259 3884 Martinus
2286 3817 2349 3884 V
2368 3819 2583 3886 ordini
2608 3818 2983 3888 Theutom‘co
3008 3825 3151 3910 pm·-

533 3924 750 4012 vileqii
789 3927 895 3990 sui
935 3927 1012 3992 de
1043 3926 1217 3992 1419
1259 3927 1419 3991 maii
1443 3925 1530 3992 17
1573 3927 1889 3992 constituit
1929 3937 2407 3992 conservatores.

535 4063 842 4134 Martinus
899 4067 1228 4153 episcopus
1271 4084 1489 4132 servus
1533 4085 1853 4132 servorum
1901 4065 2003 4132 dei
2048 4065 2290 4134 dilectis
2334 4065 2481 4132 filiis
2527 4065 2737 4136 abbati
2782 4068 3149 4138 monasterii

314 4173 516 4241 saneti
559 4173 769 4258 Egidii
823 4174 892 4241 in
933 4171 1301 4258 Nurenberg
1357 4177 1422 4239 et
1477 4172 1678 4239 sancti
1731 4173 1991 4260 spiritus
2037 4174 2103 4239 in
2148 4171 2521 4258 Heidelberg
2562 4173 3038 4262 Bambergensis
3086 4182 3150 4245 et

311 4278 796 4348 Wormaeiensis
839 4279 1178 4347 diocesium
1225 4299 1298 4348 ac
1337 4281 1539 4347 sancti
1569 4277 1881 4363 Gungolffi
1909 4279 2405 4364 Magantinensis
2450 4281 2850 4350 ecclesiarum
2895 4283 3147 4352 decanis

311 4386 578 4454 salutem
635 4392 699 4454 et
750 4386 1156 4474 apostolicam
1213 4385 1722 4455 benedictionem.
1945 4385 2303 4456 Humilibus
2346 4393 2411 4456 et
2461 4389 2740 4458 honestis
2793 4391 3146 4478 supplicum

312 4494 475 4560 votis
529 4492 798 4560 libenter
839 4493 1172 4562 annuimus
1227 4513 1422 4580 eaque
1474 4493 1793 4562 favoribus
1848 4495 2286 4580 prosequimur
2330 4497 2674 4582 oportunis.
2754 4496 3009 4564 Dudum
3059 4497 3147 4565 si-

311 4599 561 4685 quidem
619 4599 860 4668 dilectis
913 4599 1060 4668 filiis
1107 4601 1403 4686 magistro
1449 4605 1515 4668 et
1553 4599 1854 4667 fratribus
1899 4600 2228 4689 hospitalis
2272 4601 2452 4670 beate
2494 4601 2691 4672 Maris
2737 4603 3147 4673 Theotonioo-

307 4727 452 4774 rum
495 4705 972 4775 ierosolimitani
1015 4707 1260 4775 litteras
1303 4712 1550 4775 nostras
1593 4707 2013 4776 concessimus
2056 4709 2121 4775 in
2166 4707 2285 4777 hac
2328 4710 2549 4778 verba:

533 4812 879 4896 „Martinus
907 4821 1024 4882 cet.
1091 4813 1410 4882 Laudibus
1441 4815 1768 4882 ethonore
1796 4820 1912 4882 cet.
1960 4815 2180 4905 (supra
2222 4841 2285 4884 n.
2316 4819 2493 4901 708).
2561 4818 2791 4888 Datum
2821 4817 3145 4888 Florencie

309 4921 419 4988 xvi
465 4920 588 4988 kal.
627 4921 785 4989 iunii
837 4921 1234 5009 pontificatus
1287 4923 1486 4991 nostri
1537 4941 1702 4990 anno
1745 4921 2079 4990 secundo“.
2162 4921 2319 4991 Cum
2366 4931 2571 4993 autem
2586 4975 2604 5011 ,
2662 4926 2823 4994 sicut
2866 4925 3145 4996 exhibita

307 5027 490 5097 nobis
533 5049 733 5117 nuper
761 5049 875 5117 pro
921 5035 1100 5117 parte
1143 5029 1430 5114 magistri
1475 5034 1541 5100 et
1565 5031 1832 5100 flatrum
1869 5031 2291 5120 predictorum
2320 5033 2546 5120 peticio
2576 5033 2950 5120 continebat,
2993 5034 3143 5104 licet

2655 5147 2724 5203 30
