3892 5609
757 362 796 433 3
809 362 903 434 38
1539 392 1544 395 ·
1729 374 2153 423 remmom
2198 374 2640 423 ROMANORUM

747 538 964 599 nostra
1005 534 1399 620 proteccione
1443 534 1817 621 suscipimus
1865 538 1928 601 et
1972 534 2283 621 presentis
2316 533 2543 620 scripti
2574 533 2923 619 patrocinio
2952 533 3445 617 communimuS,
3498 536 3631 597 sta-

747 645 1011 725 tuenteS‚
1062 646 1131 706 ut
1173 640 1332 707 nulli
1377 643 1630 731 omnino
1675 642 2000 708 hominum
2044 641 2233 708 liceat
2276 640 2437 707 hanc
2484 641 2781 726 paginam
2832 645 3049 707 nostre
3080 640 3500 726 protectionis
3530 640 3631 705 in-

745 747 1018 831 fringere
1063 747 1162 814 vel
1219 748 1278 814 ei
1324 767 1478 814 ausu
1525 748 1857 815 temerario
1903 750 2233 817 contraire.
2326 747 2393 815 Si
2440 748 2579 833 quis
2627 752 2839 815 autem
2884 748 3003 815 hoc
3048 752 3433 835 attemptare
3480 766 3629 833 pre—

747 855 1106 940 sumpserit,
1137 854 1631 939 indignationem
1665 855 2111 941 omnipotentis
2134 857 2236 923 dei
2260 862 2324 923 et
2343 857 2670 923 beatorum
2692 853 2865 921 Petri
2897 861 2960 923 et
2980 854 3165 923 Pauli
3185 844 3629 943 apostolorum

745 961 878 1027 eius
924 982 992 1028 se
1033 963 1282 1029 noverit
1323 964 1738 1030 incursurum.
1809 963 2045 1031 Datum
2093 970 2211 1032 etc.

959 1102 1080 1155 Sine
1117 1103 1260 1155 dato:
1298 1102 1340 1165 1,
1366 1102 1464 1165 743
1501 1102 1568 1165 11,
1598 1103 1698 1155 108
1735 1122 1785 1156 n.
1806 1105 1902 1168 603
1941 1106 2005 1157 A.
2032 1104 2103 1157 20
2138 1124 2187 1156 n.
2214 1106 2283 1157 59
2318 1104 2499 1156 Latine
2536 1112 2587 1155 et
2624 1103 2951 1165 Germanic03
2987 1102 3050 1155 D.
3077 1102 3147 1155 60
3185 1102 3513 1156 Germanice.

681 1448 694 1457 .
723 1352 928 1453 ⁰412.
971 1353 1178 1436 (Inter
1221 1354 1398 1421 1216
1440 1356 1590 1420 iulii
1613 1356 1704 1422 24
1749 1368 1806 1421 et
1850 1356 2029 1422 1227
2072 1359 2293 1422 martii
2322 1356 2461 1436 18.)
2524 1354 2849 1421 Honorius
2880 1355 3005 1420 III
3038 1369 3484 1442 apostatarum
3516 1377 3625 1419 or·-

828 1524 841 1555 “
970 1464 1138 1527 dinis
1187 1461 1557 1527 Theutoniei
1577 1462 1874 1547 fautores
1920 1486 2182 1528 censura
2227 1463 2637 1529 ecelesiastica
2682 1464 2959 1529 cohiberi
2997 1464 3183 1529 iubet.

970 1601 1286 1670 Honorius
1344 1602 1676 1690 episcopus
1733 1624 1950 1671 servus
2002 1625 2328 1671 servorum
2372 1604 2477 1670 dei
2533 1588 2991 1672 venerabilibus
3045 1604 3349 1671 fratribus
3414 1602 3620 1671 archi·

748 1708 1059 1796 episcopis
1106 1715 1170 1777 et
1213 1711 1522 1797 episcopis
1570 1715 1686 1779 etc.
1735 1710 2005 1779 salutem
2050 1717 2114 1779 et
2160 1712 2566 1799 apostolicam
2614 1712 3129 1779 benedictionem.
3320 1710 3451 1777 Res
3482 1708 3623 1794 qui-

747 1816 890 1882 dem
934 1816 1015 1882 ad
1060 1837 1174 1883 nos
1223 1818 1474 1884 omnino
1521 1818 1908 1886 detestabilis
1958 1826 2021 1886 et
2065 1819 2335 1903 regulari
2381 1818 2711 1905 discipline
2755 1818 3015 1885 inimica
3056 1818 3370 1905 pervenit,
3430 1816 3618 1903 quod,

747 1942 888 1991 cum
935 1924 1190 2009 quidam
1247 1925 1324 1991 de
1369 1924 1668 1993 fratribus
1717 1926 1817 1993 vel
1860 1926 2162 2013 professis
2208 1926 2537 2013 hospitalis
2584 1930 2797 1993 sancte
2842 1925 3041 1993 Marie
3088 1926 3617 1993 Theotonicorum

745 2028 1228 2098 Ierosolimitani
1275 2031 1522 2098 diabolo
1567 2034 1908 2118 instigante
1956 2054 1995 2099 a
2024 2039 2168 2099 voto
2216 2038 2281 2099 et
2321 2034 2645 2121 proposito
2692 2033 2929 2100 ordinis
2976 2035 3075 2099 sui
3119 2032 3481 2100 resilientes
3516 2052 3619 2099 re·

743 2137 894 2204 licto
939 2138 1261 2223 religionis
1321 2139 1540 2206 habitu
1585 2140 1662 2207 de
1707 2141 1943 2208 milicia
1988 2140 2223 2207 Christi
2268 2140 2345 2207 ad
2392 2140 2691 2207 miliciam
2737 2142 2957 2208 mundi
3001 2141 3207 2209 redire
3249 2138 3613 2206 nullatenus

747 2244 1145 2331 erubescant,
1203 2246 1455 2332 quidam
1514 2245 1730 2314 etiam¹
1786 2248 1986 2314 animi
2042 2247 2298 2315 levitate
2353 2248 2564 2335 potius
2618 2248 2793 2315 ducti
2850 2270 3037 2335 quam
3094 2248 3230 2315 zelo
3286 2246 3613 2331 religionis

746 2354 990 2419 accensi
1043 2354 1178 2420 sine
1220 2353 1477 2421 licentia
1521 2355 1810 2439 magistri
1855 2356 1956 2421 sui
2001 2356 2080 2421 ad
2128 2354 2319 2421 alium
2367 2355 2649 2421 ordinem
2694 2357 2964 2422 transire
3008 2360 3411 2443 presumant3
3477 2354 3613 2439 qui-

745 2461 890 2527 dam
921 2466 1197 2527 vestrum
1245 2461 1322 2527 de
1365 2464 1842 2549 presumptione
1887 2462 2249 2529 huiusmodi
2278 2461 2497 2547 vigiles
2530 2467 2595 2528 et
2624 2462 2889 2530 studiosi
2920 2461 3191 2530 existere
3222 2469 3286 2529 et
3317 2481 3611 2529 excessus

743 2569 1058 2652 corrigere
1100 2568 1426 2653 negligunt
1471 2570 1829 2655 eorundem,
1875 2570 1985 2636 sed
2033 2569 2334 2655 quosdam
2381 2570 2663 2656 ipsorum
2710 2571 2791 2636 ad
2836 2570 3135 2637 miliciam
3171 2568 3520 2637 secularem
3550 2574 3613 2635 et

744 2676 998 2762 nuptias
1056 2676 1328 2743 transire
1385 2682 1450 2742 et
1501 2677 1682 2743 iuxta
1743 2698 1854 2744 sue
1909 2676 2253 2743 voluntatis
2318 2676 2649 2744 arbitrium
2706 2678 2776 2743 in
2832 2678 3101 2745 seculari
3159 2676 3291 2743 vita
3355 2696 3611 2743 manere

746 2784 1154 2870 permittunt,
1214 2790 1474 2869 propter
1519 2784 1684 2869 quod
1741 2786 1984 2871 prefato
2032 2784 2236 2850 ordini
2284 2782 2485 2852 multa
2530 2784 2826 2851 scandala
2870 2790 2933 2851 et
2976 2784 3357 2851 detrimenta
3400 2783 3611 2871 sepius

744 2892 1077 2977 provenire
1135 2895 1496 2975 noscuntur,
1553 2892 1622 2957 in
1667 2912 1788 2977 quo
1833 2891 2051 2975 utique
2097 2898 2162 2957 et
2203 2912 2315 2957 vos
2371 2892 2496 2977 ipsi
2550 2893 2901 2959 animarum
2948 2897 3299 2959 vestrarum
3346 2892 3609 2978 potestis

747 2997 1093 3085 periculum
1152 3019 1279 3065 non
1334 2999 1646 3065 modicum
1706 2998 2063 3064 formidare.
2142 2997 2274 3064 Nos
2333 2999 2527 3082 igitur
2573 3006 2806 3067 statum
2853 2999 3121 3087 predicti
3166 2998 3407 3065 ordinis
3452 2998 3610 3063 inte-

746 3126 930 3190 grum
987 3110 1049 3172 et
1103 3106 1350 3172 illesum
1406 3126 1774 3199 conservare
1820 3104 2099 3171 volentes
2148 3111 2211 3172 et
2255 3108 2415 3172 tanti
2460 3106 2739 3174 scandali
2785 3106 3112 3173 materiam
3158 3126 3287 3173 non
3330 3105 3611 3172 valentes

750 3212 1142 3299 aliquatenus
1191 3214 1520 3299 sustinere,
1566 3212 1965 3279 universitati
1996 3218 2204 3279 vestre
2235 3234 2352 3300 per
2381 3214 2725 3300 apostolica
2756 3213 2992 3301 scripta
3020 3212 3395 3279 mandamus
3426 3218 3611 3297 atque

747 3321 1162 3407 precipimus,
1212 3327 1550 3406 quatenuS‚
1597 3321 1652 3386 si
1697 3339 1852 3404 quos
1896 3319 2082 3385 huius
2126 3320 2495 3387 inveneritis
2540 3321 2640 3388 vie
2684 3322 2887 3405 vimS,
2938 3320 3005 3386 in
3053 3320 3309 3407 synodis
3356 3326 3423 3387 et
3465 3340 3610 3386 con-

749 3428 1038 3495 ventibus
1068 3430 1295 3494 vestris
1327 3427 1898 3495 excommunicatos
1927 3426 2178 3513 publice
2208 3429 2530 3512 nuntietiS,
2555 3428 2665 3511 eiS,
2690 3428 2855 3494 inter
2886 3447 3040 3513 quos
3069 3426 3324 3493 illorum
3354 3448 3610 3493 conver-

751 3536 910 3601 satio
959 3554 1097 3601 esse
1141 3535 1509 3619 dinoscitur,
1557 3534 1672 3601 sub
1701 3534 2213 3602 interminatione
2246 3534 2661 3601 anathematis
2696 3535 3122 3621 prohibenteS,
3168 3540 3241 3600 ut
3266 3533 3413 3601 illos
3442 3534 3610 3621 apud

749 3662 820 3708 se
861 3641 1134 3708 retinere
1180 3647 1243 3708 et
1298 3642 1531 3709 eisdem
1577 3642 2041 3708 communicare
2084 3643 2260 3709 nulla
2302 3643 2545 3709 ratione
2590 3648 2990 3730 presumant,
3054 3647 3118 3709 et
3161 3640 3281 3707 hoe
3322 3646 3457 3708 tam
3504 3642 3609 3708 diu

747 3748 994 3815 faciatis
1050 3748 1496 3816 inviolabiliter
1539 3739 1888 3832 observari,
1946 3749 2144 3817 donec
2198 3750 2429 3836 prefati
2470 3749 2594 3815 viri
2640 3748 2721 3815 ad
2766 3768 2833 3815 se
2876 3749 3209 3816 redeuntes
3253 3749 3489 3816 reverti
3532 3748 3609 3815 ad

750 3876 932 3922 suum
980 3856 1262 3923 ordinem
1307 3856 1762 3942 compellantur
1807 3859 1872 3923 et
1900 3860 2139 3941 votum,
2186 3856 2354 3943 quod
2382 3856 2793 3941 violaverunt,
2842 3856 3217 3923 omnimodis
3254 3855 3603 3924 observare.

751 3961 989 4028 Datum
1037 3968 1152 4030 etc.

939 4095 1062 4147 Sine
1087 4096 1230 4148 dato:
1267 4096 1334 4157 Π,
1359 4094 1457 4147 112
1481 4095 1641 4158 n.72;
1679 4097 1742 4147 A.
1754 4095 1824 4146 20
1848 4094 1981 4147 n.70
2015 4095 2195 4146 Latine
2218 4102 2271 4146 et
2294 4095 2592 4147 Germanice
2616 4112 2728 4145 cum
2751 4102 2896 4147 nota:
2933 4096 2984 4145 in
3004 4094 3202 4147 Buken.
3316 4096 3362 4147 1.
3388 4096 3523 4147 enim
3542 4092 3607 4157 Π,

752 4184 817 4236 A.
843 4184 928 4236 20.

753 4370 933 4443 413.
975 4373 1181 4456 (Inter
1225 4374 1400 4442 1216
1441 4374 1591 4439 iulii
1631 4376 1718 4441 24
1763 4388 1819 4441 et
1863 4376 2040 4441 1227
2084 4377 2305 4440 martii
2344 4373 2485 4455 18.)
2560 4374 2887 4439 Honorius
2928 4372 3054 4439 III
3084 4374 3251 4441 iubet
3290 4374 3607 4461 praelatos

957 4482 1187 4567 favere
1217 4483 1432 4547 ordini
1458 4481 1835 4548 Theutonico
1870 4504 1983 4547 nec
2014 4484 2092 4547 de
2119 4484 2367 4547 donatis
2398 4484 2459 4546 ei
2484 4482 2611 4546 eibi
2636 4483 2977 4567 quicquam
3004 4484 3351 4565 vindicare,
3384 4497 3609 4570 quarta

970 4602 1156 4677 parte
1197 4592 1545 4655 testamenti
1579 4590 2114 4676 parochianorum
2158 4590 2335 4677 apud
2376 4588 2557 4654 illum
2600 4588 2857 4676 sepeliri
2893 4591 3275 4676 cupientium
3306 4611 3435 4655 esse
3464 4613 3605 4656 cen-

863 4748 870 4757 .
975 4710 1168 4764 tentos
1181 4744 1200 4779 ‚
1263 4700 1532 4785 exceptis
1590 4700 1783 4762 armis
1829 4710 1886 4763 et
1931 4699 2124 4783 eques.
2192 4697 2529 4762 Fratribus
2574 4696 2997 4763 sacerdotibus
3044 4696 3227 4763 licere
3270 4698 3605 4782 consessio-

975 4827 1116 4869 nem
1155 4808 1432 4891 recipere
1476 4805 1653 4891 apud
1698 4805 1979 4869 ordinem
2022 4803 2279 4891 sepeliri
2320 4803 2693 4889 eliqentium.

975 4926 1288 4994 Honorius
1346 4930 1675 5015 episcopus
1731 4948 1949 4995 servus
2004 4948 2328 4995 servorum
2384 4926 2487 4994 dei
2535 4925 2994 4995 venerabilibus
3050 4926 3355 4995 fratribus
3412 4927 3607 4995 archi-

757 5034 1068 5121 episcopis
1113 5041 1177 5103 et
1221 5036 1530 5122 episcopis
1578 5040 1694 5103 etc.
1739 5034 2007 5147 salutem
2054 5040 2117 5103 et
2158 5034 2567 5121 apostolicam
2612 5034 3129 5103 benedictionem.
3358 5032 3427 5101 Si
3472 5034 3606 5102 dili-
