3892 5609
1351 310 1738 360 vamnom
1785 311 2171 359 carissimu
3030 304 3069 376 3
3083 304 3121 374 7
3134 304 3176 377 3

335 470 660 535 occasione
705 469 1173 535 constitucionis
1218 470 1573 537 huiusmodi
1617 470 1854 537 nullum
1897 472 2133 539 eisdem
2161 472 2555 541 libertatibus
2587 480 2653 540 et
2680 474 3179 543 immunitatibus

331 577 746 663 imposterum
793 576 1204 662 preiudicium
1249 582 1599 661 generetur.
1685 577 1856 644 Nulli
1905 600 2051 663 ergo
2098 582 2350 646 omnino
2381 582 2714 647 bominum
2760 581 2973 665 liceat,
3020 582 3182 649 hanc

332 684 631 769 paginam
689 690 900 749 nostre
953 685 1368 750 concessionis
1425 684 1764 768 infringere
1820 684 1920 753 vel
1978 688 2036 752 ei
2094 708 2249 754 ausu
2306 690 2636 754 temerario
2691 688 3017 755 contraire.
3112 689 3177 757 Si

333 791 486 875 quis
531 796 740 855 autem
797 790 913 856 hoc
971 796 1344 878 attemptare
1389 793 1872 877 presumpserit,
1932 793 2433 877 indignacionem
2480 796 2923 882 omnipotentis
2971 793 3067 861 dei
3118 802 3181 864 et

335 897 660 964 beatorum
705 896 876 962 Petri
923 902 986 964 et
1029 896 1208 963 Pauli
1253 896 1675 985 apostolorum
1721 900 1854 965 eius
1899 920 1968 966 se
2012 902 2258 968 noverit
2301 883 2713 968 incursurum.
2784 900 3019 969 Datum
3057 902 3179 970 La-

333 1005 540 1071 terani
581 1004 678 1070 iiii
723 1004 864 1070 idus
909 1003 1205 1070 februarii
1251 1004 1648 1091 pontificatus
1695 1008 1894 1072 nostri
1939 1026 2103 1073 anno
2149 1008 2498 1075 undecimo.

545 1146 665 1198 Sine
713 1147 856 1198 dato:
909 1148 971 1197 A.
997 1145 1066 1197 20
1102 1164 1152 1196 n.
1178 1144 1246 1196 87
1291 1146 1471 1199 Latine
1517 1155 1570 1198 ct
1605 1145 1902 1199 Germanice
1945 1163 2057 1199 cum
2104 1158 2244 1202 nota:
2290 1150 2378 1214 „In
2411 1149 2655 1215 Marpurg
2700 1156 2779 1199 est
2814 1146 3177 1214 privilegium“.

333 1234 513 1287 Ao.11
557 1236 829 1300 „Treviris“
871 1237 933 1286 A.
964 1235 1027 1286 16
1063 1253 1113 1301 p.
1145 1234 1271 1296 1173
1310 1236 1398 1297 IV,
1423 1235 1526 1285 206
1536 1254 1552 1297 3
1588 1235 1650 1288 R.
1676 1236 1776 1287 148
1809 1236 1940 1287 inter
1965 1236 2306 1289 Treverensia.
2342 1268 2397 1277 —
2441 1238 2563 1290 Cum
2599 1236 2741 1288 dato:
2778 1236 3015 1287 Laterani
3050 1236 3085 1286 4
3108 1236 3177 1288 id.

329 1323 461 1375 febr.
493 1342 546 1391 p.
573 1342 622 1375 n.
649 1342 694 1375 a.
723 1325 804 1375 11.
851 1322 1092 1389 originale
1138 1340 1248 1375 cum
1292 1324 1430 1376 bulla
1463 1324 1514 1375 in
1550 1324 1647 1375 filis
1683 1324 1882 1376 sericeis
1919 1326 2081 1377 rubris
2118 1334 2172 1377 et
2204 1326 2353 1378 luteis
2388 1342 2616 1394 appensa
2658 1326 2709 1376 in
2757 1324 2954 1377 archivo
2990 1324 3177 1377 ordinis

329 1412 628 1465 Theutonici
653 1414 1051 1474 vindobonensi,
1088 1413 1338 1478 quondam
1365 1414 1565 1480 (Confi.)
1595 1412 2071 1465 Vetere-Iuncense.
2125 1415 2501 1467 Transsumtum
2536 1414 2730 1466 abbatis
2756 1432 2795 1465 s.
2820 1412 3025 1465 Martini
3049 1414 3175 1465 'l're-

331 1502 572 1563 verensis,
611 1502 674 1553 de
710 1519 806 1567 quo
843 1501 1058 1567 sigillum
1093 1501 1334 1563 avulsum,
1373 1502 1436 1553 de
1478 1502 1613 1553 1268
1646 1502 1680 1552 2
1715 1501 1817 1554 kal.
1843 1502 1969 1555 febr.
2005 1502 2058 1553 in
2095 1504 2271 1555 eodem
2306 1504 2522 1555 archivo.
2576 1503 2635 1554 In
2672 1501 2870 1554 archivo
2900 1502 3175 1569 Regimen-

329 1597 453 1640 tano
511 1599 648 1641 extat
700 1590 990 1641 transsumti
1043 1608 1133 1657 per
1178 1590 1440 1643 officialem
1495 1589 1630 1642 curie
1676 1590 1997 1643 Treverensis
2048 1592 2181 1643 1292
2230 1610 2336 1658 apr.
2368 1592 2399 1643 5
2454 1592 2507 1642 in
2552 1590 2723 1658 vigilia
2779 1590 2998 1657 paschae
3056 1589 3177 1640 editi

329 1686 684 1729 transsumtum
722 1697 812 1746 per
847 1678 1110 1731 officialem
1146 1680 1312 1729 curiae
1338 1679 1658 1731 'treverensis
1688 1678 1821 1729 1328
1857 1680 1979 1730 iunii
2002 1680 2038 1729 4
2072 1681 2283 1732 sabbato
2320 1688 2435 1747 post
2468 1680 2651 1731 festum
2686 1680 2847 1731 sancti
2881 1677 3179 1730 sacramenti

331 1768 627 1830 confectum,
664 1787 696 1819 a
731 1768 914 1820 Iacobo
949 1768 1164 1834 quodam
1201 1768 1531 1834 subscriptum
1566 1776 1618 1818 et
1655 1766 1839 1834 duplici
1875 1768 2039 1834 sigillo
2072 1769 2330 1820 munitum.

336 2034 512 2105 527.
553 2036 730 2104 1254
764 2036 1094 2122 februarii
1133 2038 1215 2104 11
1269 2036 1591 2103 Laterani.
1672 2036 2067 2103 Innocentius
2111 2037 2158 2102 I
2161 2038 2221 2103 V
2263 2050 2427 2104 vetat
2476 2062 2518 2103 a
2556 2036 2877 2122 fratribus
2934 2038 3175 2101 ordinis

561 2144 926 2211 Theutonici
967 2146 1136 2230 exiyi
1169 2147 1608 2231 pecuniarium
1649 2144 1997 2211 subsidium
2042 2148 2128 2211 ad
2171 2148 2497 2231 mqendas
2541 2146 2933 2209 munitiones.

551 2286 945 2353 Innocentius
993 2286 1322 2373 episcopus
1365 2306 1582 2352 servus
1629 2305 1949 2353 servorum
1996 2287 2096 2353 dei
2140 2285 2598 2353 venerabilibus
2642 2284 2943 2351 fratribus
2974 2284 3175 2350 archi-

332 2394 642 2483 episcopis
687 2400 751 2461 et
795 2394 1104 2481 episeopis
1151 2414 1223 2459 ac
1269 2392 1510 2460 dilectis
1553 2392 1700 2460 filiis
1747 2394 2075 2461 abbatibus
2122 2399 2238 2460 etc.
2462 2392 2561 2459 Ex
2596 2398 2776 2480 parte
2806 2390 3175 2458 dilectorum

331 2500 598 2568 filiorum
629 2502 916 2585 magistri
947 2507 1011 2567 et
1037 2501 1304 2567 fratrum
1335 2500 1662 2586 hospitalis
1693 2510 1906 2567 sancte
1928 2498 2127 2568 Maria
2150 2500 2199 2566 T
2204 2500 2673 2567 heutonicorum
2696 2498 3175 2567 lerosolimitani

328 2608 510 2675 nobis
555 2608 765 2693 gravis
811 2590 908 2675 est
952 2608 1162 2675 oblata
1206 2606 1488 2693 querela,
1543 2608 1705 2691 quod
1751 2607 2037 2675 nonnulli
2080 2607 2340 2691 nobileS,
2386 2606 2617 2673 milites
2666 2613 2729 2674 et
2770 2606 2915 2673 laici
2960 2604 3037 2672 ab
3086 2605 3175 2671 eis

329 2736 445 2803 pro
497 2716 856 2782 claudendis
901 2715 1067 2782 villis
1114 2722 1177 2781 et
1221 2714 1442 2781 castris
1491 2734 1562 2781 ac
1607 2713 1944 2799 erigendis¹
1992 2714 2441 2781 munitionibus
2486 2714 2833 2781 subsidium
2879 2712 3175 2800 pecunia-

329 2824 496 2889 rium
541 2830 760 2889 contra
801 2824 1115 2889 iusticiam
1163 2823 1438 2907 exigunt,
1487 2822 1652 2909 quod
1699 2824 1754 2889 si
1798 2842 1924 2889 non
1956 2822 2261 2907 dederint,
2306 2822 2461 2889 illud
2494 2821 2571 2888 ab
2602 2822 2692 2887 eis
2724 2820 3015 2887 auferunt
3043 2820 3175 2885 vio-

328 2930 550 2997 lenter.
636 2929 793 3012 Cum
841 2936 1048 2996 autem
1095 2930 1260 2996 bona
1303 2929 1613 2996 dictorum
1657 2930 1946 3013 magistri
1991 2934 2055 2996 et
2093 2930 2358 2996 fratrum
2408 2930 2537 2995 sint
2578 2948 2691 3015 per
2734 2933 2939 2993 totum
2982 2927 3176 3013 depu-

329 3044 466 3105 tata
507 3037 920 3123 redemptoris
965 3036 1296 3120 obsequiiS,
1341 3056 1457 3123 pro
1503 3038 1678 3103 cuius
1725 3036 2063 3103 attollendo
2110 3035 2361 3102 nomine
2404 3035 2529 3121 ipsi
2572 3054 2687 3101 nec
2730 3055 2939 3101 rerum
2989 3034 3175 3100 susti-

328 3165 479 3211 nere
535 3144 930 3230 dispendium
987 3164 1104 3210 nec
1147 3140 1358 3211 subire
1403 3150 1692 3211 metuunt
1736 3144 2017 3231 pericula
2062 3162 2467 3230 personarum
2486 3190 2503 3225 ,
2560 3140 2925 3207 discrecioni
2971 3146 3175 3207 vestre

328 3273 442 3339 per
489 3251 832 3337 apostolica
875 3250 1111 3337 scripta
1155 3251 1558 3335 mandamus,
1606 3255 1912 3336 quatenus
1957 3250 2197 3316 nobiles
2243 3254 2308 3315 et
2350 3249 2519 3339 alios·
2552 3248 2961 3334 supradictos,
3010 3247 3175 3332 quod

329 3360 408 3427 ab
463 3359 745 3426 indebita
797 3358 1048 3425 illorum
1103 3378 1291 3445 super
1336 3358 1660 3444 premissis
1705 3356 2141 3425 molestatione
2185 3356 2519 3440 desistant,
2578 3376 2831 3422 monere
2876 3354 3174 3421 attentius

329 3480 394 3534 et
435 3466 730 3532 inducere
775 3466 1153 3552 procuretiS,
1207 3486 1314 3532 eos
1361 3466 1440 3531 ad
1485 3466 1572 3549 id,
1619 3466 1674 3531 si
1719 3483 1974 3531 necesse
2002 3464 2227 3547 fuerit,
2272 3484 2387 3549 per
2430 3458 2755 3529 censuram
2802 3461 3175 3529 ecclesiasti-

328 3594 498 3655 cam,
547 3571 966 3659 appellatione
1013 3574 1390 3659 postposita,
1445 3572 1917 3658 compescendO,
1964 3590 2089 3637 non
2136 3570 2442 3654 obstante,
2488 3570 2544 3635 si
2590 3568 2901 3653 aliquibus
2946 3590 2985 3634 a
3028 3567 3175 3635 sede

329 3681 672 3768 apostolica
726 3680 808 3745 sit
860 3678 1202 3763 indultum,
1265 3680 1429 3764 quod
1487 3678 1782 3765 suspendi
1841 3678 1940 3744 vel
1991 3678 2280 3744 interdici
2326 3683 2435 3743 aut
2479 3676 3003 3744 excommunicari
3049 3694 3172 3741 non

327 3789 602 3876 possint,
660 3787 784 3852 nisi
841 3787 917 3852 de
961 3785 1201 3853 indulto
1249 3786 1605 3853 huiusmodi
1651 3785 1770 3851 sibi
1817 3806 2108 3853 concesso
2155 3784 2341 3871 plena
2386 3789 2451 3850 et
2494 3804 2793 3869 expressa
2833 3784 2901 3848 in
2944 3782 3174 3849 nostris

325 3896 554 3963 litteris
601 3894 833 3961 mentio
879 3893 1198 3960 habeatur.
1268 3893 1504 3960 Datum
1544 3892 1839 3960 Laterani
1887 3893 1957 3959 iii
2002 3892 2141 3959 idus
2185 3891 2483 3958 februarii
2529 3890 2926 3977 pontificatus
2970 3888 3171 3955 nostri

328 4023 490 4069 anno
539 4002 882 4068 undecimo.

537 4132 792 4199 originale
830 4150 940 4185 cum
975 4132 1112 4185 bulla
1145 4133 1196 4184 in
1231 4130 1328 4184 filis
1365 4130 1656 4183 cannabinis
1691 4147 1918 4197 appensa
1951 4131 2003 4182 in
2028 4130 2227 4183 archivo
2252 4131 2439 4183 ordinis
2463 4130 2757 4182 ‘theutonici
2779 4126 3170 4181 vindobonensi.

327 4226 390 4277 A.
420 4224 484 4276 16
520 4242 570 4291 p.
595 4222 666 4274 78
688 4240 763 4289 sq.
805 4222 1088 4289 „Colonie“.
1141 4222 1237 4273 Ed.
1261 4221 1470 4273 Hennes
1506 4220 1546 4282 1,
1577 4219 1676 4271 143
1712 4236 1760 4271 n.
1786 4220 1879 4271 151
1921 4236 1984 4270 ex
2019 4237 2092 4272 or.
2239 4220 2282 4271 1.
2320 4219 2585 4285 irrigandis
2622 4220 2683 4270 A.
2714 4216 2795 4270 16.

331 4501 504 4573 528.
546 4502 723 4569 1254
766 4502 926 4565 maii
965 4500 1052 4566 18
1097 4499 1315 4566 Asisii.
1407 4499 1801 4564 Innocentius
1845 4498 1890 4563 I
1895 4498 1955 4564 V
2002 4500 2216 4565 ordini
2263 4496 2637 4563 Theutonico
2682 4500 2752 4561 in
2800 4496 3173 4560 Alemanni«.

545 4622 819 4675 reservat
843 4609 1135 4693 fratrum
1181 4610 1310 4672 eius
1355 4610 1502 4673 iura
1548 4608 1969 4671 haereditaria
2015 4610 2279 4693 except-223
2310 4605 2704 4691 feudalibus.

547 4740 947 4809 Innocencius
1017 4740 1344 4827 episcopus
1411 4760 1628 4807 servus
1697 4760 2021 4806 servorum
2090 4740 2189 4805 dei
2255 4738 2497 4806 dilectis
2552 4735 2695 4803 filiis
2753 4736 3052 4819 magistro
3112 4740 3175 4807 et

322 4850 621 4919 fratribus
695 4848 1024 4937 hospitalis
1099 4854 1310 4915 sancte
1377 4846 1574 4914 Maris
1643 4847 2163 4915 Theotonicorum
2230 4846 2297 4912 in
2360 4846 2699 4913 Alamania
2770 4843 3035 4911 salutem
3110 4848 3174 4908 et

324 4958 730 5046 apostolicam
807 4955 1316 5024 benedictionem.
1632 4954 2005 5023 Devocionis
2074 4958 2279 5021 vestre
2352 4952 2641 5039 precibus
2714 4950 3029 5037 inclinati,
3104 4954 3176 5019 ut
