3892 5609
747 410 896 482 310
1717 418 2141 469 roni-ramim
2184 414 2629 467 Romnonuu

671 562 676 567 ’
742 582 918 647 teriis
963 580 1236 666 sepeliri,
1284 580 1338 647 si
1384 564 1581 647 eciam
1627 579 1821 663 locus,
1877 581 1945 646 in
1992 599 2114 665 quo
2160 578 2488 663 decedunt,
2544 579 2737 647 fuerit
2776 578 3178 663 interdictae,
3240 578 3359 647 sed
3405 580 3498 646 ita
3534 578 3601 645 iu

739 688 857 754 hoc
903 692 966 755 et
1003 690 1070 754 in
1113 688 1253 755 aliis
1300 693 1537 755 statuta
1575 687 1742 755 sedis
1789 686 2129 774 apostolice
2168 687 2418 771 integra
2446 692 2511 753 et
2536 685 2781 753 illibata
2810 687 3093 771 servetis,
3141 686 3312 772 quod
3354 685 3599 753 devotio

742 800 953 862 vestra
1011 797 1212 881 possit
1257 801 1321 862 et
1365 795 1589 879 debeat
1618 798 1745 861 non
1789 794 2104 861 immerito
2150 792 2576 861 commendari
2620 814 2735 861 nec
2777 814 2895 860 nos
2937 792 3337 860 inveniamus
3384 792 3457 858 in
3497 812 3603 858 vo-

739 901 836 969 bis
882 904 950 969 in
993 903 1112 969 hac
1155 908 1358 989 parte,
1404 901 1571 989 quod
1617 902 1842 968 merito
1887 903 2201 986 corrigere
2253 902 2608 969 debeamus.
2677 901 2913 969 Datum
2956 899 3261 967 Laterani
3314 920 3471 966 non.
3516 899 3603 967 fe-

742 1011 981 1078 bruarii
1011 1009 1424 1097 'pontificatus
1471 1010 1672 1077 nostri
1717 1030 1879 1077 anno
1925 1032 1985 1095 v,
2219 992 2227 1003 ⁹

950 1150 1072 1203 sine
1108 1151 1252 1203 aava:
1289 1151 1356 1213 11,
1382 1151 1510 1203 sev.
1546 1168 1597 1202 ιι.
1622 1149 1718 1212 223
1754 1153 1818 1203 A.
1837 1148 1907 1201 20
1941 1168 1995 1202 ιι.
2019 1150 2088 1201 22
2122 1150 2305 1202 Latine
2340 1158 2393 1201 οι
2429 1148 2727 1202 semanim
2762 1166 2875 1201 ιιιιιιι
2908 1156 3057 1201 nota:
3102 1148 3161 1201 1n
3198 1120 3439 1200 Traiecti»
3474 1147 3602 1199 infe-

714 1238 858 1292 ¹riori
892 1239 1141 1291 invenitur
1165 1249 1259 1291 etc.
1315 1240 1378 1293 D.
1405 1240 1492 1291 21.
1520 1270 1580 1277 —
1623 1240 1744 1291 cum
1782 1239 1928 1291 dato:
1965 1239 2201 1291 Laterani
2234 1256 2351 1291 non.
2374 1239 2501 1290 febr.
2537 1255 2589 1306 p.
2612 1256 2663 1291 n.
2690 1256 2738 1290 a.
2762 1238 2813 1290 5.
2849 1238 2914 1291 R..
2942 1237 3041 1289 195
3078 1237 3256 1289 incerti
3290 1236 3410 1289 loci.
3455 1238 3521 1289 A.
3542 1236 3605 1287 16

739 1347 792 1396 p.
821 1328 920 1380 107
961 1328 1258 1395 „Traiecti“.
1447 1329 1495 1380 1.
1531 1328 1599 1379 sit
1631 1327 1696 1380 A.
1725 1327 1806 1379 16.
1984 1326 2035 1379 2.
2072 1328 2216 1379 addit
2250 1328 2314 1381 A.
2344 1326 2425 1379 16.

747 1610 920 1683 349.
963 1614 1135 1681 1221
1179 1612 1511 1698 februarii
1551 1614 1596 1679 5
1644 1613 1969 1679 Laterani.
2055 1610 2380 1678 Honorias
2425 1613 2550 1679 III
2597 1614 2875 1679 concedit
2930 1614 3146 1679 ordini
3194 1611 3602 1694 neuton-2500,

961 1734 1054 1800 ut,
1085 1721 1478 1806 confratrum
1533 1722 1802 1807 coo-'pora
1842 1743 1961 1807 per
1994 1720 2317 1807 praelatos
2362 1722 2440 1785 ab
2489 1722 2757 1787 ecclesiia
2802 1742 3017 1787 eorum
3056 1720 3383 1807 prohibita
3426 1722 3609 1809 apud

964 1851 1111 1894 suas
1157 1828 1417 1914 sepelire
1461 1827 1659 1893 liceat.

960 1968 1276 2035 Honorius
1323 1968 1652 2056 episcopus
1705 1988 1922 2035 servus
1969 1988 2293 2035 servorum
2344 1967 2448 2035 dei
2504 1967 2748 2035 dilectis
2806 1965 2953 2034 filiis
3008 1968 3316 2053 magistro
3360 1972 3428 2035 et
3476 1964 3604 2034 sra-

741 2077 940 2145 tribus
995 2075 1326 2162 hospitalis
1385 2077 1611 2142 sancte‘
1641 2074 1840 2143 Marie
1885 2074 2408 2142 Theotonicorum
2452 2068 2938 2142 Ierosolimitani
2998 2075 3265 2143 salutem
3324 2080 3393 2143 et
3450 2095 3604 2163 apo-

742 2183 1028 2250 stolicam
1084 2182 1598 2259 benedictionem.
1876 2182 2006 2265 Ea,
2066 2202 2187 2267 que
2238 2178 2455 2259 ,vobis¹
2512 2184 2769 2268 superni
2828 2184 3170 2251 conditoris
3215 2183 3459 2249 intuitu
3524 2182 3605 2249 ad

741 2290 1179 2377 prosequenda
1222 2310 1416 2377 opera
1460 2287 1736 2375 pictatia,
1784 2287 2008 2373 quibus
2051 2290 2401 2372 intenditiS‚
2438 2288 2730 2355 duximus
2760 2289 3161 2375 indulgenda,
3206 2289 3279 2356 in
3308 2310 3429 2357 sua
3458 2309 3604 2356 con-

739 2397 913 2463 venit
943 2395 1239 2463 firmitate
1285 2396 1642 2483 persistere,
1690 2392 1772 2479 et,
1817 2416 1899 2462 ne
1937 2397 2221 2482 ipsorum
2255 2401 2589 2464 evacuetur
2632 2396 2993 2483 auctoritas,
3038 2381 3261 2465 contra
3302 2416 3604 2484 quorum-

740 2503 896 2570 libet
940 2502 1510 2590 calumpniancium
1557 2502 1932 2589 pravitatem
1967 2503 2312 2589 presidium
2334 2503 2519 2570 'vobis
2550 2503 2735 2571 debet
2763 2504 3173 2589 apostolicum
3202 2524 3335 2571 non
3366 2504 3602 2571 deesse.

745 2610 1051 2689 Quoniam
1081 2612 1275 2694 igitur
1307 2610 1560 2695 quidam
1589 2609 1668 2675 de
1697 2610 1958 2696 prelatis
1990 2609 2389 2677 ecclesiarum
2423 2611 2598 2678 vobis
2622 2618 2841 2678 contra
2861 2611 3176 2679 indultum
3197 2609 3607 2699 privilegium

749 2706 1204 2801 contradicunt,
1249 2736 1330 2783 ne
1374 2716 1720 2783 confratres
1763 2723 2006 2784 vestros
2051 2717 2245 2784 libere
2296 2717 2553 2805 possitis
2608 2720 2857 2786 tradere
2911 2718 3265 2807 sepulture,
3323 2718 3605 2805 presenti

744 2824 921 2891 vobis
977 2826 1212 2913 pagina
1269 2824 1562 2890 duximus
1615 2825 2127 2915 concedendum,
2186 2830 2259 2891 ut
2318 2825 2508 2892 liceat
2560 2827 2737 2894 vobis
2800 2818 3189 2895 confratrum
3246 2832 3605 2893 vestrorum

659 2960 666 2968 ·
739 2952 1036 3018 corpora,
1079 2952 1202 3018 que
1245 2932 1473 3017 prelati
1515 2932 1919 2999 ecclesiarum
1958 2932 2123 3018 apud
2154 2932 2447 2999 ecclesias
2476 2954 2623 2999 suas
2653 2931 3001 3002 malitiose²
3028 2955 3155 3003 non
3194 2934 3605 3021 permiserint

741 3038 1012 3126 sepeliri,
1057 3039 1182 3105 nisi
1229 3040 1750 3105 excommunicati
1793 3038 1892 3106 vel
1939 3039 2313 3117 nominatim
2351 3040 2587 3107 fuerint
2623 3042 2941 3118 interdicti
2982 3047 3092 3108 aut
3120 3042 3321 3109 eciam
3350 3040 3603 3128 publice

739 3146 1030 3229 usurarii,
1062 3146 1144 3211 ad
1179 3146 1468 3212 ecclesias
1500 3150 1742 3211 vestras
1775 3145 2149 3212 auctoritate
2178 3152 2395 3213 nostra
2424 3146 2793 3215 tumulanda
2822 3148 3063 3216 deferre
3094 3154 3159 3215 et
3188 3148 3323 3215 sine
3352 3154 3604 3215 contra·

742 3252 1014 3319 dictione
1061 3252 1272 3338 aliqua
1315 3253 1386 3319 in
1428 3253 1656 3319 vestris
1701 3251 2024 3319 cimiteriis
2073 3252 2340 3339 sepelire
2387 3259 2450 3321 et
2492 3256 2561 3320 in
2607 3255 2884 3323 ecclesiis
2931 3256 3155 3337 vestris
3210 3275 3328 3341 pro
3384 3276 3603 3323 eorum

742 3358 1066 3426 animabus
1112 3360 1447 3427 missarum
1493 3359 1866 3446 sollempnia
1915 3359 2249 3427 celebrare.
2317 3360 2488 3427 Nulli
2535 3382 2681 3446 ergo
2729 3362 2982 3428 omnino
3036 3362 3363 3429 hominum
3418 3362 3607 3429 liceat

741 3466 902 3533 hanc
959 3467 1254 3551 paginam
1309 3472 1520 3533 nostre
1576 3467 1991 3533 concessionis
2050 3468 2390 3552 infringere
2434 3467 2533 3534 vel
2578 3470 2634 3535 ei
2682 3488 2839 3553 ausu
2882 3470 3215 3539 temerario
3266 3470 3602 3536 contraire.

743 3573 813 3641 Si
857 3574 997 3660 quis
1042 3566 1251 3640 autem
1302 3574 1421 3641 hoc
1481 3578 1868 3662 attemptare·
1907 3576 2393 3662 presumpserit,
2444 3575 2940 3659 indignationem
2996 3578 3450 3664 omnipotentis
3502 3576 3605 3643 dci

743 3686 807 3749 et
859 3681 1183 3748 beatorum
1227 3680 1400 3747 Petri
1457 3687 1520 3748 ct
1561 3680 1744 3747 Pauli
1789 3681 2215 3767 apostolorum
2260 3683 2394 3749 eius
2450 3702 2518 3749 se
2572 3684 2820 3751 noverit
2860 3684 3275 3751 incursurum.
3362 3684 3603 3753 Datum

740 3788 1037 3855 Laterani
1081 3788 1264 3854 nonis
1307 3787 1608 3855 februarii
1651 3788 2054 3874 pontificatus
2096 3791 2299 3855 nostri
2342 3810 2509 3856 anno
2554 3811 2611 3856 ν.

953 3930 1074 3981 Sine
1110 3930 1256 3981 dato:
1291 3928 1540 3991 11,101v.
1575 3929 1743 3991 n.42;
1780 3932 1844 3981 A.
1863 3930 1934 3981 20
1968 3930 2109 3982 n.4o
2141 3931 2323 3982 Latine
2360 3940 2413 3982 et
2436 3931 2733 3984 Germanice
2768 3948 2881 3983 cum
2915 3940 3060 3984 notat
3094 3932 3426 3986 Innocencius
3462 3934 3599 3985 eius-

743 4019 858 4069 dem
893 4019 1077 4070 tenoris
1113 4018 1166 4077 in
1201 4017 1468 4084 Marpurg;
1505 4016 1569 4068 D.
1587 4019 1653 4068 41
1695 4018 2009 4071 Germanice.
2049 4050 2111 4057 —
2152 4020 2276 4071 Cum
2311 4020 2455 4072 datm
2492 4020 2556 4073 A.
2589 4020 2653 4071 16
2688 4038 2739 4087 p.
2758 4020 2827 4073 ¹75
2868 4020 3153 4087 „Colonie“.
3372 4022 3421 4075 1.
3456 4022 3602 4075 bonis

747 4108 810 4159 A.
835 4106 921 4158 20.
1095 4108 1147 4161 2.
1183 4106 1326 4158 addit
1361 4108 1424 4159 A.
1449 4104 1514 4158 16
1548 4123 1600 4174 p.
1617 4103 1704 4159 75.

749 4389 924 4461 350.
965 4393 1138 4461 1221
1155 4393 1500 4478 ‚februarii
1527 4394 1568 4459 5
1599 4392 1910 4459 Laterani
1945 4392 2061 4480 (cf.
2087 4396 2265 4461 1222
2274 4394 2448 4480 febr.
2474 4398 2539 4477 5,
2573 4396 2751 4464 1223
2780 4399 2909 4462 itm.
2933 4395 3075 4478 13).
3133 4396 3461 4464 Honorius
3484 4398 3609 4465 III

715 4492 744 4548 ί
963 4503 1240 4568 concedit
1297 4503 1539 4567 ordinis
1593 4500 1654 4567 T
1649 4502 1962 4566 heutonici
1998 4502 2317 4587 fratribus
2330 4551 2351 4584 ‚
2408 4516 2481 4568 ut
2534 4505 2622 4569 ad
2675 4508 2905 4569 ianuas
2954 4527 3102 4571 suas
3148 4510 3459 4592 capo-sitos
3502 4506 3601 4573 vel

961 4621 1140 4681 natos
1181 4630 1411 4695 pueros
1455 4611 1526 4673 in
1565 4608 1740 4695 pelvi
1772 4609 1878 4685 ⁸vel
1919 4610 2049 4675 alio
2093 4632 2239 4675 vase
2280 4612 2523 4676 modico
2569 4611 2901 4699 baptizent.

959 4748 1274 4816 Honorius
1331 4749 1662 4837 episcopus
1717 4770 1934 4817 servus
1990 4766 2315 4845 servorum
2368 4752 2469 4818 dei
2514 4751 2759 4819 dilectis
2812 4750 2960 4819 filiis
3014 4752 3321 4837 magistro
3366 4758 3433 4820 et
3466 4754 3593 4821 fia-

739 4856 940 4923 tribus
985 4856 1314 4943 hospitalis
1359 4862 1572 4923 sancte
1600 4855 1800 4924 Marie
1831 4858 2356 4925 Theutonicorum
2402 4859 2884 4926 Ierosolimitani
2931 4858 3197 4928 salutem
3244 4866 3310 4927 et
3346 4866 3593 4948 aposto-

737 4962 922 5029 licam
955 4963 1466 5031 benedictionem.
1689 4962 1830 5032 Etsi
1872 4965 2311 5033 universorum
2356 4967 2555 5033 iustas
2601 4987 2819 5054 preces
2866 4968 3198 5035 admittere
3237 4970 3591 5053 debeamus,

739 5090 844 5138 eos
887 5075 1100 5139 tamen
1129 5070 1416 5139 volumus
1447 5077 1512 5139 et
1539 5070 1838 5141 debemus
1867 5073 2115 5141 facilius
2160 5074 2479 5160 exaudire,
2524 5074 2632 5160 qui
2672 5074 2788 5143 sub
2828 5072 3151 5161 religionis
3195 5075 3589 5145 observantia
