3892 5609
793 317 947 388 450
1765 330 2188 380 Ponrmxctm
2232 329 2671 379 semitonum

791 507 866 554 ac
909 487 1049 554 aliis
1091 487 1244 555 locis
1291 493 1353 555 et
1397 491 1680 576 personis
1725 491 2149 578 predictarum
2196 495 2261 556 et
2306 489 2569 556 aliarum
2618 490 2943 558 civitatum
2974 495 3041 556 et
3068 489 3413 558 diocesium
3442 491 3647 573 unita,

789 615 1034 662 annexa
1085 601 1149 662 et
1198 597 1596 682 incorporata
1649 617 1761 665 sou
1817 598 1973 664 alias
2036 597 2447 684 appropriata
2488 597 2697 663 forent
2739 596 2992 682 petendi
3038 596 3330 680 exigendi
3378 601 3446 662 et
3488 598 3647 662 reci-

788 702 1030 787 piendi,
1087 702 1574 771 contradictores
1633 725 1879 790 quoque
1936 726 2051 791 per
2094 723 2423 770 censuram
2470 703 2953 770 eeclesiasticam
2996 703 3433 790 appellacione
3471 711 3649 790 post-

789 809 995 894 posita
1048 811 1482 896 compescendi
1543 813 1914 878 auctoritate
1959 811 2243 898 predicta
2286 811 2536 896 plenam
2584 815 2649 877 et
2692 809 2953 877 liberam
2996 830 3111 897 per
3156 811 3445 876 diversas
3488 811 3649 875 alias

785 921 1034 982 nostras
1077 916 1320 984 litteras
1334 967 1352 1001 ,
1421 938 1686 1002 quarum
1729 926 1979 986 tonores
2032 917 2427 1004 presentibus
2482 917 2701 985 haberi
2756 917 3039 984 volumus
3095 939 3210 1004 pro
3258 917 3649 984 sufficienter
3750 969 3761 976 .

787 1024 1124 1109 expressis,
1170 1025 1590 1091 concessimus
1633 1026 2017 1110 facultatem,
2064 1025 2544 1092 consuetudines
2588 1025 2903 1112 predictas
2949 1043 3063 1110 per
3106 1024 3359 1091 easdem
3396 1023 3645 1090 litteras

783 1129 1223 1196 nichilominus
1267 1129 1722 1216 confirmando,
1769 1132 2126 1198 huiusmodi
2178 1131 2647 1198 consuetudinis
2694 1151 2768 1196 ac
2810 1129 3159 1198 litterarum
3210 1137 3277 1198 et
3318 1130 3645 1198 facultatis

783 1241 1075 1323 pretextu
1131 1236 1450 1304 collectam
1503 1258 1614 1305 seu
1669 1239 2064 1306 caritativum
2123 1237 2469 1305 subsidium
2528 1258 2567 1303 a
2620 1236 2923 1304 fratribus
2980 1237 3131 1304 dicti
3187 1237 3529 1323 hospitalis
3578 1238 3641 1302 in

783 1345 1038 1410 civitate
1082 1348 1146 1410 et
1181 1344 1414 1411 diocesi
1439 1345 1938 1428 Augustensibus
1969 1345 2265 1433 predictis
2294 1345 2739 1432 preceptorias‚
2786 1344 3369 1428 commendatorias,
3418 1346 3645 1411 domos

785 1471 895 1516 seu
951 1450 1272 1518 beneficia·
1303 1452 1725 1519 obtinentibus
1783 1473 1856 1520 ac
1911 1455 2106 1520 eciam
2166 1458 2457 1519 annatam
2518 1471 2627 1518 seu
2688 1451 2925 1519 medios
2980 1451 3221 1518 fructus
3274 1451 3641 1518 huiusmodi

785 1578 899 1644 pro
953 1559 1454 1626 institucionibus
1509 1565 1820 1626 rectorum
1867 1560 1949 1628 ad
1992 1559 2415 1646 parrochiales
2460 1559 2753 1626 ecelesias
2798 1563 2864 1626 et
2906 1557 3033 1624 alia
3073 1557 3379 1625 beneficia
3422 1558 3643 1624 huius-

783 1665 952 1731 modi
1009 1667 1076 1731 in
1131 1666 1315 1732 dictis
1369 1665 1623 1732 civitate
1682 1672 1746 1734 et
1801 1667 2033 1734 diocesi
2093 1667 2537 1750 consistencia,
2594 1667 2662 1731 in
2718 1665 2942 1751 quibus
2986 1665 3176 1732 iidem
3222 1666 3535 1749 magister
3578 1672 3642 1732 et

781 1773 1007 1839 fratres
1061 1774 1159 1839 ius
1214 1773 1498 1840 obtinent
1554 1779 1953 1860 patronatus,
2010 1775 2234 1840 nititur
2288 1779 2677 1857 extorquere.
2757 1771 2887 1838 Nos
2932 1772 3126 1854 igitur
3170 1791 3401 1857 equum
3452 1791 3641 1859 repu-

781 1885 987 1946 tantes
1034 1886 1098 1946 et
1140 1900 1502 1964 congruum,
1548 1885 1621 1946 ut
1663 1882 1965 1964 magister
2008 1885 2074 1946 et
2109 1881 2337 1947 fratres
2370 1879 2633 1966 predicti
2665 1879 2743 1946 ab
2774 1879 3283 1966 oppressionibus
3314 1885 3381 1946 et
3408 1899 3641 1963 grava-

779 1986 1053 2053 minibus
1105 1991 1400 2054 tueantur
1457 1991 1520 2054 et
1574 1987 1641 2052 in
1695 1988 1824 2053 suis
1869 1986 2263 2054 libertatibus
2308 1992 2753 2053 conserventur
2798 2006 2873 2053 ac
2914 1985 3259 2072 privilegiis
3306 1987 3399 2052 eis
3449 1987 3640 2069 digne

777 2095 1090 2161 concessis
1142 2094 1341 2161 libere
1381 2095 1728 2180 pociantur,
1783 2100 1960 2162 motu
2004 2095 2261 2182 proprio
2305 2113 2432 2160 non
2478 2093 2559 2160 ad
2600 2094 2884 2180 ipsorum
2928 2093 3031 2160 vel
3074 2093 3334 2160 alterius
3380 2113 3505 2180 pro
3546 2094 3637 2159 eis

777 2201 957 2268 nobis
1004 2221 1193 2288 super
1237 2201 1354 2268 hoc
1399 2201 1605 2268 oblate
1649 2202 1982 2288 peticionis
2024 2201 2429 2284 instanciam,
2487 2199 2599 2266 sed
2642 2199 2721 2267 de
2764 2204 2983 2266 nostra
3026 2219 3201 2266 mera
3242 2197 3636 2267 liberalitate

780 2310 991 2374 omnia
1047 2314 1111 2375 et
1167 2308 1414 2392 singula
1455 2308 1816 2394 privilegia,
1877 2309 2335 2395 exemptiones,
2392 2306 2743 2390 libertates,
2800 2306 3045 2374 litteras
3090 2312 3157 2372 et
3198 2306 3635 2374 immunitates

777 2435 893 2502 per
937 2435 1050 2481 nos
1096 2420 1160 2482 et
1201 2415 1672 2501 predecessores
1717 2419 1964 2481 nostros
1993 2414 2305 2481 Romanos
2334 2412 2660 2500 pontifices
2690 2413 2875 2480 dictis
2904 2414 3205 2496 magistro
3236 2418 3301 2479 et
3328 2413 3637 2480 fratribus

778 2528 998 2589 contra
1040 2522 1397 2589 huiusmodi
1441 2521 1703 2589 subsidii
1747 2527 1812 2588 et
1865 2527 2095 2588 anuate
2150 2541 2261 2589 seu
2316 2521 2670 2588 medietatis
2724 2521 3041 2586 fructuum
3092 2518 3481 2587 solucionem
3538 2520 3635 2586 vel

779 2617 1169 2696 exactionem
1215 2647 1510 2694 concessa
1553 2633 1620 2695 et
1662 2647 2027 2715 quecunque
2070 2629 2216 2695 inde
2260 2633 2476 2696 secuta
2516 2633 2658 2694 rata
2699 2627 2999 2694 habentes
3044 2632 3110 2694 et
3150 2633 3355 2712 grata,
3402 2649 3483 2694 ea
3528 2628 3635 2694 de-

778 2737 1090 2802 cernimus
1133 2735 1503 2801 auctoritate
1565 2734 1908 2821 apostolica
1963 2736 2245 2821 predicta
2296 2737 2365 2801 in
2420 2736 2519 2802 sui
2571 2734 2815 2802 roboris
2865 2733 3165 2800 firmitate
3216 2734 3519 2801 debuisse
3572 2741 3635 2800 et

778 2842 1005 2909 debere
1047 2841 1548 2926 irrefragibiliter
1591 2843 1965 2928 perdurasse
1994 2849 2059 2909 et
2086 2843 2457 2929 perdurare3
2501 2844 2763 2930 ipsaque
2792 2840 3013 2908 eadem
3050 2842 3425 2908 auctoritate
3450 2849 3633 2908 motu

778 2949 970 3016 simili
1015 2969 1094 3015 ex
1139 2954 1310 3015 certa
1353 2949 1624 3016 sciencia
1667 2948 2106 3017 confirmamus
2154 2955 2217 3017 et
2258 2950 2571 3035 presentis
2614 2949 2836 3036 scripti
2892 2947 3241 3035 patrocinio
3280 2951 3631 3014 communi·

775 3077 917 3123 mus
962 3061 1029 3123 et
1067 3055 1508 3122 nichilominus
1555 3056 1922 3123 auctoritate
1966 3057 2211 3142 prefata
2252 3056 2563 3123 similibus
2606 3061 2780 3122 motu
2826 3061 2891 3121 et
2923 3055 3195 3120 sciencia
3232 3053 3631 3122 declaramus

775 3163 1090 3250 predictas
1135 3167 1201 3230 ot
1243 3171 1664 3248 quascumque
1709 3161 1864 3228 alias
1907 3162 2152 3230 litteras
2196 3163 2429 3230 eisdem
2476 3163 2805 3230 Burkardo
2850 3163 3143 3248 episcopo
3190 3167 3257 3228 et
3308 3181 3631 3228 successo-

775 3273 949 3351 ribus
996 3272 1126 3337 suis
1171 3290 1282 3337 seu
1327 3270 1814 3354 quibuscumque
1856 3268 2135 3336 locorum
2181 3269 2515 3337 ordinariis
2562 3270 2658 3337 vel
2703 3269 2844 3337 aliis
2874 3288 3063 3354 super
3090 3267 3453 3334 huiusmodi
3478 3269 3627 3335 sub-

778 3379 924 3445 sidii
967 3383 1032 3445 et
1075 3382 1301 3444 annate
1348 3396 1459 3443 seu
1501 3375 1852 3442 medietatis
1899 3376 2216 3444 solucione
2260 3377 2361 3444 vel
2406 3379 2729 3445 exactione
2771 3376 3071 3442 hactenus
3128 3395 3459 3442 concessas
3516 3397 3628 3442 seu

777 3485 1187 3570 imposterum
1235 3483 1660 3550 concedendas
1707 3482 1788 3549 ad
1831 3483 2030 3551 dictos
2076 3485 2449 3568 magistrum
2494 3491 2559 3552 et
2600 3485 2827 3550 fratres
2872 3481 2971 3550 vel
3006 3503 3219 3550 eorum
3250 3483 3531 3568 aliquem
3560 3503 3629 3550 se

777 3592 1036 3658 minime
1081 3591 1436 3658 extendisse
1481 3596 1590 3656 aut
1638 3589 1975 3658 extendere
2018 3591 2085 3657 in
2128 3591 2403 3658 futurum
2464 3596 2799 3675 nostreque
2842 3589 3215 3657 intencionis
3258 3609 3385 3655 non
3428 3589 3627 3656 fuisse

775 3719 890 3764 nec
936 3718 1094 3782 esse,
1139 3697 1305 3783 quod
1347 3698 1472 3784 ipsi
1517 3697 1814 3780 magister
1857 3702 1924 3764 et
1965 3697 2192 3764 fratres
2238 3703 2349 3764 aut
2374 3717 2590 3766 eorum
2622 3697 2847 3782 aliquis
2876 3695 3233 3764 huiusmodi
3267 3695 3623 3762 litterarum

775 3803 1138 3872 Burckardo
1185 3805 1478 3891 episcopo
1523 3808 1586 3870 et
1627 3804 2089 3871 successoribus
2132 3805 2263 3870 suis
2309 3805 2569 3892 prefatis
2624 3823 2737 3870 seu
2788 3803 3279 3890 quibuscumque
3332 3803 3477 3869 aliis
3532 3803 3627 3870 lo-

777 3931 992 3977 corum
1039 3910 1372 3978 ordinariis
1417 3930 1608 3997 super
1651 3909 2008 3978 huiusmodi
2053 3911 2315 3978 subsidii
2360 3916 2423 3978 et
2468 3917 2695 3978 annate
2740 3930 2852 3977 seu
2892 3910 3248 3978 medietatis
3306 3909 3625 3978 solucione

775 4018 874 4083 vel
919 4019 1244 4085 exactione
1289 4018 1405 4085 sub
1452 4035 1839 4103 quacumque
1882 4018 2089 4084 forma
2117 4018 2217 4086 vel
2260 4019 2663 4105 expressione
2692 4017 3025 4084 verborum
3054 4036 3492 4084 concessorum
3520 4017 3623 4084 vel

771 4125 1183 4211 imposterum
1229 4123 1764 4192 concedendarum
1809 4130 2102 4211 pretextu
2146 4117 2383 4211 aliquid
2417 4125 2658 4193 solvere
2698 4129 3059 4193 tenerentur
3088 4144 3199 4190 seu
3239 4124 3321 4190 ad
3360 4125 3428 4190 id
3468 4146 3623 4210 quo-

775 4251 961 4317 quam
1007 4232 1278 4299 coartari
1323 4237 1582 4318 possent
1627 4231 1840 4314 inviti,
1901 4231 2291 4300 decernimus
2308 4282 2328 4317 ,
2386 4233 2591 4318 quoad
2636 4235 2807 4320 ipsos
2860 4232 3235 4315 magistrum
3284 4235 3350 4298 et
3388 4232 3621 4299 fiatres

773 4358 1194 4424 quoscumque
1238 4359 1568 4426 processus
1611 4345 1676 4406 et
1719 4339 2069 4406 sentencias
2114 4339 2422 4408 dictarum
2467 4340 2817 4407 litterarum
2862 4341 3154 4426 pretextu
3204 4343 3425 4404 contra
3478 4359 3621 4426 pre—

771 4447 1052 4512 sencium
1096 4453 1378 4512 tenorem
1399 4446 1668 4513 'habitos
1715 4452 1778 4514 et
1820 4439 2168 4531 habendos,
2225 4446 2389 4514 latas
2442 4452 2508 4514 ot
2547 4448 2837 4514 ferendas
2882 4450 2946 4512 et
2986 4445 3291 4531 quidquid
3336 4445 3509 4512 aliud
3551 4447 3617 4512 in

769 4553 1154 4618 contrarium
1199 4573 1238 4620 a
1283 4573 1593 4638 quoquam
1638 4554 1856 4639 quavis
1903 4555 2275 4621 auctoritate
2319 4554 2589 4622 scienter
2631 4553 2732 4621 vel
2774 4555 3137 4638 ignoranter
3174 4557 3615 4640 attemptatum

769 4659 984 4726 forsan
1041 4664 1138 4726 est
1189 4659 1488 4727 hactenus
1546 4659 1644 4728 vel
1696 4661 2110 4747 imposterum
2166 4662 2499 4745 contigerit
2554 4661 2944 4748 attemptari,
3000 4656 3219 4726 irritos
3270 4659 3501 4727 irratas
3552 4666 3617 4726 et

770 4767 990 4834 inanes
1036 4787 1108 4834 ac
1151 4768 1402 4834 irritum
1447 4773 1510 4834 et
1551 4767 1758 4853 inane,
1805 4767 2033 4835 litteris
2062 4768 2360 4856 predictis
2392 4789 2581 4857 super
2613 4767 2970 4835 huiusmodi
3000 4765 3265 4833 subsidii
3294 4773 3361 4834 et
3388 4773 3615 4834 annatc

769 4893 881 4940 seu
924 4875 1279 4942 medietatis
1325 4874 1642 4942 solucione
1685 4873 1786 4942 vel
1832 4876 2159 4944 exactione
2202 4875 2505 4944 hactenus
2548 4875 2860 4944 concessis
2904 4879 2969 4942 et
3010 4874 3425 4961 imposterum
3468 4893 3614 4942 con·

768 4981 1062 5049 cedendis
1105 5001 1348 5050 necnon
1392 4983 1939 5052 constitutionibus
1984 4981 2345 5072 apostolicis
2390 4989 2455 5052 et
2498 4981 2639 5051 aliis
2682 4981 3014 5052 contrariis
3056 5001 3187 5049 non
3226 4981 3615 5050 obstantibus
