3892 5609
725 326 878 395 444
1696 337 2117 386 Ponrmmnu
2162 336 2603 385 ROMANORUM

730 497 770 567 6
783 497 903 568 98.
945 497 1121 566 1399
1163 502 1382 564 martii
1417 499 1508 564 22
1554 498 1767 564 Rome.
1853 498 2229 583 Bonifacius
2273 497 2380 563 IX
2423 499 2909 562 excommunicat
2920 543 2939 574 ,
2998 498 3355 581 quicunque
3398 497 3587 561 bene-

928 607 1086 688 ficia
1145 607 1556 671 ecclesiastica
1613 607 1828 670 ordini
1890 604 2268 670 Thentonico
2324 609 2729 692 incorporata
2784 628 2825 668 a
2880 603 3023 666 sede
3078 605 3435 688 apostolica
3488 603 3591 666 vel

946 713 1200 777 aliunde
1253 715 1754 800 impetraverint,
1811 735 2191 798 possessores
2246 735 2315 776 re
2372 714 2677 798 impedire
2736 724 2850 775 aut
2900 711 3227 774 molestare
3290 732 3587 796 presum-

942 823 1200 907 pse‘m‘nt.

947 951 1304 1018 Bonifacius
1362 953 1692 1039 episcopus
1747 971 1965 1018 servus
2010 972 2333 1018 servorum
2379 951 2477 1018 dei
2512 950 2591 1016 ad
2635 954 3001 1036 perpetuam
3048 948 3143 1015 rei
3184 949 3583 1014 memoriam.

945 1059 1172 1142 Magne
1217 1058 1565 1124 devotionis
1613 1057 1889 1140 affectus,
1938 1079 2119 1143 quem
2171 1057 2377 1124 dilecti
2425 1055 2538 1124 filii
2568 1057 2865 1139 magister
2896 1061 2959 1122 et
2987 1057 3216 1122 fratres
3244 1055 3585 1142 hospitalis

726 1188 775 1233 s.
809 1166 1008 1232 Maris
1055 1166 1576 1233 Theutonicorum
1639 1165 2119 1232 Ierosolimitani
2176 1165 2255 1231 ad
2310 1186 2424 1230 nos
2482 1170 2546 1231 et
2586 1162 2935 1230 Romanam
2990 1163 3317 1229 ecclesiam
3362 1185 3585 1247 gerere

725 1273 1239 1360 comprobantur,
1311 1274 1536 1338 merito
1592 1293 1706 1338 nos
1765 1273 2035 1356 inducit,
2092 1277 2164 1338 ut
2217 1273 2389 1358 ipsos
2446 1271 2819 1358 specialibus
2876 1270 3195 1337 favoribus
3242 1277 3307 1336 et
3350 1271 3584 1354 graciis

726 1400 1194 1466 prosequamur.
1277 1379 1566 1446 Volentes
1610 1381 1802 1464 igitur
1832 1379 2082 1446 eosdem
2112 1379 2481 1463 magistrum
2514 1384 2579 1445 et
2606 1378 2832 1444 fratres
2863 1377 3315 1463 premissorum
3346 1379 3583 1444 intuitu

726 1487 1044 1554 favoribus
1091 1487 1383 1573 prosequi
1431 1489 1748 1571 graciosiS,
1795 1493 1969 1553 motu
2014 1486 2291 1573 proprio,
2326 1506 2448 1550 non
2478 1486 2561 1551 ad
2591 1485 2871 1572 ipsorum
2902 1484 3189 1567 magistri
3220 1491 3287 1550 et
3312 1485 3582 1551 fratrum

729 1599 839 1660 aut
885 1593 1145 1660 alicuius
1194 1594 1445 1660 alt—erius
1491 1615 1605 1681 pro
1653 1595 1742 1660 eis
1787 1595 1968 1661 nobis
2015 1613 2203 1680 super
2248 1593 2365 1658 hoc
2411 1592 2613 1658 oblate
2662 1591 2981 1678 petitionis
3024 1591 3417 1674 instantiam,
3474 1593 3583 1658 sed

728 1702 805 1767 de
859 1706 1076 1767 nostra
1131 1723 1306 1767 mera
1349 1701 1723 1768 liberalitate
1770 1701 2116 1788 apostolica
2162 1700 2531 1766 auctoritate
2574 1697 3093 1794 irrestagabiliter
3136 1699 3479 1765 statuimus
3524 1706 3585 1764 et

733 1807 931 1873 eciam
990 1807 1433 1891 ordinavimus,
1481 1809 1644 1892 quod
1692 1809 1768 1874 de
1815 1813 2019 1874 cetero
2066 1807 2243 1890 nulli,
2290 1809 2710 1890 cuiuscunque
2756 1813 2955 1873 status
3000 1805 3231 1890 gradus
3276 1813 3391 1872 aut
3434 1826 3583 1872 con-

727 1913 982 1980 ditionis
1025 1915 1247 1998 fuerit,
1303 1915 1491 1981 liceat
1536 1915 1650 1981 sub
1697 1915 2366 1980 excommunicacionis
2411 1933 2603 2001 pena,
2664 1935 2849 1998 quam
2893 1920 3040 2001 post
3083 1914 3581 1980 insinuacionem

725 2023 1109 2108 presentium
1168 2023 1223 2088 ei
1279 2023 1543 2106 factam,
1602 2022 1656 2086 si
1712 2043 1837 2087 non
1893 2021 2185 2104 desistat,
2240 2023 2522 2087 incurrat
2578 2021 2715 2106 ipso
2771 2021 2967 2106 fact0,
3029 2020 3323 2087 ecclesias
3382 2021 3582 2086 eciam

725 2128 1167 2214 parrochialeS,
1216 2128 1506 2215 capellaS,
1553 2129 1781 2194 altaria
1827 2134 1935 2194 aut
1980 2129 2105 2194 alia
2148 2126 2449 2194 beneficia
2494 2127 2913 2194 ecclesiastica
2960 2149 3096 2194 cum
3132 2147 3285 2193 cura
3313 2126 3417 2194 vel
3446 2127 3583 2194 sine

725 2255 876 2302 cura
921 2236 1155 2302 eisdem
1203 2237 1501 2320 magistro
1550 2241 1614 2302 et
1655 2236 1954 2300 statribus
2002 2241 2111 2300 aut
2154 2235 2449 2321 hospitali
2496 2255 2604 2300 seu
2653 2234 2837 2300 alicui
2870 2233 2967 2300 vel
3015 2234 3329 2320 aliquibus
3362 2256 3443 2300 ex
3473 2235 3583 2300 do-

724 2343 930 2410 mibus
991 2343 1265 2410 eiusdem
1328 2343 1656 2430 hospitalis
1715 2342 2067 2427 ubicunque
2124 2343 2488 2408 consistenti
2545 2341 2643 2407 vel
2699 2341 3179 2408 consistentibus
3234 2341 3583 2427 apostolica

723 2449 822 2516 vel
893 2450 1016 2517 alia
1086 2453 1304 2536 quavis
1364 2452 1732 2516 auctoritate
1799 2450 2200 2535 incorporata
2256 2470 2295 2515 a
2348 2449 2495 2514 sede
2554 2449 2897 2534 apostolica
2953 2448 3052 2515 vel
3108 2449 3269 2515 alias
3327 2449 3581 2515 aliunde

724 2557 1062 2642 impetrare
1106 2557 1208 2624 vel
1263 2579 1337 2624 ea
1393 2558 1612 2643 quovis
1669 2557 1909 2642 quesito
1970 2555 2177 2622 colore
2234 2560 2447 2643 petere
2502 2576 2612 2622 seu
2658 2577 2846 2642 super
2891 2557 3047 2643 ipsis
3092 2557 3470 2640 magistrum
3520 2562 3582 2622 et

725 2665 953 2730 fratres
1000 2665 1310 2752 predictos
1341 2665 1442 2731 vel
1488 2684 1886 2750 quoscunque
1931 2664 2465 2730 commendatores
2496 2663 2594 2729 vel
2640 2669 3037 2749 preceptores
3068 2663 3397 2729 domorum
3428 2663 3581 2728 dicti

725 2771 1052 2856 hospitalis
1097 2772 1404 2858 impedire
1451 2793 1563 2837 seu
1608 2770 2071 2856 quomodolibet
2114 2769 2477 2852 molestare3
2527 2770 2927 2837 decernentes
2974 2771 3173 2836 eciam
3216 2770 3470 2836 irritum
3516 2775 3581 2836 et

723 2880 930 2962 inane,
980 2880 1280 2965 quidquid
1325 2881 1387 2944 in
1438 2881 1818 2944 contrarium
1865 2899 1903 2943 a
1950 2897 2260 2962 quoquam
2310 2877 2527 2962 quavis
2575 2879 2943 2944 auctoritate
2972 2877 3243 2943 scienter
3272 2877 3373 2943 vel
3403 2878 3579 2960 igno-

722 2991 938 3052 ranter
982 2988 1312 3070 eontigerit
1356 2987 1736 3072 attemptari.
1807 2985 1978 3050 Nulli
2030 3005 2176 3068 ergo
2222 2989 2337 3051 etc.
2411 2983 2477 3050 Si
2510 2985 2650 3068 quis
2692 2989 2897 3050 autem
2932 2990 3045 3050 etc.
3115 2984 3351 3051 Datum
3382 2983 3577 3052 Rome

726 3092 892 3179 apud
939 3115 990 3159 s.
1023 3092 1276 3160 Petrum
1325 3095 1392 3159 xi
1439 3095 1562 3159 kal.
1611 3093 1828 3179 aprilis
1879 3090 2273 3178 pontificatus
2317 3092 2516 3157 nostri
2563 3111 2725 3157 anno
2772 3091 3029 3158 decimo.

933 3226 1306 3277 Transsumtum
1346 3227 1394 3276 d.
1421 3226 1469 3276 d.
1501 3226 1634 3276 1402
1672 3225 1838 3275 decbr.
1865 3225 1922 3274 11
1956 3243 1986 3274 a
2011 3223 2203 3274 duobus
2230 3223 2433 3274 notariis
2460 3224 2911 3289 Argentinensibus
2935 3225 3121 3276 factum
3148 3233 3202 3275 et
3224 3224 3576 3289 subscriptum,

723 3315 855 3380 quod
891 3323 1176 3366 asservatur
1211 3315 1260 3365 in
1297 3315 1496 3366 archivo
1533 3315 1899 3380 Regimontano
1915 3350 1928 3374 ‚
1976 3313 2063 3363 ubi
2098 3313 2249 3363 etiam
2285 3313 2629 3379 apographum
2664 3313 2771 3364 fere
2807 3329 3043 3364 coaevum
3078 3312 3272 3374 bullae,
3316 3313 3367 3364 in
3404 3313 3577 3364 ehu-tn

723 3419 1010 3469 papyracea
1044 3404 1280 3470 scriptum
1315 3421 1376 3454 ex
1412 3403 1659 3468 originali,
1695 3413 1752 3453 ut
1785 3402 1998 3452 ridetur.

729 3677 902 3748 699.
946 3681 1122 3747 1400
1167 3683 1395 3768 aprilis
1439 3683 1527 3749 13
1575 3683 1814 3747 Romae
1865 3706 1970 3768 ap.
2014 3705 2064 3746 s.
2111 3683 2387 3746 Petrum.
2474 3681 2849 3765 Bonifacius
2891 3680 2997 3745 IX
3042 3681 3365 3763 confirmat
3408 3703 3573 3744 com-

941 3789 1136 3874 plura
1194 3791 1436 3853 ordinis
1491 3789 1858 3856 Tlceutonioi
1901 3789 2247 3874 priuileqia
2298 3791 2375 3852 de
2418 3791 2805 3853 dedicatione
2850 3791 3302 3867 oratoriorum,
3360 3787 3571 3852 indul-

941 3899 1191 3980 yentiis,
1231 3899 1753 3983 processionibus,
1803 3899 2076 3960 caete-ris.

946 4026 1304 4093 Bonifacius
1335 4029 1664 4114 episcopus
1689 4047 1904 4094 servus
1937 4048 2259 4094 servorum
2284 4028 2383 4093 dei
2416 4026 2658 4092 dilectis
2689 4025 2833 4092 filiis
2858 4028 3159 4109 magistro
3184 4034 3251 4093 et
3276 4025 3569 4092 fratribus

722 4133 1052 4220 hospitalis
1095 4141 1308 4200 sancte
1337 4134 1536 4200 Marie
1565 4134 2086 4200 Theutonicorum
2133 4134 2610 4200 lerosolimitani
2650 4153 2725 4200 ac
2760 4134 3069 4200 universis
3110 4133 3569 4199 commendato-

721 4241 914 4324 ribus,
961 4241 1430 4327 preceptoribus
1463 4249 1528 4308 et
1554 4242 1854 4307 fratribus
1884 4239 2240 4308 domorum¹
2272 4241 2551 4307 eiusdem
2584 4240 2909 4327 hospitalis
2942 4241 3205 4306 ubilibet
3232 4241 3569 4306 consisten-

721 4349 878 4413 tium
909 4348 1176 4414 salutem
1209 4354 1272 4414 et
1301 4349 1706 4434 apostolicam
1739 4347 2253 4414 benedictionem.
2410 4347 2545 4430 His,
2594 4367 2713 4432 que
2741 4347 3049 4429 fidelibus,
3094 4347 3426 4432 presertim
3456 4345 3569 4412 sub

723 4454 1040 4538 religionis
1071 4454 1288 4520 habitu
1319 4455 1568 4520 domino
1599 4454 2013 4520 militantibus
2046 4475 2125 4521 ex
2155 4455 2439 4538 graciosa
2468 4454 2807 4540 apostolice
2828 4454 2994 4520 sedis
3020 4454 3405 4536 benignitate
3426 4475 3568 4539 pro-

721 4562 862 4628 vide
885 4563 1051 4628 facta
1074 4571 1238 4644 sunt,
1263 4569 1332 4626 ut
1355 4562 1596 4628 illibata
1617 4562 1982 4644 consistant,
2008 4561 2271 4628 libenter
2294 4561 2620 4626 adiicimus
2642 4561 2882 4626 roboris
2904 4561 3286 4627 firmitatem.
3320 4561 3567 4626 Dudum

721 4670 1050 4754 siquidem,
1099 4676 1168 4734 ut
1197 4669 1372 4735 vobis
1419 4675 1482 4734 et
1525 4669 1782 4734 cuilibet
1813 4675 2084 4734 vestrum
2134 4669 2199 4733 in
2233 4669 2681 4753 presbiteratus
2728 4669 2945 4734 ordine
2992 4669 3328 4734 constituto
3360 4667 3573 4734 liceret

722 4777 971 4859 totienS,
1019 4777 1304 4860 quotiens
1352 4776 1693 4864 expediret,
1741 4775 2013 4861 capellas
2062 4796 2171 4841 seu
2204 4775 2429 4840 altaria
2458 4776 2523 4840 in
2554 4775 2833 4841 ecclesiis
2864 4775 2945 4842 ad
2976 4795 3087 4841 vos
3118 4776 3571 4861 pertinentibus

724 4885 847 4949 sita
892 4890 956 4950 et
1001 4883 1126 4949 alia
1169 4883 1276 4968 pia
1320 4882 1456 4948 loca
1503 4883 1579 4948 de
1623 4882 1775 4948 locis
1821 4881 1952 4947 suis
1997 4902 2317 4948 removere
2364 4887 2426 4948 et
2465 4883 2771 4948 removeri
2808 4883 3015 4948 facere
3060 4889 3123 4950 et
3164 4881 3243 4948 ad
3287 4882 3410 4948 alia
3440 4881 3573 4948 loca

726 4991 806 5056 ad
861 4989 978 5056 hoc
1033 5009 1306 5075 congrua
1361 4995 1425 5056 et
1469 4997 1620 5078 apta
1663 5009 1965 5076 reponere
2012 4995 2075 5056 et
2116 4990 2336 5077 reponi
2382 4990 2621 5072 facere,
2680 5010 2753 5055 ac
2798 4990 2986 5056 etiam
3032 4990 3103 5056 in
3147 4990 3303 5076 ipsis
3348 4991 3573 5056 vestris
