3892 5609
1348 401 1736 450 vamacm
1782 401 2173 448 cunensem
3030 388 3184 460 433

335 579 611 627 annuere
672 565 786 627 etc;
891 561 1123 627 Datum
1171 561 1484 628 Avinione
1543 562 1590 627 ii
1645 581 1842 628 nonas
1897 559 2257 626 novembris
2314 558 2714 645 pontificatus
2772 559 2972 626 nostri
3026 580 3189 626 anno

333 667 627 735 secundo.

547 791 668 841 Cum
705 790 848 840 dato:
885 789 1133 840 Aviuione
1168 790 1201 841 2
1237 807 1356 841 non.
1380 791 1554 841 novbr.
1591 809 1636 841 a.
1659 790 1692 840 2
1734 789 2169 854 „Confluentibus“
2212 788 2275 840 A.
2300 788 2365 840 16
2400 806 2448 854 p.
2470 789 2539 840 89
2575 789 2653 840 bis
2692 789 2943 855 scriptum.
2968 819 3026 828 -
3070 790 3191 840 Oum

333 877 478 930 dato:
515 878 764 930 Avinione
797 879 862 930 10
885 877 988 930 kal.
1014 877 1186 944 aprilis
1223 896 1272 944 p.
1299 897 1348 930 n.
1375 897 1421 928 a.
1449 879 1482 928 2
1520 879 1762 945 originale
1798 897 1908 930 cum
1944 877 2082 930 bulla
2118 879 2170 929 in
2208 878 2407 931 archivo
2430 877 2817 944 Regimontano‚
2855 879 2951 930 huc
2986 879 3191 930 tandem

334 967 572 1019 cracovia.
608 967 844 1018 delatum.
895 967 954 1017 In
990 967 1276 1018 Inventario
1313 967 1503 1019 archivi
1525 969 1863 1022 cracoviensis
1900 985 2003 1020 non
2038 968 2234 1018 citatur.
2264 997 2324 1005 —-
2366 967 2487 1018 Cum
2524 967 2668 1019 dato:
2703 967 2952 1019 Avinione
2992 967 3057 1019 12
3088 966 3190 1018 kal.

331 1054 456 1106 iunii
489 1073 542 1122 p.
566 1073 616 1106 n.
643 1074 689 1106 a.
715 1055 750 1106 6
789 1055 1076 1122 „Venetiis“
1119 1057 1183 1108 A.
1209 1056 1272 1107 16
1307 1074 1359 1123 p.
1385 1056 1464 1107 14.

338 1285 514 1357 682.
555 1289 734 1356 1344
776 1293 997 1356 martii
1021 1291 1111 1356 23
1157 1290 1490 1356 Avinione.
1562 1289 1834 1354 Clemens
1871 1287 1972 1355 VI
2006 1291 2227 1375 repetit
2268 1311 2330 1352 n.
2366 1288 2492 1354 681
2542 1290 2617 1353 de
2667 1289 2841 1356 1343
2884 1292 3100 1356 novbr.
3124 1293 3187 1358 4.

555 1429 842 1496 Clemens
887 1436 1004 1498 etc.
1149 1430 1322 1498 Solet
1367 1451 1641 1499 annuere
1685 1435 1803 1498 etc.
1871 1429 2110 1497 Datum
2154 1429 2464 1496 Avinioue
2509 1450 2549 1495 x
2595 1429 2721 1496 kal.
2772 1430 2989 1518 aprilis
3034 1451 3193 1518 pon-

330 1534 602 1604 tificatus
646 1538 848 1604 nostri
893 1558 1054 1604 anno
1101 1539 1394 1606 secunde.

337 1756 514 1829 683.
555 1762 735 1828 1347
779 1765 938 1828 maii
975 1763 1058 1829 21
1108 1762 1440 1828 Avim'one.
1513 1761 1784 1828 Clemens
1821 1761 1920 1826 VI
1955 1763 2175 1848 repetit
2217 1785 2279 1825 n.
2312 1761 2440 1827 681
2490 1763 2566 1828 de
2609 1761 2787 1828 1343
2830 1763 3045 1828 novbr.
3079 1763 3142 1829 4.

553 1901 841 1968 Clemens
886 1909 1000 1970 etc.
1161 1901 1335 1970 Solet
1379 1925 1654 1971 annuere
1698 1909 1814 1972 etc.
1884 1903 2123 1969 Datum
2168 1903 2479 1970 Avinione
2524 1903 2615 1969 xii
2638 1872 2784 1970 'kaL
2830 1903 2987 1968 iunii
3033 1923 3193 1990 pon-

329 2005 602 2074 tificatus
647 2011 848 2076 nostri
893 2030 1057 2076 anno
1105 2017 1305 2078 sexto,

339 2229 514 2300 684.
555 2233 731 2300 1355
793 2235 1058 2300 octob-ris
1103 2237 1192 2302 14
1245 2237 1577 2300 Acinione.
1668 2234 2069 2300 Innocentius
2113 2233 2211 2300 VI
2256 2235 2472 2299 ordini
2511 2233 2865 2321 Hospitalis
2890 2233 3190 2313 ,Theuto-

555 2343 688 2406 nici
730 2343 972 2406 ordinis
1019 2343 1233 2408 laudes
1267 2345 1595 2430 proponit.

557 2517 639 2528 ·-—
668 2519 748 2528 -
775 2481 1109 2566 Pugnastis
1133 2485 1380 2569 quidem
1415 2485 1480 2550 in
1514 2483 1738 2550 umbra
1759 2483 2145 2564 deliciarum,
2171 2487 2235 2548 et
2264 2485 2433 2550 ecce!
2468 2483 2633 2566 quod
2662 2501 2928 2568 sequens
2951 2483 3193 2570 religi0,

331 2587 623 2655 videlicet
676 2589 856 2656 beate
909 2588 1106 2657 Maris
1151 2590 1707 2674 Theutonicorum,
1769 2611 1888 2675 que
1945 2609 2071 2654 non
2127 2589 2310 2673 longe
2364 2588 2560 2675 lapsis
2614 2591 3003 2675 temporibus
3060 2597 3196 2658 erat

333 2695 567 2779 absque
610 2699 1075 2783 comparatione
1119 2699 1184 2763 in
1231 2698 1518 2765 omnibus
1565 2699 1769 2764 minor
1812 2703 2051 2779 vestra,
2100 2716 2221 2781 que
2262 2695 2549 2763 laborare
2592 2717 2719 2763 non
2764 2697 3037 2782 destitit,
3081 2719 3194 2764 vos

331 2801 714 2870 dormientes
745 2805 994 2872 eximiis
1035 2805 1298 2888 meritis,
1345 2805 1694 2872 devotionis
1741 2804 2146 2886 abundantia,
2188 2803 2474 2871 felicibus
2505 2803 2893 2872 successibus
2940 2825 3015 2872 ac
3059 2805 3191 2888 glo-

331 2909 516 2976 riosis
563 2913 1076 2996 acquisitionibus
1121 2911 1460 2994 antecedit;
1517 2917 1614 2995 et,
1672 2917 1906 2996 quanto
1958 2912 2083 2978 ista
2123 2911 2220 2977 illi
2264 2911 2493 2978 cedunt
2538 2913 2618 2978 ad
2660 2912 2956 2996 gloriam,
3014 2917 3192 2980 tanto

330 3015 512 3082 vobis
557 3017 636 3083 ad
680 3019 1088 3102 ignominiam
1135 3027 1200 3087 et
1241 3020 1564 3107 pudorem.

544 3157 806 3210 Annotare
843 3157 968 3210 haec
1004 3159 1143 3211 lubet
1177 3161 1455 3212 Innocentii
1479 3161 1552 3210 vl
1587 3160 1768 3220 verba,
1816 3175 1944 3224 quae
1990 3157 2111 3209 facit
2144 3157 2195 3207 in
2232 3157 2369 3208 bulla
2409 3157 2639 3222 „Dudum
2680 3156 2951 3209 intellecti“
2994 3157 3193 3225 (1365)

333 3246 488 3297 octbr.
521 3247 586 3296 14
620 3247 868 3300 Arinione
904 3248 976 3314 (p.
999 3267 1050 3300 n.
1077 3267 1122 3300 a.
1148 3249 1210 3310 ὃς
1247 3249 1280 3300 2
1315 3249 1384 3300 id.
1411 3250 1588 3316 octbr.)
1626 3249 1692 3299 ad
1715 3245 1921 3299 Petrum
1958 3247 2022 3297 de
2049 3245 2331 3298 Cordiusno
2365 3247 2657 3312 magistrum
2692 3257 2745 3298 et
2770 3247 2995 3299 ordinem
3017 3247 3193 3326 hospi·-

334 3333 448 3385 talis
485 3353 525 3386 s.
549 3335 786 3388 Iohannis
821 3337 1264 3404 Hierosolymitani
1297 3353 1408 3389 cum
1443 3337 1620 3396 ordine
1643 3337 1953 3389 Theutonico
1990 3352 2077 3388 eos
2113 3351 2408 3402 comparans
2445 3336 2550 3402 (ap.
2575 3335 2695 3386 Seb.
2719 3335 2879 3400 Paoli,
2919 3335 3103 3388 Codice
3140 3335 3193 3387 di

333 3421 494 3476 Malta
528 3424 569 3486 1,
594 3424 660 3475 61
700 3443 749 3476 n.
776 3425 862 3478 73.

338 3627 512 3700 685.
553 3631 736 3698 1376
781 3634 950 3697 iunii
986 3634 1074 3700 16
1119 3633 1453 3700 Avinione.
1530 3631 1874 3718 Greyorius
1914 3630 2025 3696 XI
2063 3633 2152 3696 ad
2192 3634 2398 3697 instar
2443 3631 2805 3698 Alexandri
2834 3631 2946 3697 IV
2983 3653 3190 3697 omnes

556 3739 862 3805 libertates
875 3788 896 3820 ‚
944 3743 1361 3807 immunitates
1407 3753 1512 3806 etc.
1559 3741 1842 3806 domibus
1869 3739 2163 3823 fratrum
2208 3739 2541 3826 hospitalis
2585 3763 2635 3803 s.
2668 3739 2969 3805 Iohannis
3015 3739 3190 3806 Iero-

551 3846 899 3911 solimitani
940 3871 980 3912 a
1025 3849 1165 3912 sede
1210 3848 1557 3934 apostolica
1603 3869 1919 3912 concessas
1958 3848 2237 3912 concedit
2260 3847 2588 3932 fratribus
2618 3848 2947 3935 hospitalis
2979 3847 3193 3914 beatae

551 3953 804 4020 Mariae
858 3953 1377 4020 Theutonioo-rum
1423 3953 2004 4041 Hierosolymitani.

553 4091 892 4178 Gregorius
938 4103 1054 4162 etc.
1113 4095 1358 4162 dilectis
1407 4095 1553 4162 filiis
1599 4095 1900 4179 magistro
1946 4100 2011 4162 et
2052 4095 2351 4162 fratribus
2394 4096 2725 4182 hospitalis
2770 4095 2950 4164 beate
2994 4094 3193 4163 Mario

331 4199 854 4268 Tbeutonieorum
886 4201 1410 4270 iherosolimitani
1453 4202 1718 4269 salutem
1763 4207 1828 4268 et
1869 4203 2281 4288 apostolicam
2328 4203 2839 4271 benedictionem.
3021 4202 3189 4269 Dum

331 4307 496 4374 inter
539 4307 870 4392 religiones
917 4309 1102 4393 aliae,
1163 4331 1318 4393 quas
1365 4310 1610 4376 celestis
1655 4308 1928 4392 agricola
1973 4310 2036 4375 in
2086 4331 2235 4393 agro
2282 4309 2589 4396 plantavit
2634 4310 2891 4376 ecclesie
2934 4311 3192 4395 rigavit-

332 4435 452 4500 que
481 4435 631 4482 voce
662 4436 771 4482 sue
806 4416 1254 4483 benedictionis
1301 4424 1364 4483 et
1407 4417 1634 4500 gracie,
1682 4421 1753 4482 ut
1795 4416 2035 4482 fructus
2080 4417 2496 4504 producerent
2538 4417 2897 4503 amplioreS,
2942 4415 3193 4500 religio-

330 4541 476 4588 nem
516 4522 846 4610 hospitalis
906 4523 1084 4590 beate
1130 4521 1328 4590 Marie
1385 4524 1908 4590 Theutonicorum
1966 4523 2521 4610 lherosolimitani,
2576 4525 2751 4591 cuius
2806 4523 3191 4610 professores

333 4628 724 4715 experiencie
755 4629 1014 4696 militari
1049 4631 1370 4697 studentes
1403 4636 1618 4697 contra
1657 4631 1866 4697 hostes
1913 4629 2057 4696 fidei
2106 4631 2447 4698 orthodoxe
2491 4636 2813 4716 tamquam
2858 4629 3191 4698 bellatores

330 4737 524 4803 fortes
581 4742 644 4804 et
701 4735 998 4824 intrepidi
1059 4738 1384 4823 dimicare,
1445 4746 1515 4805 ut
1571 4739 1648 4804 de
1707 4738 1934 4805 militia
1990 4743 2267 4822 terrena,
2327 4760 2513 4824 quam
2574 4747 2829 4824 gerunt,
2888 4737 3190 4804 exercitui

331 4843 578 4912 celestis
611 4851 1025 4929 aggregentur
1046 4844 1296 4929 milicie,
1323 4866 1446 4911 non
1477 4852 1783 4930 metuunt,
1808 4847 2053 4913 interne
2082 4847 2595 4914 considerationis
2628 4847 2822 4914 oculis
2852 4847 3189 4930 intuemur,

330 4952 587 5036 dignum
620 4959 684 5019 et
719 4954 948 5018 rationi
993 4973 1333 5019 consonum
1380 4953 1778 5038 arbitramur,
1823 4959 1896 5020 ut
1939 4953 2305 5036 religionem
2352 4954 2612 5020 eandem
2660 4955 2823 5020 inter
2867 4957 3083 5020 nostra
3126 4957 3193 5019 et

331 5059 670 5147 apostolice
700 5059 866 5128 sedis
895 5061 1226 5148 precordia
1267 5059 1732 5129 recumbentem
1776 5061 2102 5148 oportunis
2147 5061 2444 5148 prosequi
2487 5062 2807 5129 favoribus
2854 5065 2919 5130 et
2960 5060 3189 5146 graciis

2692 5177 2763 5232 28
