3892 5609
1415 314 1806 363 ramme-u
1854 314 2247 363 assensus
3111 304 3262 377 293

387 475 738 564 periculum
783 472 1216 560 attemptatur,
1265 472 1662 541 universitati
1705 482 1914 543 vestre
1943 474 2435 562 per-apostoliea
2480 476 2718 563 scripta
2749 476 3123 543 mandamus
3170 482 3266 543 at-

388 603 512 669 que
568 581 984 669 precipimus,
1042 585 1382 666 quaternae,
1440 601 1582 647 cum
1631 602 1670 647 a
1715 584 1843 649 iam
1898 582 2085 650 dictis
2139 582 2441 649 fratribus
2486 583 2857 670 acceperitis
2904 583 2981 649 de
3037 584 3265 651 vestris

388 689 820 776 parrochianis
878 688 1229 773 querelam,
1287 708 1394 754 eos
1451 688 1534 755 ad
1591 689 2009 756 exhibendam
2057 690 2373 756 iusticiam
2420 690 2591 755 omni
2648 690 2863 773 gracia
2918 694 2982 755 et
3038 690 3265 757 timore

389 796 767 884 postposite,
800 795 1296 861 contradictione
1328 814 1575 881 quoque
1605 802 1670 863 et
1699 795 2125 882 appellatione
2154 801 2399 863 remota
2423 795 2845 863 ecclesiastica
2876 795 3265 863 districtione

387 902 628 987 cogatis
657 903 958 969 attentius
987 901 1324 988 provisuri,
1355 922 1436 967 ne
1467 904 1868 987 sententiam,
1914 924 2106 987 quam
2134 904 2430 989 tuleritiS,
2460 902 2762 972 fratribus
2792 888 3263 985 ignorantibus*

387 1010 624 1095 absque
681 1010 1106 1077 satisfactione
1163 1028 1442 1091 congrua
1484 1009 1806 1093 relaxetis,
1863 1009 2082 1077 scituri
2130 1030 2169 1076 a
2214 1005 2427 1077 vobis⁸
2474 1009 2750 1095 dampna
2792 1008 3076 1095 ipsorum
3134 1011 3263 1078 dis-

386 1116 636 1183 trictius
679 1115 1080 1200 requirenda,
1129 1116 1186 1181 si
1230 1121 1598 1202 preceptum
1645 1116 2073 1201 neglexeritiS,
2123 1118 2289 1202 quod
2332 1137 2459 1183 non
2492 1115 2825 1199 credimus,
2858 1116 3205 1204 adimplere
3218 1112 3260 1183 '.

387 1224 626 1291 Datum
669 1222 972 1290 Laterani
1014 1223 1122 1289 xvi
1169 1222 1296 1289 kal.
1344 1222 1646 1290 februarii
1695 1222 2099 1309 pontificatus
2142 1226 2345 1291 nostri
2390 1244 2553 1290 anno
2602 1224 2839 1308 quinto.

601 1364 724 1425 Sine
761 1364 904 1414 dato:
943 1363 1010 1423 11,
1048 1363 1114 1414 95
1129 1380 1210 1423 ις
1245 1364 1309 1414 Α.
1337 1363 1408 1413 20
1442 1382 1493 1414 n.
1519 1365 1582 1416 19
1621 1366 1802 1415 Latine
1839 1373 1892 1417 et
1918 1365 2219 1417 Germanice
2256 1382 2368 1416 eum
2401 1374 2548 1415 nota:
2584 1364 2637 1415 in
2663 1365 2881 1415 Trevere
2905 1362 2988 1415 vel
3021 1363 3073 1415 in
3096 1363 3259 1415 Mart-

385 1469 520 1521 purg
527 1471 544 1514 3
580 1461 910 1503 memoratur:
947 1452 1012 1503 R..
1037 1449 1135 1502 147
1161 1452 1294 1503 inter
1319 1452 1676 1513 Treverensia;
1715 1453 1778 1505 R.
1809 1454 1904 1504 153
1939 1455 2073 1505 inter
2096 1454 2390 1513 Iuncensia3
2428 1469 2625 1503 necnon
2648 1452 2713 1503 A.
2739 1450 2803 1502 16
2840 1469 2890 1519 Ρ,
2917 1451 2988 1502 94
3012 1458 3065 1503 et
3087 1451 3175 1503 95.
3199 1482 3259 1491 —-

386 1542 513 1594 Cum
559 1540 708 1592 dato:
754 1541 838 1591 xvi
871 1540 974 1591 kal.
1013 1540 1140 1591 febr.
1178 1558 1228 1606 p.
1263 1560 1310 1592 a.
1335 1542 1366 1592 5
1414 1542 1667 1593 Laterani.
1731 1542 1796 1593 B..
1824 1542 1890 1592 75
1939 1544 2071 1593 inter
2106 1540 2602 1607 Mergenthemensia
2637 1557 2687 1591 n.
2713 1540 2799 1591 25.
2841 1569 2901 1577 -
2944 1540 3067 1591 Cum
3116 1540 3260 1592 dato:

385 1629 422 1681 ii
455 1628 526 1681 id.
563 1630 664 1681 ian.
699 1647 750 1696 p.
777 1647 823 1679 a.
849 1628 881 1679 7
929 1628 1166 1679 Laterani
1175 1648 1194 1690 ς
1242 1630 1486 1695 originale
1533 1646 1646 1681 cum
1691 1630 1830 1681 bulla
1872 1631 1924 1681 in
1971 1630 2068 1681 filis
2116 1630 2319 1681 sericeis
2368 1628 2530 1679 rubris
2568 1637 2621 1679 et
2654 1627 2801 1679 luteis
2839 1628 3095 1694 pendente
3130 1626 3261 1682 Vin-

387 1717 619 1769 dobonae
656 1718 706 1768 in
745 1717 947 1768 archivo
985 1715 1075 1768 cis.
1101 1718 1259 1777 Thei„
1298 1717 1550 1783 quondam
1586 1718 1768 1769 Iuncis.
1811 1750 1872 1756 --
1913 1720 2037 1769 Cum
2075 1718 2217 1769 dato:
2268 1718 2303 1768 ii
2338 1716 2443 1767 kal.
2479 1716 2606 1768 febr.
2644 1734 2696 1783 p.
2732 1734 2777 1767 a.
2806 1716 2837 1765 7
2875 1716 3111 1769 Laterani
3126 1736 3142 1778 ς
3188 1735 3260 1771 or.

385 1821 499 1857 cnm
545 1805 687 1857 bulla
731 1806 784 1856 in
831 1804 929 1857 filis
976 1804 1177 1857 sericeis
1213 1806 1376 1856 rubris
1412 1815 1465 1857 et
1499 1806 1648 1857 luteis
1693 1807 1951 1873 pendente
1978 1806 2310 1858 Vindobonae
2346 1806 2398 1856 in
2435 1805 2636 1857 archivo
2674 1806 2764 1857 ois.
2794 1806 2961 1867 Thai„
3010 1807 3263 1872 qnondam

385 1894 570 1949 Inneis.
599 1924 660 1932 —
702 1895 827 1945 Cum
863 1895 1007 1946 dato:
1045 1894 1098 1945 iii
1131 1912 1250 1945 non.
1287 1894 1412 1945 febr.
1450 1912 1500 1960 Ρ.
1528 1913 1574 1947 a.
1594 1895 1625 1945 7
1663 1897 1917 1947 Laterani.
1974 1895 2037 1946 R.
2070 1894 2167 1945 128
2205 1903 2256 1944 et
2291 1894 2356 1945 A.
2380 1894 2443 1945 16
2480 1912 2530 1959 p.
2558 1894 2621 1945 61
2664 1895 2927 1961 utrobique
2962 1894 3093 1947 inter
3116 1894 3259 1946 Mar-

386 1984 662 2049 bnrgensia
697 1981 818 2034 ιι.“7.
877 1984 1155 2047 „Treviris“
1187 1984 1250 2033 A.
1281 1982 1345 2033 16
1381 2002 1432 2049 Ρ.
1457 1983 1574 2035 117.
1603 2014 1663 2021 —
1695 1985 1816 2035 Cum
1855 1984 2000 2036 dato:
2039 1984 2074 2035 ii
2105 2001 2224 2035 non.
2250 1984 2464 2051 febr.0p.
2491 2000 2537 2033 a.
2559 1982 2590 2032 7
2616 1983 2871 2035 Laterani.
2926 1984 2989 2037 A.
3013 1982 3078 2034 16
3113 2000 3164 2050 Ρ.
3191 1982 3259 2033 37

391 2070 644 2135 „Barnli“.
758 2072 804 2121 1.
841 2071 958 2122 hinc
992 2088 1152 2137 usque
1189 2071 1590 2124 benedictionem
1615 2072 1846 2139 supplevi
1881 2088 1982 2124 see.
2004 2072 2067 2123 R.
2093 2071 2210 2122 128.
2318 2071 2368 2121 2.
2404 2072 2733 2123 incorrectum
2770 2071 2834 2123 R.
2863 2071 2949 2135 75,
2986 2072 3050 2123 A.
3076 2073 3140 2123 16
3164 2072 3260 2124 bis.

385 2160 438 2211 3.
475 2168 696 2211 vestrum
731 2160 795 2211 Β.
821 2159 906 2211 41.
944 2160 1056 2211 Inn.
1081 2160 1170 2211 IV.
1313 2160 1364 2210 4.
1409 2168 1688 2212 vestrorum
1723 2160 1786 2212 R.
1811 2162 1897 2211 41.
2043 2160 2093 2211 5.
2129 2160 2498 2227 ingratantibus
2538 2160 2601 2211 A.
2624 2159 2689 2210 16
2726 2177 2777 2227 Ρ.
2800 2160 2884 2211 62.
3029 2161 3079 2212 6.
3114 2159 3260 2213 nobis

383 2247 454 2301 Π.
488 2248 553 2299 Α.
577 2248 662 2299 20.
807 2247 858 2299 7.
896 2247 1160 2314 adimpleri
1195 2247 1236 2300 Ι.

391 2459 567 2530 324.
608 2463 783 2530 1221
831 2466 1122 2528 ’ἰαπαανίί
1165 2462 1252 2528 17
1295 2463 1622 2528 Laterani.
1705 2462 2033 2527 Honorius
2064 2463 2190 2528 III
2234 2476 2399 2529 vetat
2453 2464 2715 2529 liberam
2759 2464 3147 2551 sepulturam
3188 2468 3261 2529 in

610 2570 854 2634 ordinis
895 2568 1264 2636 Theutonioi
1305 2572 1661 2635 coemeterio
1707 2572 2012 2657 impediri
2055 2571 2597 2657 benefac-torosque
2638 2572 2978 2637 molestari.

513 2724 528 2737 ⁶
605 2708 921 2777 Honorius
980 2712 1311 2798 episcopus
1367 2732 1587 2781 servus
1645 2732 1972 2778 servorum
2030 2711 2131 2778 dei
2178 2712 2639 2780 venerabilibus
2697 2711 2999 2779 fratribus
3056 2713 3259 2780 arehi-

384 2818 699 2905 episcopis
735 2825 800 2885 et
829 2818 1142 2904 episeopis
1174 2824 1239 2885 et
1269 2817 1514 2884 dilectis
1543 2818 1690 2885 filiis
1725 2817 2077 2905 abbatibus,
2119 2818 2458 2905 prioribuS,
2493 2819 2767 2903 decania,
2802 2818 3257 2887 archidiaconis

383 2930 450 2992 et
493 2924 633 2991 aliis
681 2924 1079 2991 eeclesiarum
1128 2924 1412 3011 prelatis,
1459 2924 1539 2991 ad
1589 2945 1742 3011 quos
1788 2925 1997 2992 littere
2044 2927 2165 2993 iste
2212 2927 2636 3012 pervenerint,
2684 2926 2951 2995 salutem
2998 2932 3063 2994 et
3104 2946 3257 3013 apo-

383 3031 672 3099 stolicam
717 3032 1234 3099 benedictionem.
1429 3029 1700 3099 Gravem
1749 3051 1827 3097 ex
1873 3037 2055 3117 parte
2100 3032 2467 3099 dilectorum
2516 3032 2786 3100 filiorum
2832 3034 3101 3100 fratrum
3146 3034 3257 3100 ho-

382 3138 631 3225 spitalis
672 3146 886 3205 sancte
932 3138 1129 3205 Marie
1160 3136 1686 3204 Theotonicorum
1733 3136 2217 3205 lerosolimitani
2264 3139 2585 3224 querelam
2632 3142 3021 3226 accepimuS,
3068 3140 3255 3226 quod,

384 3266 527 3313 cum
575 3246 699 3332 ipsi
747 3267 827 3312 ex
869 3245 1270 3328 indulgencia
1315 3244 1481 3310 sedis
1529 3244 1870 3331 apostolice
1915 3244 2183 3312 liberam
2227 3245 2501 3312 habeant
2543 3246 2609 3311 in
2657 3266 2770 3312 suo
2802 3247 3109 3313 cimiterio
3159 3266 3257 3315 se·

382 3352 731 3440 pasturum,
779 3352 1210 3439 parrochianis
1240 3351 1488 3435 vestris,
1535 3371 1614 3417 ne
1657 3351 1891 3418 ibidem
1925 3350 2196 3419 debeant
2224 3352 2501 3439 sepeliri,
2548 3354 2909 3439 presumitis
2951 3352 3255 3437 inhibere,

385 3479 603 3525 omnes
659 3458 830 3542 illos,
890 3460 997 3543 qui
1052 3460 1120 3523 in
1167 3478 1382 3524 eorum
1441 3458 1707 3525 ecclesia
1764 3457 1987 3525 officiis
2046 3458 2276 3525 divinis
2334 3461 2650 3525 intersunt
2707 3464 2816 3526 aut
2884 3459 3257 3527 elemosinas

384 3564 688 3649 offerunt,
745 3570 1093 3647 asserentes
1142 3565 1814 3632 excommunicacionis
1859 3566 2170 3632 sententie
2217 3565 2560 3633 subiacere.
2629 3564 2789 3644 Quia
2832 3567 3027 3650 igitur
3082 3566 3258 3633 nulla

379 3673 626 3739 ratione
669 3673 980 3739 sustinere
1031 3692 1395 3758 possemuS,
1453 3678 1524 3738 ut
1569 3673 1658 3739 eis
1705 3676 1949 3738 tantam
1996 3672 2293 3737 iniuriam
2342 3672 2693 3757 inferretis,
2750 3692 2866 3759 per
2911 3672 3257 3760 apostolica

383 3778 560 3845 vobis
617 3779 854 3863 scripta
898 3778 1300 3864 precipiendo
1347 3780 1740 3863 mandamuS,
1800 3778 2096 3863 quatinus
2143 3779 2221 3844 ab
2268 3777 2629 3845 huiusmodi
2675 3778 3255 3866 presumpcionibus

381 3884 756 3953 desistentes
817 3886 1070 3951 omnino
1117 3906 1307 3971 super
1353 3887 1642 3972 dampnis
1691 3892 1754 3952 et
1797 3886 2045 3952 iniuriis
2091 3886 2386 3969 irrogatis
2434 3888 2606 3952 omni
2652 3886 3143 3953 contradictione
3189 3892 3253 3953 et

382 3993 784 4059 excusatione
849 3990 1268 4060 cessantibus¹
1325 4013 1598 4076 congrue
1657 3993 2019 4060 satisfacere
2087 4013 2213 4059 non
2284 3991 2569 4059 tardetis.
2660 3991 2901 4059 Datum
2953 3991 3250 4060 Laterani

298 4178 304 4181 ,
379 4100 488 4165 xvi
532 4098 660 4165 kal.
693 4098 994 4165 februarii
1037 4098 1438 4187 pontificatus
1484 4100 1684 4166 nostri
1731 4120 1894 4166 anno
1941 4121 1999 4165 v.

590 4237 712 4291 Sine
759 4238 904 4291 dato:
950 4238 1005 4299 1,
1043 4239 1140 4301 69;
1190 4240 1254 4291 A.
1281 4239 1352 4289 20
1389 4257 1438 4291 n.
1465 4238 1499 4289 6
1549 4240 1729 4292 Latine
1776 4248 1828 4291 et
1877 4241 2177 4293 Germanice
2224 4258 2336 4292 cum
2382 4250 2532 4294 nota:
2586 4242 2721 4308 „Est
2768 4240 2818 4292 in
2856 4242 3075 4293 Trevere
3119 4244 3245 4293 ete.“

378 4328 442 4379 A.
471 4328 536 4379 16
571 4344 621 4393 Ρ.
651 4326 752 4378 112
793 4326 1091 4391 „Treviris“.
1133 4356 1196 4367 —·
1237 4328 1359 4379 Cum
1397 4328 1542 4379 dato:
1579 4329 1662 4380 xvi
1696 4328 1800 4380 kal.
1836 4330 1964 4381 febr.
2002 4346 2053 4396 p.
2090 4348 2136 4381 a.
2163 4330 2214 4381 5.
2270 4330 2335 4382 Β.
2366 4330 2465 4381 148
2501 4331 2634 4382 inter
2670 4330 3017 4383 Treverensia.
3058 4360 3121 4369 —
3162 4331 3249 4382 Or.

379 4432 492 4469 enm
529 4416 664 4469 bulla
699 4416 940 4483 plumbea
972 4416 1026 4467 in
1061 4416 1156 4468 filis
1195 4415 1397 4469 sericeis
1432 4416 1596 4468 rubris
1633 4426 1687 4468 et
1719 4418 1866 4469 luteis
1904 4419 2229 4485 appendente
2270 4419 2323 4469 in
2360 4418 2561 4471 archivo
2586 4419 2775 4472 ordinis
2798 4418 3095 4471 'Phentonici
3122 4418 3248 4470 Vin-

381 4506 640 4567 dobona03
675 4506 812 4557 unde
833 4505 956 4557 mihi
979 4506 1118 4557 venit
1141 4507 1296 4558 etiam
1319 4504 1497 4579 notitia
1522 4506 1776 4573 qnondam
1793 4506 2063 4559 Veteribus
2086 4505 2252 4559 Iuneis
2281 4506 2409 4559 illud
2430 4506 2604 4567 fuisse.
2752 4508 2797 4567 1.
2834 4514 3066 4562 cessante
3090 4508 3153 4557 A.
3168 4506 3251 4565 16,

381 4595 446 4647 A.
470 4593 556 4646 20.
664 4611 927 4663 possumus
966 4630 979 4646 .
1001 4630 1014 4645 .
1051 4593 1278 4649 inferatis
1314 4593 1379 4653 A.
1403 4593 1488 4645 20.
