3892 5609
735 340 782 410 4
796 339 890 410 14
1707 350 2131 402 Pou‘rmotm
2174 351 2619 402 Romanorum

739 507 914 578 629.
955 510 1132 577 1263
1176 458 1365 576 octor.
1398 512 1437 579 1
1487 511 1664 598 apud
1719 509 1942 577 Urbem
1986 512 2274 578 Veterem.
2358 511 2647 582 Urbanus
2679 513 2725 578 Ι
2727 512 2785 579 V
2823 516 3047 599 repetit
3088 513 3455 578 Alexandri
3486 512 3592 578 IV

951 641 1015 682 π.
1049 618 1182 684 542
1225 619 1303 682 de
1347 618 1528 684 1257
1570 621 1732 683 mii
1771 618 1879 684 30.

951 755 1242 824 Urbanus
1288 763 1404 824 etc.
1585 757 1745 825 Cum
1773 779 1886 826 vos
1929 763 2233 846 tanquam
2278 765 2393 828 etc.
2441 761 2725 828 inclinati
2770 759 2853 827 ad
2896 761 3097 828 instar
3136 760 3339 829 felicis
3381 781 3591 828 recor-

733 864 1010 933 dacionis
1048 864 1396 932 Alexandri
1440 884 1604 952 pape
1647 865 2105 952 predecessoris
2149 869 2349 934 nostri
2394 870 2765 936 auctoritate
2808 868 2986 935 vobis
3030 868 3423 956 presentium
3470 875 3588 936 etc.

731 971 970 1040 Datum
1015 973 1182 1060 apud
1224 970 1460 1039 Urbem
1490 972 1781 1040 Veterem
1826 971 1952 1040 kal.
1986 975 2256 1042 octobris
2301 973 2701 1062 pontificatus
2743 977 2947 1042 nostri
2990 996 3154 1042 anno
3198 977 3417 1046 tercio.

945 1113 1070 1166 Cum
1104 1112 1246 1166 dato:
1291 1112 1480 1165 R.148
1512 1112 1644 1165 inter
1677 1114 2023 1166 Treverensia.
2060 1145 2120 1154 —-
2170 1115 2293 1167 Cum
2328 1116 2473 1168 datm
2521 1134 2569 1170 a.
2594 1117 2629 1168 3
2670 1115 2945 1182 „Treviris“
2984 1118 3049 1170 A.
3072 1117 3138 1170 16
3172 1119 3349 1186 p.114
3382 1125 3439 1169 et
3474 1116 3593 1168 12⁰.

734 1202 993 1271 OrIginale
1028 1201 1280 1270 quondam
1313 1201 1628 1269 Emingense
1639 1203 1686 1270 Τ)
1722 1201 1775 1253 in
1810 1203 2013 1256 archivo
2048 1204 2236 1257 ordinis
2271 1204 2568 1258 'l'heutoniei
2593 1205 2988 1258 vindobonensi.

737 1443 913 1514 630.
954 1445 1131 1512 1263
1175 1445 1362 1511 octbr.
1395 1445 1440 1511 3
1485 1447 1662 1532 apud
1719 1444 1940 1512 Urbem
1984 1445 2271 1514 Veterem.
2356 1448 2641 1516 Urbanus
2673 1447 2784 1515 IV
2816 1451 3041 1536 repetit
3084 1448 3445 1514 Alexandri
3486 1447 3599 1514 IV

952 1576 1018 1618 π.
1049 1550 1190 1619 570
1222 1549 1309 1617 'de
1352 1552 1531 1619 1257
1577 1575 1724 1640 auq.
1753 1552 1862 1618 20.

951 1692 1243 1760 Urbanus
1299 1693 1630 1780 episcopus
1689 1714 1906 1762 servus
1972 1713 2293 1762 servorum
2355 1697 2456 1764 dei
2512 1695 2971 1764 venerabilibus
3024 1696 3327 1764 fratribus
3386 1695 3593 1762 archi-

732 1800 1043 1888 episcopis
1088 1805 1152 1868 et
1195 1800 1506 1888 episcopis
1554 1806 1618 1868 et
1659 1801 1902 1869 dilectis
1945 1801 2093 1869 filiis
2138 1803 2500 1888 abbatibus,
2554 1804 2902 1891 prioribus,
2958 1805 3328 1892 prepositis,
3384 1803 3593 1870 archi-

729 1909 1032 1993 diaconis,
1075 1907 1328 1975 decanis
1375 1916 1440 1975 et
1481 1908 1621 1976 aliis
1667 1909 2069 1977 ecclesiarum
2112 1911 2392 1997 prelatis,
2438 1911 2520 1978 ad
2564 1931 2721 1996 quos
2764 1911 2974 1979 littere
3011 1912 3133 1978 iste
3160 1912 3593 1998 pervenerint,

731 2017 1001 2084 salutem
1057 2021 1122 2083 et
1179 2016 1585 2103 apostolicam
1643 2017 2158 2084 benedictionem.
2428 2017 2814 2085 Dilectorum
2870 2017 3143 2085 filiorum
3188 2053 3275 2064 -—-
3320 2019 3595 2103 ideoque

729 2123 1126 2190 universitati
1153 2129 1360 2191 vestre
1405 2123 1486 2190 ad
1526 2124 1728 2190 instar
1769 2125 1971 2192 felicis
2014 2123 2470 2192 recordacionis
2500 2125 2849 2192 Alexandri
2891 2127 3355 2212 predecessoris
3384 2125 3593 2192 nostri

730 2252 846 2319 per
891 2267 974 2278 —
1021 2230 1269 2297 vinculo
1312 2231 1645 2298 innodetis.
1716 2230 1955 2298 Datum
1998 2231 2169 2319 apud
2198 2230 2427 2299 Urbem
2463 2231 2753 2300 Veterem
2798 2253 2841 2298 v
2882 2253 3080 2300 nonas
3126 2233 3401 2316 octobris
3431 2253 3594 2320 pon-

729 2337 1002 2405 tificatus
1045 2339 1248 2405 nostri
1293 2358 1458 2405 anno
1501 2339 1717 2406 tercio.

941 2477 1032 2541 IV,
1056 2477 1246 2541 218v.;
1281 2477 1346 2532 R.
1369 2477 1469 2531 168
1501 2479 1634 2531 inter
1669 2477 1989 2546 Thuringica.

733 2715 909 2788 631.
951 2719 1128 2787 1263
1171 2723 1359 2788 octbr.
1391 2722 1436 2788 4
1479 2723 1657 2808 apud
1713 2719 1934 2788 Urbem
1977 2720 2264 2786 Veterem·
2349 2719 2636 2787 Urbanus
2669 2721 2715 2786 Ι
2718 2720 2779 2785 V
2812 2723 3033 2808 repetit
3076 2719 3443 2787 Alexandri
3486 2707 3599 2788 JV

951 2831 1442 2894 constitutionem
1485 2853 1547 2893 n.
1581 2830 1714 2896 593
1759 2831 1836 2895 de
1879 2827 2057 2895 1258
2099 2828 2314 2894 novbr.
2346 2829 2466 2909 22,
2528 2851 2603 2894 ex
2655 2850 2783 2915 qua
2828 2831 2981 2894 ordo
3037 2827 3457 2894 Tkeutonieue
3504 2831 3593 2895 ad

954 2935 1238 3001 eeclesias
1281 2939 1386 3002 sui
1416 2949 1794 3023 patronatus
1840 2936 2095 3001 clericos
2142 2937 2383 3000 ordinis
2428 2937 2532 3000 sui
2562 2947 2967 3024 praesentare
3000 2940 3225 3024 possit.

949 3076 1240 3144 Urbanus
1307 3077 1638 3165 episcopus
1701 3097 1918 3144 servus
1974 3095 2299 3144 servorum
2355 3074 2455 3143 dei
2511 3075 2967 3144 venerabilibus
3018 3077 3321 3145 fratribus
3380 3079 3591 3146 archi·

729 3183 1040 3271 episcopis
1096 3188 1161 3250 et
1211 3184 1520 3271 episcopis
1565 3189 1629 3250 et
1673 3185 1916 3251 dilectis
1960 3183 2107 3250 filiis
2154 3183 2638 3267 archidiaconis,
2696 3183 2777 3249 ad
2822 3203 2977 3269 quos
3022 3183 3231 3252 littere
3271 3187 3397 3252 iste
3440 3207 3591 3273 per-

728 3290 1034 3374 venerint,
1081 3290 1350 3359 salutem
1393 3297 1458 3358 et
1501 3291 1908 3376 apostolicam
1956 3291 2468 3358 benedictionem.
2648 3290 2750 3357 Ex
2794 3297 2975 3377 parte
3018 3290 3389 3358 dilectorum
3424 3293 3589 3360 filio-

727 3417 868 3463 rum
913 3398 1202 3482 magistri
1244 3402 1310 3465 et
1349 3398 1618 3465 fratrum
1661 3397 1991 3485 hospitalis
2036 3402 2249 3466 sancte
2292 3397 2490 3464 Mario
2536 3398 3053 3465 Theotonicorum
3100 3398 3587 3467 lerosolimitani

726 3505 909 3572 nobis
963 3511 1060 3573 est
1113 3504 1325 3573 oblata
1377 3503 1662 3590 querela,
1719 3506 1918 3590 quod,
1974 3505 2123 3572 licet
2177 3507 2268 3571 eis
2322 3527 2361 3572 a
2404 3505 2553 3573 sede
2596 3506 2939 3592 apostolica
2982 3505 3068 3572 sit
3108 3505 3455 3592 indultum,
3516 3515 3589 3574 ut

725 3611 955 3680 fratres
999 3611 1258 3679 clericos
1304 3611 1541 3678 ordinis
1587 3611 1686 3677 sui
1731 3613 1812 3678 ad
1839 3616 2133 3679 vacantes
2180 3612 2494 3696 ecclesias,
2540 3613 2609 3679 in
2654 3611 2877 3698 quibus
2923 3613 3022 3678 ius
3053 3613 3339 3681 obtinent
3368 3620 3586 3702 patro-

725 3724 914 3786 natus
957 3719 1304 3788 dioeesanis
1349 3719 1680 3805 episcopis,
1733 3739 2141 3804 responsuros
2186 3721 2277 3786 eis
2321 3719 2401 3788 de
2445 3719 2896 3807 spiritualibus,
2942 3719 3128 3787 dictis
3170 3723 3473 3805 magistro
3523 3729 3587 3789 et

725 3826 1028 3894 fratribus
1083 3827 1163 3894 de
1214 3825 1693 3913 temporalibus,
1753 3824 2008 3892 valeant
2060 3832 2453 3913 presentare3
2511 3827 2707 3913 aliqui
2758 3831 2973 3893 tamen
3017 3832 3298 3894 vestrum
3342 3849 3413 3895 se
3454 3828 3586 3896 illis

726 3955 918 4022 super
945 3936 1064 4004 hoc
1107 3933 1402 4002 molestos
1449 3941 1512 4000 et
1554 3953 1777 4017 graves
1824 3933 2035 4020 sepius
2084 3933 2445 4003 exhibentes
2490 3934 2807 4021 predictos
2837 3933 3065 4002 fratres
3096 3935 3376 4020 clericos,
3424 3957 3585 4023 quos

727 4041 880 4110 dicti
923 4043 1224 4128 magister
1256 4046 1322 4108 et
1362 4041 1590 4108 fratres
1632 4040 1814 4107 iuxta
1857 4040 2209 4128 predictum
2254 4041 2567 4109 indultum
2614 4042 2703 4108 eis
2751 4047 3119 4126 presentant
3160 4042 3242 4108 ad
3288 4043 3585 4111 ecclesias

727 4155 1128 4235 memoratas,
1171 4148 1500 4216 instituere
1544 4147 1857 4232 denegant
1898 4147 1969 4215 in
2014 4149 2103 4215 eis
2148 4169 2264 4236 pro
2309 4169 2424 4216 sue
2461 4149 2721 4215 arbitrio
2752 4147 3112 4216 voluntatis.
3181 4149 3341 4216 Cum
3370 4156 3585 4218 autem

725 4256 852 4343 ipsi
905 4256 1246 4344 apostolice
1302 4255 1708 4340 benignitatis
1765 4255 2068 4322 auxilium
2124 4275 2313 4342 super
2354 4255 2474 4322 hoc
2526 4255 2821 4321 duxerint
2874 4255 3195 4326 humiliter
3236 4257 3585 4344 imploran-

725 4363 898 4448 dum,
943 4363 1417 4432 universitatem
1446 4367 1722 4429 vestram
1762 4382 2055 4446 rogamus
2088 4368 2153 4430 et
2180 4363 2504 4430 hortamur
2535 4367 2771 4429 attente
2803 4363 2885 4428 ad
2912 4363 3114 4430 instar
3142 4365 3344 4431 felicis
3372 4385 3582 4432 recor-

725 4469 1007 4538 dacionis
1035 4469 1384 4537 Alexandri
1425 4489 1591 4557 pape
1634 4468 2091 4555 predecessoris
2136 4469 2333 4536 nostri
2380 4489 2495 4556 per
2524 4469 2867 4555 apostolica
2896 4471 3072 4538 vobis
3114 4473 3351 4558 scripta
3376 4473 3581 4559 preci·

724 4577 953 4664 piendo
998 4577 1390 4661 mandantes,
1437 4580 1743 4662 quatenus
1790 4576 2053 4663 provide
2080 4577 2491 4660 attendentes,
2540 4575 2705 4660 quod
2734 4577 2903 4643 idem
2933 4579 3233 4662 magister
3261 4585 3327 4644 et
3350 4579 3580 4648 fratres

723 4704 842 4771 pro
887 4705 998 4752 sue
1041 4683 1360 4767 religionis
1404 4683 1646 4751 meritis
1691 4682 1879 4749 nullis
1925 4683 2229 4751 molestiis
2275 4681 2459 4768 affici,
2508 4684 2617 4750 sed
2662 4683 2787 4770 piis
2832 4684 3061 4751 debent
3090 4685 3403 4754 beneficiis
3433 4705 3579 4754 con-

725 4791 957 4876 foveri,
1014 4811 1124 4858 vos
1184 4791 1276 4858 eis
1340 4791 1410 4856 in
1474 4789 1800 4877 premissis
1859 4790 2090 4858 nullius
2146 4789 2533 4858 difficultatis
2594 4790 2926 4877 opponatis
2984 4792 3370 4860 obstaculum
3389 4844 3407 4878 ‚
3470 4795 3579 4860 sed

723 4899 1004 4966 favorem
1058 4896 1414 4966 benivolum
1471 4897 1552 4963 ad
1606 4895 1674 4962 id
1730 4897 1941 4984 potius
1996 4896 2407 4983 impendatiS,
2465 4899 2555 4965 ita
2608 4899 2777 4984 quod
2832 4918 2949 4966 nec
2994 4900 3117 4987 ipsi
3161 4901 3579 4986 conquerendi

726 5005 806 5074 de
847 5006 1024 5075 vobis
1077 5005 1406 5074 materiam
1461 5003 1764 5089 habeant,
1821 5024 1938 5072 nec
1996 5006 2087 5072 eis
2145 5025 2333 5092 super
2378 5005 2497 5072 hoc
2555 5026 2670 5092 per
2712 5025 2829 5072 nos
2874 5012 3164 5094 oporteat
3206 5009 3391 5076 aliter
3432 5028 3575 5096 pro-
