3892 5609
1357 311 1748 379 Prummu
1795 312 2187 361 cumam
2219 333 2227 341 »
3048 302 3198 374 297

331 470 706 537 auctoritate
762 468 1110 556 apostolica
1165 471 1497 563 prohibere
1555 473 1786 538 curetis
1802 522 1821 555 ,
1877 493 1960 539 ne
2022 492 2061 542 a
2102 474 2469 539 memoratis
2524 473 2825 540 fratribus
2882 474 2960 541 de
3011 494 3205 541 nova-

328 576 498 645 libus
544 577 646 645 vel
691 576 832 643 aliis
887 576 1076 643 terris
1119 583 1266 664 post
1311 578 1546 645 dictum
1594 579 1924 645 concilium
1975 580 2329 665 acquisitis,
2396 600 2551 665 quas
2594 582 2873 669 propriis
2912 581 3203 648 manibus

331 684 432 751 vel
479 684 834 772 sumptibus
883 685 1195 769 excolunt,
1244 706 1350 752 seu
1401 686 1478 752 de
1525 686 1926 753 nutrimentis
1974 686 2343 753 animalium
2388 708 2647 754 suorum
2690 688 3049 755 nullatenus
3095 688 3205 755 de-

330 792 530 858 cimas
589 793 838 875 exigere
895 791 995 859 vel
1041 798 1416 878 extorquere
1471 798 1858 878 presumant.
1935 793 2097 859 Nam
2158 794 2213 860 si
2258 795 2338 860 de
2390 794 2721 861 novalibus
2780 801 3026 861 tantum
3073 795 3203 862 vel-

329 898 535 965 lemus
593 898 891 983 intelligi,
951 899 1059 965 ubi
1113 900 1404 984 ponimus
1462 899 1538 966 de
1595 899 1946 981 laboribus,
2016 901 2094 967 de
2151 900 2479 967 novalibus
2542 921 2935 988 poneremus.
3044 901 3205 980 Quia

331 1026 482 1072 vero
529 1026 658 1072 non
702 1013 801 1075 est
843 1007 1220 1073 conveniens
1267 1006 1365 1073 vel
1411 1006 1773 1090 honestum,
1832 1012 1904 1073 ut
1950 1012 2169 1074 contra
2214 1012 2452 1073 statuta
2498 1007 2664 1074 sedis
2713 1008 3051 1094 apostolice
3098 1030 3203 1075 ve-

330 1112 566 1196 niatur,
615 1132 736 1197 que
779 1112 1062 1180 obtinere
1095 1112 1327 1179 debent
1353 1112 1737 1180 immobilem
1767 1112 2156 1197 firmitatem,
2202 1114 2577 1180 mandamus
2610 1114 2786 1181 vobis
2815 1114 3203 1200 firmiterque

331 1220 738 1305 precipimus,
787 1226 874 1303 ut,
921 1222 977 1285 si
1024 1222 1133 1303 qui
1165 1220 1468 1303 canonici,
1515 1220 1753 1303 clerici,
1793 1220 2085 1287 monachi
2115 1220 2216 1287 vel
2248 1220 2394 1287 laici
2424 1228 2643 1288 contra
2672 1221 3007 1308 privilegia
3036 1221 3203 1288 sedis

334 1326 678 1411 apostolice
743 1327 1059 1413 predictos
1127 1326 1510 1394 decimarum
1580 1328 1658 1393 de
1723 1327 2055 1394 novalibus
2117 1328 2214 1393 vel
2270 1329 2457 1395 terris
2513 1328 2813 1413 predictis
2870 1328 3205 1394 exaccione

331 1434 766 1517 gravaverint,
827 1435 1188 1517 canonicos„
1249 1434 1506 1501 clericos
1567 1435 1702 1499 sive
1745 1433 2083 1500 monachos
2130 1435 2621 1501 contradictione
2666 1440 2729 1501 et
2774 1433 3205 1519 appellacione

331 1545 640 1623 cessante,
687 1539 852 1607 sicut
893 1541 1126 1607 iustum
1173 1541 1384 1623 fuerit,
1430 1542 1782 1607 monicione
1828 1540 2139 1626 premissa
2183 1540 2261 1607 ab
2294 1539 2497 1608 officio
2544 1540 2965 1627 suspendatis,
3010 1540 3207 1607 laicos

332 1648 1002 1713 excommunicationis
1033 1648 1344 1715 sententia
1373 1646 1729 1733 percellatis
1763 1653 1827 1713 et
1855 1652 1985 1713 tam
2018 1648 2685 1715 excommunicationis
2716 1668 2903 1733 quam
2942 1668 3205 1735 suspen-

331 1753 532 1819 sionis
577 1754 952 1821 sententiam
997 1754 1246 1820 faciatis
1290 1774 1488 1839 usque
1535 1754 1616 1819 ad
1659 1754 1916 1837 dignam
1965 1754 2456 1821 satisfactionem
2501 1754 2947 1821 inviolabiliter
2992 1754 3205 1821 obser-

330 1859 492 1943 vari,
538 1860 716 1927 salva
755 1860 1184 1927 moderatione
1227 1860 1478 1927 concilii
1520 1861 1849 1944 generalis.
1920 1860 2027 1927 Ad
2056 1860 2171 1927 hec
2201 1860 2379 1927 vobis
2410 1862 2801 1947 presentium
2830 1862 3207 1928 auctoritate

332 1966 709 2033 mandamus
770 1972 958 2053 atque
1015 1968 1428 2053 precipimus,
1489 1974 1829 2053 quatenus,
1895 1968 1949 2033 si
2010 1968 2151 2054 quis
2207 1969 2274 2033 in
2330 1968 2645 2053 predictos
2704 1968 2933 2033 fratres
2980 1988 3204 2034 manus

309 2072 642 2141 .violentas
687 2075 1001 2159 iniecerit,
1055 2096 1198 2141 eum
1246 2074 1522 2140 accensis
1570 2074 1846 2141 candelis
1889 2080 2043 2143 tam,
2071 2074 2179 2139 diu
2224 2074 2389 2140 sicut
2432 2076 3040 2141 excommunicatum
3088 2094 3205 2160 pu·-

331 2178 496 2247 blice
540 2182 851 2248 nuncietis
897 2186 962 2247 et
1001 2182 1250 2247 faciatis
1299 2182 1376 2248 ab
1409 2181 1700 2247 omuibus
1745 2182 1999 2247 caucius
2030 2181 2275 2263 evitari,
2324 2180 2520 2246 donec
2556 2200 2829 2266 congrue
2860 2182 3207 2248 satisfaciat

332 2286 638 2371 predictis
691 2288 992 2354 fratribus
1049 2293 1114 2354 et
1167 2308 1310 2354 cum
1367 2286 1596 2355 litteris
1653 2287 1973 2353 diocesani
2029 2288 2309 2373 episcopi
2364 2288 2457 2354 rei
2501 2288 2835 2355 veritatem
2882 2288 3206 2355 continen-

333 2393 503 2459 tibus
563 2394 906 2479 apostolico
954 2413 1021 2460 se
1066 2394 1430 2480 conspectui
1485 2399 1892 2480 representet.
1974 2393 2210 2460 Datum
2255 2393 2557 2461 Laterani
2601 2415 2685 2460 xv
2730 2394 2856 2461 kal.
2900 2393 3207 2460 februarii

331 2498 736 2586 pontificatus
781 2502 981 2567 nostri
1028 2520 1191 2567 anno
1240 2502 1476 2586 quinto,

547 2641 669 2693 Sine
693 2642 840 2693 dato:
876 2640 917 2703 Ι,
939 2641 1034 2703 76;
1072 2642 1138 2705 11,
1165 2640 1323 2693 109v.
1361 2659 1410 2692 ιι.
1438 2640 1536 2702 65;
1573 2640 1636 2692 R.
1669 2641 1768 2692 143
1803 2642 1935 2692 inter
1958 2642 2305 2692 Treverensia.
2330 2672 2389 2679 —
2419 2640 2543 2693 Oum
2569 2640 2715 2692 dator
2751 2640 2989 2692 Laterani
3011 2658 3075 2690 xv
3098 2640 3205 2692 kal.

333 2731 462 2783 febr.
488 2749 540 2798 p.
564 2749 614 2782 n.
640 2750 687 2783 a.
712 2732 764 2783 5.
815 2730 906 2793 IV,
949 2730 1105 2782 184v.
1142 2748 1193 2782 n.
1224 2730 1306 2782 12.
1360 2730 1468 2781 Ioh.
1495 2730 1580 2782 30.
1637 2730 1914 2795 originale,
1956 2730 2088 2795 quod
2126 2730 2379 2795 quondam
2395 2730 2665 2781 Veteribus
2690 2730 2856 2780 Iuncis
2890 2729 3049 2779 fuisse
3083 2745 3204 2794 per-

333 2820 552 2883 hibetur,
589 2837 702 2871 cum
737 2819 875 2872 bulla
911 2819 1146 2886 plumbea
1181 2820 1234 2869 in
1258 2818 1356 2869 filis
1393 2819 1596 2871 sericeis
1632 2820 1794 2869 rubris
1831 2828 1884 2871 et
1917 2818 2066 2871 luteis
2104 2820 2428 2886 appendente
2462 2820 2512 2870 in
2538 2819 2739 2871 archivo
2766 2818 2954 2869 ordinis
2977 2816 3203 2869 Theuto-

333 2910 436 2961 nici
469 2916 772 2961 asservatur.
812 2940 872 2947 —
911 2909 1144 2961 Alterum
1179 2907 1452 2975 originale,
1490 2908 1570 2957 cui
1606 2908 1752 2959 deest
1785 2908 1934 2959 modo
1972 2907 2138 2970 bulla,
2175 2909 2226 2959 in
2263 2908 2464 2959 archivo
2500 2907 2897 2974 Regimontano,
2933 2905 3019 2956 ubi
3056 2906 3207 2957 etiam
3293 2956 3299 2963 ,

333 2999 432 3050 tria
469 3006 790 3049 assonantur
825 3005 1156 3048 transsnmta:
1210 2996 1254 3045 1.
1295 2996 1576 3047 confectum
1614 2998 1785 3047 Accon
1828 2994 1963 3049 1277
2003 3014 2117 3063 aug.
2143 2996 2213 3047 30
2250 2997 2537 3062 requirente
2572 2995 2797 3047 Iohanne
2833 3012 3016 3061 magno
3053 3010 3204 3059 prae·

333 3096 541 3153 ceptore
575 3086 811 3152 auspiciis
837 3086 1060 3137 Thomas
1097 3084 1202 3136 ord.
1229 3084 1469 3149 praedic„
1506 3083 1888 3137 lerosolimitani
1924 3084 2241 3152 patriarchae
2278 3094 2330 3135 et
2364 3084 2577 3135 ministri
2602 3084 2908 3136 Acconensis
2946 3082 3209 3144 ecclesiae,

336 3192 420 3241 ap.
445 3175 554 3226 sed.
577 3174 751 3240 legati,
788 3190 880 3240 per
914 3174 1192 3225 Iohannem
1229 3172 1462 3223 clericum
1498 3173 1860 3235 Acconensem,
1897 3174 2141 3225 ecclesiae
2178 3192 2218 3224 s.
2246 3174 2403 3224 crucis
2436 3174 2743 3224 Acconensis
2780 3172 3035 3232 assisium3
3072 3171 3207 3236 quod

331 3272 638 3315 memoratur
671 3264 722 3313 in
758 3263 823 3313 R.
846 3264 912 3313 10
947 3262 999 3313 in
1037 3262 1184 3313 domo
1221 3262 1634 3328 Nurenbergensi
1669 3262 1836 3322 n.18;
1874 3261 1925 3311 2.
1964 3262 2247 3313 confectum
2282 3263 2453 3313 Accon
2493 3261 2622 3312 1281
2666 3270 2796 3328 sept.
2820 3261 2885 3311 12
2920 3260 3206 3327 requirente

333 3352 572 3417 religioso
607 3352 766 3402 fratre
789 3351 1014 3402 Iohanne
1039 3350 1102 3401 de
1129 3350 1364 3410 Saxonis,
1403 3360 1742 3416 procuratore,
1779 3350 1987 3416 syndico
2020 3351 2194 3402 domus
2222 3350 2629 3413 Alamannorum,
2668 3352 2760 3401 sub
2798 3349 3033 3416 auspiciis
3060 3348 3201 3400 Gau-

334 3440 470 3499 nidi,
507 3441 816 3491 Ebronensis
853 3439 1096 3506 episcopi,
1137 3438 1283 3489 Eliae
1318 3437 1702 3490 lerosolimitani
1736 3439 2073 3505 patriarchae,
2118 3439 2333 3491 ministri
2366 3439 2673 3491 Acconensis
2710 3438 2953 3490 ecclesiae
2990 3446 3042 3490 et
3077 3454 3203 3503 apo-
3292 3452 3297 3457 ’

334 3529 499 3581 stolici
533 3528 692 3595 legati
727 3528 888 3594 (cuius
925 3527 1184 3594 appendet
1219 3525 1476 3593 sigillum),
1513 3527 1858 3595 Rampnulphi
1884 3528 2221 3579 Nicossiensis
2258 3528 2638 3594 archiepiscopi,
2674 3545 2765 3593 per
2786 3527 3063 3579 Iohannem
3100 3526 3203 3577 cle-

331 3620 492 3669 ricum
514 3618 878 3677 Acconensem,
912 3616 1159 3675 assisium,
1195 3616 1442 3666 notarium
1478 3615 1820 3681 apostolicum.
1863 3646 1922 3653 —-
1962 3616 2247 3667 Ediderunt
2284 3618 2549 3669 Caorsinus
2585 3616 2645 3667 Β.
2672 3616 2780 3679 8v.‚
2818 3617 3014 3669 Senner
3050 3632 3099 3682 p.
3124 3616 3205 3675 E„

333 3705 564 3757 Duellius
600 3705 666 3766 11,
693 3704 726 3755 5
764 3723 814 3755 ιι.
835 3704 880 3755 V
906 3713 958 3755 et
993 3721 1022 3755 e
1059 3712 1362 3755 transsumto
1400 3704 1465 3754 de
1507 3704 1638 3755 1281
1681 3712 1810 3769 sept.
1843 3706 1924 3766 12,
1962 3705 2089 3756 Livl.
2116 3704 2271 3757 U.-B.
2296 3706 2337 3766 1,
2377 3706 2445 3755 63
2482 3723 2531 3757 n.
2556 3704 2641 3757 60.
2670 3734 2733 3743 —-
2774 3706 2897 3757 Oum
2933 3705 3076 3756 dato:
3114 3704 3203 3755 'ri-

333 3796 462 3846 bure
495 3795 531 3844 4
565 3811 724 3845 nonas
761 3792 886 3844 iunii
917 3810 967 3861 p.
993 3810 1044 3842 n.
1071 3810 1115 3843 a.
1143 3792 1193 3852 5,
1231 3792 1442 3857 simplex
1479 3792 1624 3858 copia
1659 3794 1711 3844 in
1747 3793 1951 3845 archivo
1986 3793 2175 3844 ordinis
2209 3793 2507 3845 Theutonici
2530 3794 2863 3847 Vindobonae
2900 3800 3201 3854 asservatur,

335 3900 468 3951 quae
504 3882 604 3933 iam
641 3882 829 3933 dudum
863 3882 958 3932 fuit
995 3882 1170 3932 domus
1204 3880 1629 3932 Vindobonensis.
1670 3911 1726 3917 —
1787 3882 1908 3931 Cum
1945 3882 2090 3933 dato:
2128 3882 2378 3933 Laterani·
2400 3900 2432 3933 x
2468 3882 2571 3935 kal.
2595 3882 2701 3934 iulii
2735 3900 2785 3950 p.
2811 3900 2863 3935 n.
2888 3901 2934 3934 a.
2960 3882 3009 3933 8.
3050 3881 3093 3943 1,
3120 3880 3204 3933 76.

338 3974 386 4023 1.
424 3970 670 4023 Duellius.

339 4166 516 4238 329.
559 4168 732 4236 1221
794 4170 1084 4233 ianuarii
1126 4168 1216 4234 18
1273 4168 1600 4233 Laterani.
1694 4168 2020 4233 Honorius
2068 4168 2193 4233 III
2244 4170 2525 4233 ordinem
2578 4168 3024 4233 Theutonicum
3090 4166 3203 4229 sub

559 4276 940 4362 apostolicae
981 4277 1145 4339 sedis
1175 4277 1556 4361 protectione
1584 4275 1750 4339 iubet
1780 4297 1907 4338 esse
1954 4276 2368 4361 conceditque,
2404 4288 2471 4339 ut
2503 4276 2783 4360 undique
2813 4274 3065 4338 clericos
3097 4296 3202 4337 su-

557 4386 787 4471 scipiat
833 4396 887 4449 et
933 4382 1164 4447 liberae
1209 4383 1566 4468 sepulturae
1609 4382 1949 4467 privilegia
1988 4381 2281 4465 fruatur.

557 4524 874 4591 Honorius
919 4524 1248 4609 episcopus
1302 4542 1520 4589 servus
1565 4542 1886 4589 servorum
1935 4523 2035 4589 dei
2080 4523 2383 4607 magistro
2430 4529 2497 4590 et
2533 4520 2833 4588 fratribus
2876 4518 3209 4607 hospitalis

332 4637 554 4699 sancte
619 4630 820 4698 Mario
887 4620 1453 4697 Theutonicorum-
1495 4628 1983 4695 lerosolimitani
2060 4629 2329 4695 salutem
2400 4636 2463 4695 et
2542 4629 2953 4715 apostolicam
3019 4627 3208 4694 bene-

332 4739 692 4805 dictionem.
891 4736 1198 4816 Quoeiens
1247 4756 1286 4802 a
1327 4736 1510 4803 nobis
1554 4736 1812 4822 petitur,
1860 4736 2027 4821 quod
2071 4736 2361 4819 religioni
2408 4742 2474 4803 et
2500 4736 2829 4802 honestati
2872 4735 3207 4801 convenire

332 4846 700 4928 dinoscitur,
745 4844 954 4911 animo
1002 4864 1116 4910 nos
1145 4844 1326 4911 decet
1352 4842 1575 4911 libenti
1619 4844 1961 4909 concedere
2007 4848 2071 4908 et
2112 4844 2473 4929 petencium
2502 4841 2831 4910 desideriis
2862 4860 3207 4924 congruum

331 4950 702 5035 suffragium
748 4950 1084 5037 impertiri.
1153 4950 1538 5036 Eapropter,
1593 4950 1805 5018 dilecti
1859 4950 1926 5017 in
1972 4949 2226 5016 domino
2270 4948 2418 5034 filii,
2471 4949 2699 5016 vestris
2753 4948 2939 5015 iustis
2992 4952 3207 5034 postu-
