3892 5609
627 1222 1338 1323 PONTlFlCUM
1426 1220 2186 1323 ROMANORUM
2275 1223 2939 1323 PRlVlLEGlA

1427 1382 2127 1483 GENERALIA.

346 1799 447 1873 29
460 1800 528 1872 5.
569 1803 742 1870 1191
782 1802 957 1887 febr.
991 1802 1036 1869 6
1079 1802 1405 1869 Laterani.
1477 1800 1749 1869 Clemens
1779 1801 1908 1867 III
1921 1803 2214 1887 fratrum
2252 1801 2775 1869 Theutonicorum
2820 1804 3113 1869 ecclesiae
3159 1828 3209 1868 8.

569 1910 826 1975 Mariae
867 1910 1481 1997 Hierosolymitanae
1514 1913 1967 1997 protectionem
2010 1912 2290 1997 suscipit.

568 2050 859 2119 Clemens
907 2051 1236 2139 episcopus
1281 2072 1498 2119 servus
1532 2072 1855 2118 servorum
1887 2051 1989 2118 dei
2020 2051 2263 2118 dilectis
2294 2050 2442 2117 filiis
2482 2050 2781 2117 fratribus
2813 2053 3210 2121 Theotonicis

345 2160 606 2229 ecclesie
673 2164 887 2225 sancte
941 2158 1141 2226 Marie
1192 2158 1690 2226 Ierosolimitane
1757 2158 2025 2225 salutem
2084 2164 2149 2225 et
2215 2158 2623 2245 apostolicam
2693 2159 3208 2228 benedictionem.

341 2268 646 2347 Quotiens
691 2266 1044 2353 postulatur
1089 2287 1127 2333 a
1169 2266 1383 2349 nobis,
1443 2266 1606 2349 quod
1652 2266 1942 2351 religioni
1988 2272 2053 2333 et
2095 2266 2409 2332 honestati
2454 2268 2786 2335 convenire
2844 2269 3209 2353 dinoscitur,

344 2376 559 2442 animo
604 2395 718 2441 nos
749 2374 928 2441 decet
969 2374 1191 2441 libenti
1237 2374 1574 2440 concedere
1604 2377 1668 2439 et
1697 2374 1876 2439 iuxta
1915 2374 2267 2461 petentium
2294 2372 2679 2441 voluntatem
2727 2382 3212 2443 consentaneam

339 2482 578 2549 rationi
610 2480 834 2549 effectu
863 2486 1280 2568 prosequente
1313 2480 1643 2567 complere.
1713 2479 2093 2568 Eapropter,
2136 2480 2349 2547 dilecti
2377 2481 2443 2547 in
2479 2481 2729 2548 domino
2760 2481 2895 2567 filii,
2932 2483 3211 2550 devotio-

341 2609 521 2674 nem,
579 2609 770 2675 quam
825 2608 975 2672 erga
1028 2608 1142 2654 nos
1201 2593 1267 2654 et
1308 2586 1654 2654 Romanam
1713 2588 2039 2655 ecclesiam
2099 2589 2345 2673 geritis,
2408 2589 2829 2674 attendenteS‚
2889 2591 3212 2661 ecclesiam

340 2697 552 2785 ipsam
600 2702 664 2763 et
690 2716 993 2784 personas
1023 2700 1267 2765 vestras
1298 2715 1443 2761 cum
1473 2694 1761 2763 omnibus
1791 2695 1994 2780 boniS,
2043 2717 2162 2782 que
2192 2696 2719 2782 inpresentiarum
2748 2698 3219 2765 racionabiliter

341 2804 681 2891 possidetis
712 2802 811 2871 vel
857 2804 925 2869 in
967 2787 1249 2870 futurum
1294 2803 1478 2869 iustis
1513 2803 1717 2869 modis
1763 2809 2086 2889 prestante
2132 2803 2384 2870 domino
2430 2806 2717 2891 poteritis
2766 2805 3051 2892 adipisci,
3100 2807 3214 2873 sub

341 2912 515 2979 beati
543 2910 716 2978 Petri
762 2915 826 2977 et
869 2916 1088 2977 nostra
1130 2911 1518 2997 protectione
1565 2910 1940 2996 suscipimus
1974 2916 2037 2976 et
2066 2912 2375 2997 presentis
2409 2913 2626 2998 scripti
2662 2913 3012 2999 patrocinio
3045 2934 3214 2979 com-

342 3020 700 3103 munimuS,
748 3022 1126 3101 statuentes,
1181 3024 1252 3085 ut
1294 3018 1454 3084 nulli
1500 3018 1753 3083 omnino
1800 3016 2128 3084 hominum
2183 3018 2279 3084 fas
2336 3018 2421 3085 sit
2477 3040 2777 3106 personas
2824 3025 3067 3087 vestras
3113 3019 3214 3087 vel

300 3126 512 3207 ,bona
555 3132 789 3193 temere
846 3124 1218 3214 perturbare
1264 3146 1374 3191 seu
1417 3125 1582 3191 hanc
1635 3124 1933 3211 paginam
1991 3130 2203 3191 nostre
2260 3127 2668 3212 protectionis
2724 3128 3067 3210 infringere
3113 3127 3213 3193 vel

343 3234 404 3301 ei
452 3253 610 3300 ausu
653 3234 986 3300 temerario
1033 3232 1362 3300 contraire.
1450 3232 1519 3298 Si
1565 3231 1705 3317 quis
1765 3236 1976 3298 autem
2022 3237 2239 3299 contra
2294 3234 2411 3300 hoc
2465 3236 2679 3300 venire
2734 3234 3210 3321 presumpserit,

339 3340 836 3425 indignationem
895 3339 1341 3426 omnipotentis
1389 3339 1489 3405 dei
1535 3344 1599 3407 et
1654 3338 1978 3406 beatorum
2025 3338 2201 3406 Petri
2246 3345 2309 3407 et
2351 3339 2534 3407 Pauli
2594 3342 3021 3427 apostolorum
3077 3342 3211 3408 eius

341 3469 414 3517 se
455 3450 705 3515 noverit
746 3450 1164 3517 incursurum.
1246 3447 1482 3514 Datum
1526 3445 1826 3513 Laterani
1871 3448 1981 3513 viii
2028 3446 2170 3515 idus
2214 3448 2515 3515 februarii
2559 3447 2961 3535 pontificatus
3010 3448 3211 3515 nostri

339 3577 509 3625 anno
553 3561 796 3642 quarto,

555 3679 597 3743 1,
623 3679 710 3741 59,
749 3678 961 3745 primum
984 3680 1116 3730 inter
1142 3677 1346 3744 papalia
1370 3678 1629 3743 generalia
1651 3678 1702 3728 in
1728 3685 1833 3729 toto
1859 3678 2031 3730 codice
2054 3677 2114 3731 Β.
2169 3676 2362 3729 Titulus
2387 3678 2707 3730 rubricatoris
2734 3688 2903 3731 sonat:
2946 3678 3207 3744 „Clemens

337 3786 480 3837 papa
514 3768 774 3819 confirmat
810 3768 1006 3821 domui“
1049 3766 1152 3833 (hic
1185 3768 1392 3819 verbum
1427 3775 1508 3819 est
1543 3767 1871 3833 abstersum),
1927 3785 2020 3831 „ea
2055 3784 2151 3833 que
2188 3768 2431 3819 habemus
2479 3775 2531 3817 et
2574 3768 2793 3817 habituri
2831 3786 2997 3819 sumus
3036 3776 3089 3818 et
3123 3784 3205 3819 re-

339 3860 466 3925 cipit
501 3858 719 3920 domum,
754 3857 935 3911 fratres
973 3865 1027 3908 et
1059 3856 1192 3908 bona
1229 3856 1404 3907 domus
1439 3857 1492 3907 in
1529 3872 1622 3907 sua
1657 3855 2020 3922 protectione“.
2086 3856 2219 3907 Jaffe
2257 3856 2485 3921 Regesta
2519 3856 2817 3907 Pontificum
2852 3856 3205 3909 Romanorum.

337 3946 566 4000 Berolini
594 3946 746 3999 1851.
783 3962 833 3998 n.
863 3944 1067 4007 10,290.
1124 3944 1398 4011 originale,
1434 3944 1688 4011 quondam
1721 3945 1772 3995 in
1810 3945 2012 3996 archivo
2049 3946 2237 3997 ordinis
2273 3944 2571 3996 'theutonici
2607 3953 2915 3996 asservatum
2952 3948 3057 3997 eive
3094 3956 3209 4012 post

337 4037 724 4089 'rhemensem
757 4052 936 4101 pacem
972 4053 1018 4087 a.
1049 4034 1208 4096 1466,
1256 4034 1362 4085 sive
1407 4041 1524 4100 post
1559 4033 1908 4085 Orneoviensia
1941 4042 2092 4100 pacta
2128 4052 2173 4085 a.
2206 4034 2340 4085 1525
2378 4050 2489 4085 cum
2523 4033 2747 4100 plurimis
2786 4034 2895 4086 aliis
2934 4035 3207 4101 privilegiis

335 4126 584 4179 Poloniae
620 4125 729 4190 regi
764 4124 1080 4187 extraditum,
1115 4124 1168 4175 in
1203 4124 1348 4189 regni
1382 4122 1528 4174 huius
1567 4122 1765 4174 archivo
1803 4122 1888 4173 diu
1923 4122 2086 4185 latuit,
2110 4123 2211 4175 nbi
2229 4124 2361 4174 inter
2384 4122 2619 4175 Prussiae
2645 4122 2929 4190 diplomatis
2966 4133 3077 4175 erat
3110 4142 3203 4176 an-

337 4215 688 4283 tiquissimum.
746 4214 935 4265 Citatur
959 4214 1037 4263 in:
1079 4213 1394 4277 „Inventario
1419 4212 1637 4263 omnium
1672 4220 1726 4263 et
1759 4211 2069 4278 singulorum
2105 4212 2493 4278 privilegiorum,
2530 4211 2824 4273 litterarum,
2862 4213 3205 4280 diplomatum,

337 4305 699 4371 scripturarum
735 4310 788 4353 et
820 4308 1268 4363 monumentorum,
1307 4318 1630 4367 quaecunque
1665 4301 1716 4352 in
1742 4300 1941 4353 archivo
1966 4302 2111 4367 regni
2146 4302 2197 4351 in
2224 4318 2338 4353 arce
2366 4300 2679 4353 cracoviensi
2704 4302 3043 4363 continentum
3081 4320 3202 4355 con-

335 4396 474 4446 fecto
512 4392 664 4444 1682.
722 4391 953 4442 Lutetiae
988 4390 1309 4453 Parisiorum,
1329 4390 1568 4443 'Berolini
1604 4399 1656 4441 et
1690 4390 1975 4441 Posnaniae
2016 4390 2203 4441 1862“.
2250 4390 2298 4441 8.
2347 4407 2399 4456 p.
2423 4390 2485 4441 61
2530 4408 2639 4441 cum
2675 4398 2820 4443 nota:
2865 4390 3027 4455 „Data
3063 4402 3201 4444 atra.-

336 4492 511 4535 mento
556 4480 788 4543 inducta,
833 4480 908 4531 ita
951 4488 1010 4531 ut
1056 4480 1262 4546 agnosci
1307 4497 1408 4530 non
1453 4481 1671 4546 possit“.
1734 4479 1946 4531 Polonia
1981 4478 2254 4530 dilacerata
2289 4478 2579 4532 Berolinum
2614 4480 2835 4531 delatum
2871 4498 3029 4546 usque
3070 4481 3203 4533 1865

337 4572 462 4625 anni
493 4570 667 4622 iulium
701 4584 925 4621 mensem
961 4570 1012 4620 in
1049 4569 1250 4622 archivo
1287 4569 1544 4621 secretiori
1577 4570 1718 4635 regio
1754 4568 1824 4620 ibi
1859 4569 1971 4631 fuit,
2016 4585 2113 4634 quo
2148 4576 2375 4635 tempore
2410 4568 2778 4636 Regimontano
2816 4568 3015 4621 archivo
3051 4572 3199 4623 resti-

333 4668 502 4713 tutum
537 4668 634 4711 est.
675 4690 736 4696 --
775 4659 852 4709 Ex
890 4658 1144 4724 originalis
1183 4676 1297 4711 meo
1335 4658 1627 4727 apographo
1675 4656 1834 4709 edidit
1867 4658 1932 4709 R.
1969 4657 2096 4708 liber
2130 4658 2254 4709 baro
2291 4658 2357 4709 de
2392 4658 2527 4709 Tou:
2570 4660 2707 4723 „Zur
2746 4658 3075 4726 chronologia
3113 4661 3203 4712 der

337 4749 632 4815 Grfindung
667 4747 756 4799 des
793 4747 1144 4799 Ritterordens
1182 4764 1294 4799 vom
1329 4747 1404 4799 St.
1430 4746 1878 4814 Marienhospitale
1914 4748 2005 4797 des
2040 4746 2239 4797 Hauses
2278 4747 2368 4798 der
2398 4747 2687 4798 Deutschen
2726 4748 2773 4797 in
2799 4748 3109 4799 Jerusalem
3150 4750 3201 4799 in

333 4836 730 4903 Mittheilungen
768 4854 857 4888 aus
884 4837 999 4887 dem
1024 4836 1239 4888 Gebiete
1270 4836 1361 4887 der
1386 4836 1690 4889 Geschichte
1708 4836 1847 4900 Liv-,
1885 4837 2041 4888 Esth-
2080 4836 2183 4887 und
2206 4836 2479 4887 Kurlands.
2532 4838 2665 4903 Riga
2694 4837 2843 4888 1865.
2882 4854 2931 4903 p.
2957 4837 3071 4888 118.
3126 4838 3203 4889 Ex

333 4934 645 4979 transeunte
682 4924 730 4976 d.
758 4926 806 4977 d.
837 4925 969 4977 1441
1010 4926 1120 4977 dec.
1145 4924 1216 4976 22
1249 4942 1342 4991 per
1368 4926 1642 4992 caeparum
1667 4926 1818 4989 Link,
1853 4926 2297 4978 Pomesaniensem
2334 4927 2638 4993 episcopum,
2674 4934 2900 4992 tempore
2938 4934 3055 4976 ante
3089 4943 3199 4977 ma-

335 5016 505 5069 culam
539 5013 676 5067 illam
714 5023 1008 5083 conceptam
1043 5014 1178 5067 facto
1213 5014 1296 5067 ed.
1321 5016 1381 5067 E.
1406 5015 1616 5082 Hennig
1649 5016 1717 5068 ad
1739 5016 1908 5067 Lucae
1931 5016 2139 5067 Davidis
2174 5014 2491 5067 Preufsische
2518 5016 2738 5067 Chronik
2759 5014 2831 5067 lv
2862 5015 3087 5067 Vorrede
3112 5016 3201 5070 IV.
