3892 5609
1409 376 1796 424 rmvmnmA
1843 377 2231 426 Gnunnama
3086 365 3237 434 447

393 554 548 618 qnos
607 533 965 600 huiusmodi
1023 536 1374 602 executioni
1430 540 1494 603 et
1547 535 1959 622 publicationi
2012 536 2316 602 interesse
2370 535 2786 618 contingeret,
2850 534 3042 600 nullis
3096 555 3241 622 pro-

392 644 609 726 pterea
653 642 833 728 penis
881 647 944 708 et
988 642 1314 708 sententiis
1359 662 1546 728 posse
1587 643 1889 728 laqueari,
1939 662 2013 709 ac
2055 643 2301 709 irritum
2354 647 2417 708 et
2460 643 2677 724 inane,
2734 641 2788 708 si
2832 661 3010 707 secus
3054 661 3245 728 snper

392 746 490 812 his
537 767 576 812 a
619 768 930 834 quoquam
979 749 1198 834 quavis
1243 750 1614 816 auctoritate
1659 751 1926 816 scienter
1972 749 2072 817 vel
2114 750 2476 833 ignoranter
2508 749 2893 831 contingeret
2924 747 3237 814 attentari.

389 851 762 920 Mandamus
793 856 981 922 etiam
1015 857 1466 941 executoribus,
1513 855 2075 938 conservatoribus,
2125 855 2451 939 iudicibuS,
2496 854 2918 938 subdelegatis
2948 860 3013 920 et
3042 854 3240 920 tabel—

389 959 682 1044 lionibuS,
727 963 989 1028 notariis
1036 969 1100 1030 et
1140 965 1425 1044 testibus,
1462 983 1702 1031 necnon
1750 964 1890 1044 aliis
1936 963 2177 1030 clericis
2222 963 2544 1030 civitatum
2594 970 2656 1029 et
2701 961 3035 1028 diocesium
3086 981 3239 1046 qua-

389 1087 807 1152 rumcunque,
853 1069 1100 1135 etiamsi
1145 1073 1420 1158 exempti
1468 1076 1708 1154 essent,
1755 1091 1944 1156 super
1990 1071 2107 1136 hoc
2151 1091 2265 1156 pro
2311 1078 2491 1156 parte
2537 1076 2747 1136 vestra
2792 1089 2905 1155 pro
2952 1075 3234 1154 tempore

389 1176 782 1260 requirendis
827 1176 943 1242 sub
969 1178 1648 1256 ,excommunicationis
1695 1197 1886 1264 pena,
1935 1197 2120 1262 quam
2139 1227 2158 1261 ,
2220 1177 2274 1242 si
2320 1197 2496 1244 secus
2542 1178 2849 1259 facerent,
2895 1175 3098 1262 ipsam
3143 1175 3239 1241 in-

390 1301 642 1350 currere
685 1282 972 1350 volumus
1015 1284 1156 1370 ipso
1199 1285 1396 1369 facto,
1453 1286 1744 1370 quatinus
1791 1284 1870 1350 ad
1915 1284 2397 1370 publicationem
2447 1289 2513 1351 et
2556 1282 2981 1352 executionem
3026 1281 3240 1346 huius-

389 1389 562 1455 modi
609 1389 939 1474 diligenter
983 1397 1046 1457 et
1089 1390 1296 1458 debite
1340 1392 1748 1478 procederent
1793 1411 1864 1458 ac
1911 1391 2101 1458 etiam
2148 1391 2465 1478 personis,
2525 1411 2679 1476 quas
2728 1390 2908 1456 litere
2954 1393 3018 1455 et
3060 1409 3239 1454 man·

389 1495 540 1562 data
583 1497 925 1582 apostolica
954 1519 992 1563 a
1019 1496 1200 1564 nobis
1228 1499 1570 1585 impetrata
1597 1519 1709 1564 seu
1736 1499 2135 1585 impetranda
2164 1504 2625 1582 concernerent,
2672 1503 2746 1564 ut
2785 1497 2875 1563 eis
2920 1495 3239 1562 humiliter

389 1601 716 1671 obedirent
759 1610 823 1670 et
865 1605 1287 1688 intenderent,
1333 1609 1520 1690 prout
1565 1605 1718 1672 alias
1765 1611 2123 1672 tenerentur
2169 1612 2232 1672 et
2275 1605 2589 1673 deberent.
2689 1599 2812 1670 Et⁰
2857 1603 3112 1687 deinde,
3168 1608 3241 1669 ut

389 1709 652 1794 quilibet
693 1731 772 1778 ex
819 1710 994 1778 vobis
1036 1712 1102 1776 in
1149 1712 1496 1778 sacerdotio
1541 1713 1915 1778 constitutus
1968 1713 2034 1778 in
2090 1713 2351 1800 capellis
2404 1718 2467 1779 et
2522 1711 2801 1778 ecclesiis
2861 1711 3048 1776 etiam
3111 1730 3235 1776 non

390 1816 852 1903 parochialibus
899 1819 978 1884 ad
1025 1839 1134 1886 vos
1182 1825 1245 1886 et
1287 1825 1527 1886 vestras
1574 1819 1790 1886 domos
1838 1821 2294 1906 pertinentibus
2344 1819 2598 1886 verbum
2633 1818 2753 1902 dei,
2804 1818 3089 1903 quotiens
3120 1817 3237 1883 hoc

389 1929 666 1990 vestrum
715 1925 900 1992 alicui
947 1926 1240 2013 placeret,
1289 1927 1536 2014 publice
1583 1927 1660 1992 ad
1710 1927 2007 2013 populum
2054 1927 2379 2013 predicare
2409 1947 2520 1992 seu
2550 1947 2664 2012 per
2694 1925 2849 1991 alios
2882 1924 3236 1992 sacerdotes

389 2030 595 2098 facere
641 2032 982 2118 predicari,
1043 2033 1302 2100 alicuius
1347 2033 1602 2100 licentia
1645 2055 1833 2120 super
1879 2034 1995 2100 boc
2040 2035 2300 2100 minime
2342 2033 2675 2119 requisita,
2720 2031 2914 2098 libere
2962 2037 3025 2100 et
3068 2031 3239 2098 licite

390 2139 680 2224 possetis,
712 2139 888 2206 vobis
920 2141 1202 2226 predicta
1231 2141 1600 2208 auctoritate
1631 2142 1922 2207 duximus
1955 2140 2421 2225 indulgendum.
2490 2141 2577 2208 Et
2604 2139 3007 2206 nihilominus
3037 2139 3239 2206 omni-

389 2244 526 2330 bus,
573 2251 645 2311 ut
689 2248 1094 2332 premittitur,
1141 2248 1565 2334 penitentibus
1613 2254 1676 2316 et
1721 2249 2041 2333 confessis,
2090 2249 2197 2334 qui
2242 2247 2596 2314 huiusmodi
2642 2247 3097 2332 predicationes
3130 2246 3239 2312 de·

388 2357 532 2418 vote
577 2354 886 2438 audirent,
933 2355 1194 2438 singulis
1240 2355 1529 2423 videlicet
1574 2355 1832 2440 vicibus,
1879 2356 2105 2440 quibus
2150 2354 2505 2422 huiusmodi
2554 2353 3011 2440 predicationes
3059 2353 3237 2420 audi—

387 2466 548 2542 rent,
594 2465 666 2526 ut
708 2461 1040 2547 prefertur,
1087 2483 1276 2528 unum
1325 2483 1558 2529 annum
1605 2469 1668 2530 et
1711 2485 1899 2530 unam
1947 2464 2411 2548 quadragenam
2464 2461 2543 2527 de
2587 2461 2881 2526 iniunctis
2926 2461 3015 2526 eis
3061 2461 3238 2546 peni—

387 2567 609 2634 tenciis
638 2568 1123 2642 misericorditer
1145 2568 1520 2654 relaxamus,
1555 2570 1772 2637 eadem
1796 2571 2167 2637 auctoritate
2190 2568 2531 2636 districtius
2556 2568 2906 2636 inhibentes
2928 2567 3237 2634 universis

387 2678 454 2740 ct
497 2673 779 2758 singuliS,
825 2695 904 2741 ne
948 2697 1060 2742 vos
1105 2677 1169 2742 in
1216 2677 1572 2744 huiusmodi
1617 2677 2146 2762 predicationibus
2194 2676 2656 2762 quomodolibet
2707 2675 3085 2762 impedirent
3130 2682 3241 2741 aut

387 2779 622 2848 Christi
665 2781 878 2850 fideles
925 2782 1002 2848 ab
1048 2783 1404 2849 huiusmodi
1447 2784 1977 2870 predicationibus
2022 2783 2415 2850 retraherent
2458 2804 2702 2869 quoquo
2739 2783 2941 2849 modo.
3010 2782 3097 2848 Et
3138 2782 3238 2848 in·

387 2907 578 2974 super
623 2893 796 2955 motu
841 2891 1118 2976 proprio,
1165 2911 1290 2957 non
1337 2891 1418 2958 ad
1463 2896 1732 2957 vestram
1782 2891 1882 2957 vel
1927 2891 2189 2956 alicuius
2232 2891 2492 2958 alterius
2537 2911 2653 2986 pro
2696 2891 2869 2958 vobis
2902 2910 3091 2976 super
3121 2889 3237 2956 hoc

385 2995 567 3062 nobis
613 2996 816 3063 oblate
847 2997 1166 3082 petitionis
1197 2998 1584 3082 instantiam,
1633 2999 1741 3064 sed
1778 2998 1854 3064 de
1885 3004 2102 3068 nostra
2134 3019 2307 3064 mera
2335 2996 2729 3080 liberalitate,
2776 2996 2993 3086 eadem
3024 3001 3238 3062 aucto·

387 3102 574 3168 ritate
620 3103 1133 3188 irrefragabiliter
1175 3107 1512 3172 statuimus
1544 3111 1608 3172 et
1635 3107 1820 3172 etiam
1855 3105 2239 3187 ordinamuS,
2273 3105 2437 3190 quod
2466 3105 2545 3170 de
2575 3110 2779 3170 cetero
2811 3103 2987 3188 nulli,
3030 3103 3237 3170 cuius-

387 3229 633 3296 cunque
679 3216 898 3295 status,
944 3212 1176 3295 gradus
1207 3219 1316 3278 aut
1343 3213 1717 3278 conditionis
1749 3217 1934 3295 essct,
1963 3211 2183 3279 liceret
2212 3211 2327 3278 sub
2358 3212 3019 3278 excommunicationis
3050 3229 3233 3297 pena,

389 3337 574 3402 quam
623 3324 767 3404 post
811 3318 1295 3385 insinuationem
1341 3320 1722 3406 presentium
1772 3320 1830 3386 ei
1872 3320 2137 3402 factam,
2200 3319 2255 3384 si
2300 3339 2427 3384 non
2472 3319 2829 3401 desisteret,
2888 3320 3236 3384 incurreret

385 3423 526 3510 ipso
571 3425 756 3509 facto,
804 3424 1094 3491 ecclesias
1142 3427 1328 3493 etiam
1379 3427 1798 3513 parochiales,
1845 3427 2149 3514 capellas,
2198 3426 2423 3493 altaria
2471 3433 2579 3492 aut
2624 3426 2749 3492 alia
2792 3425 3093 3493 beneficia
3137 3445 3235 3492 ec-

385 3531 737 3599 clesiastica
779 3537 920 3599 cu'm
967 3553 1117 3599 cura
1160 3533 1260 3600 vel
1306 3535 1439 3599 sinc
1486 3554 1636 3600 cura
1680 3534 1856 3600 vobis
1904 3540 2012 3600 aut
2057 3533 2355 3620 hospitali
2400 3554 2509 3599 neu
2556 3532 2741 3599 alicui
2788 3532 2887 3600 vel
2923 3532 3235 3619 aliquibus

387 3658 463 3706 ex
512 3638 798 3706 domibus
843 3639 1116 3707 eiusdem
1163 3641 1511 3728 hospitalis,
1561 3641 1930 3726 ubicumque
1976 3640 2341 3708 consistenti
2386 3661 2495 3707 scu
2540 3639 3021 3706 consistentibus
3069 3641 3238 3707 dicta

387 3745 730 3832 apostolica
771 3746 873 3814 vel
922 3747 1048 3813 alia
1091 3744 1344 3832 quavis⁷
1390 3748 1758 3815 auctoritate
1803 3749 2233 3834 incorporata,
2294 3768 2331 3813 a
2386 3746 2532 3813 sede
2587 3747 2869 3833 predicta
2923 3747 3023 3813 vel
3078 3746 3234 3814 alias

387 3851 635 3919 aliunde
664 3853 1022 3941 impetrare,
1069 3855 1166 3921 vel
1214 3876 1290 3921 ea
1321 3856 1536 3940 quovis
1569 3857 1808 3941 quesito
1841 3854 2046 3921 colore
2087 3860 2299 3941 petere
2342 3853 2443 3920 vel
2482 3875 2671 3940 super
2706 3855 2863 3940 ipsis
2893 3875 3005 3920 vos
3034 3855 3233 3942 impe-

389 3958 526 4026 dire
573 3979 684 4026 seu
729 3961 1194 4046 quomodolibet
1221 3962 1573 4046 molestare,
1620 3968 1808 4050 prout
1837 3963 1900 4027 in
1931 3961 2195 4028 diversis
2224 3962 2455 4028 nostris
2484 3961 2631 4028 inde
2658 3961 2957 4028 confectis
2986 3961 3234 4047 litteris,

386 4088 652 4154 quarum
711 4073 960 4136 tenores
1018 4069 1174 4136 alias
1228 4069 1622 4156 presentibus
1678 4070 1895 4136 haberi
1949 4069 2236 4135 volumus
2292 4091 2403 4156 pro
2466 4067 2843 4136 sufficienter
2898 4070 3233 4155 expressis,

384 4173 1048 4261 plenius.continetur.
1129 4177 1282 4244 Cum
1333 4184 1576 4261 autem,
1640 4179 1802 4243 sicut
1845 4177 2127 4243 exhibita
2172 4177 2350 4243 nobis
2396 4198 2597 4264 nuper
2641 4197 2755 4263 pro
2802 4183 2981 4264 parte
3026 4182 3235 4243 vestra

382 4283 604 4369 petitio
659 4284 1046 4368 continebat,
1106 4305 1145 4350 a
1201 4285 1516 4352 nonnullis
1570 4285 1864 4358 vertitur,
1891 4285 1958 4350 in
2013 4283 2271 4350 dubium
2327 4283 2543 4350 literas
2596 4284 2767 4371 ipsas
2813 4289 2877 4349 et
2920 4281 3046 4348 alia
3088 4282 3235 4349 inde

383 4396 598 4458 secuta
639 4392 707 4457 in
751 4391 1062 4477 aliquibus
1093 4391 1189 4458 sui
1220 4391 1508 4478 partibus
1537 4391 1776 4457 iuribus
1808 4411 1931 4457 non
1974 4389 2335 4474 subsistere,
2381 4410 2616 4476 vosque
2644 4409 2829 4477 posse
2860 4409 3051 4476 super
3076 4389 3233 4476 ipsis

381 4497 450 4564 in
494 4503 814 4584 posterum
859 4497 1199 4583 molestari,
1245 4519 1361 4584 pro
1407 4504 1588 4584 parte
1629 4502 1842 4564 vestra
1884 4496 2065 4563 nobis
2110 4498 2231 4564 fuit
2274 4497 2728 4585 supplicatum,
2775 4501 2847 4562 ut
2890 4496 3127 4563 eisdem
3172 4503 3235 4564 et

381 4604 528 4671 inde
573 4606 802 4672 secutis
848 4605 1186 4692 apostolice
1230 4603 1718 4672 confirmationis
1764 4604 1957 4671 robur
2011 4604 2279 4671 adiicere
2338 4609 2403 4670 et
2456 4604 2612 4671 alias
2670 4603 2847 4671 vobis
2904 4603 3233 4690 providere

381 4731 572 4800 snper
616 4713 734 4779 hoc
779 4712 856 4779 de
899 4711 1284 4796 benignitate
1331 4712 1676 4799 apostolica
1706 4712 2139 4796 dignaremnr3
2186 4733 2301 4778 nos
2332 4711 2525 4796 igitur
2554 4711 2779 4778 vestris
2812 4711 2877 4777 in
2907 4711 3025 4778 hac
3054 4715 3231 4796 parte

381 4819 944 4906 supplicationibus
988 4819 1274 4887 inclinati
1318 4820 1595 4905 prefatas
1640 4820 1856 4886 literas
1903 4826 1968 4886 et
2013 4839 2377 4904 quecunque
2420 4819 2565 4885 inde
2610 4825 2827 4885 secuta
2880 4825 2946 4884 et
3003 4838 3121 4903 que
3166 4819 3233 4884 in

379 4926 662 4994 futurum
707 4925 972 5012 proinde
1015 4927 1191 5013 sequi
1236 4932 1534 5013 poterunt
1575 4932 1714 4994 rata
1741 4926 2042 4994 habentes
2078 4931 2143 4994 et
2170 4931 2355 5011 grata
2382 4947 2457 4995 ea
2487 4926 2858 4994 auctoritate
2889 4924 3235 5012 apostolica

380 5039 446 5101 et
489 5037 662 5102 certa
705 5033 968 5101 scientia
1009 5037 1228 5101 tenore
1269 5033 1656 5120 presentium
1703 5033 2145 5101 confirmamus
2190 5039 2253 5102 et
2293 5034 2605 5121 presentis
2634 5033 2854 5120 scripti
2884 5033 3231 5120 patrocinio
