3892 5609
1262 349 1533 398 arnum.
1604 347 1819 398 nom.
1888 349 2190 399 rumen
3008 340 3155 410 147

288 505 631 574 irruerunt.
714 497 1149 574 concedimus·
1181 507 1469 594 predicta
1512 515 1577 575 et
1632 507 2076 576 confirmamus
2137 508 2338 575 eidem
2395 526 2570 576 sacre
2625 509 2838 575 domui
2894 509 2962 574 in
3017 529 3159 595 per·
3221 580 3229 597 ,

287 617 553 698 petuum
607 633 752 680 cum
806 633 1113 680 consensu
1166 619 1233 680 et
1285 615 1607 682 voluntate
1665 616 1947 701 predicte
2003 616 2311 682 consortis
2365 621 2578 682 nostre
2633 635 2669 681 0
2731 621 2796 682 et
2851 617 3161 701 quinqua-

286 718 469 802 ginta
494 721 713 787 uncias
744 739 1077 786 aureorum
1107 719 1415 787 bonorum
1443 722 1807 789 tarenorum
1848 722 2090 789 scilicet
2133 723 2214 788 ad
2253 719 2500 808 pondus
2528 717 2780 788 Baroli⁹
2815 723 2892 790 de
2934 723 3158 807 primis

287 826 699 912 proventibus
744 826 915 910 sicle,
962 826 1166 893 duane
1198 827 1276 894 'et
1320 828 1587 895 aliorum
1632 829 1995 916 reddituum
2026 829 2300 896 civitatis
2345 833 2562 896 nostre
2590 828 2928 896 Brundusii
2977 829 3158 895 annis

286 931 555 1018 singulis
599 933 1069 1021 percipiendas,
1131 954 1287 1019 quas
1331 936 1549 1001 uncias
1596 935 1799 1002 eidem
1846 935 2147 1023 hospitali
2205 936 2625 1002 concessimus
2673 955 2802 1021 pro
2834 935 3158 1002 excambio

286 1038 613 1106 cuiusdam
660 1041 1008 1124 tenimenti,
1055 1040 1224 1125 quod
1269 1040 1348 1107 ab
1394 1042 1613 1108 eodem
1658 1041 1958 1128 hospitali
1993 1043 2060 1106 in
2093 1041 2434 1120 Alamania
2475 1042 2850 1129 recepimus,
2897 1043 3061 1110 sicut
3090 1043 3159 1108 in

286 1145 413 1212 alio
458 1145 788 1232 privilegio
836 1145 1226 1214 celsitudinis
1271 1153 1486 1215 nostre
1517 1143 1722 1216 eidem
1766 1149 2067 1236 hospitali
2111 1148 2260 1215 inde
2290 1149 2456 1215 facto
2502 1147 2751 1235 plenius
2781 1149 3154 1216 continetur.

284 1251 578 1337 Denique
623 1255 1023 1321 concedimus
1069 1259 1133 1320 et
1176 1254 1617 1322 confirmamus
1663 1256 1868 1322 eidem
1913 1255 2213 1342 hospitali
2269 1260 2334 1322 et
2377 1255 2678 1322 fratribus
2725 1256 2856 1321 suis
2901 1257 2967 1322 in
3013 1275 3159 1342 per-

284 1365 551 1444 petuum
596 1381 813 1427 omnes
868 1361 1194 1429 libertates
1239 1366 1304 1428 et
1356 1363 1788 1430 immunitates
1841 1382 1958 1449 per
2012 1361 2345 1448 privilegia
2400 1363 2687 1429 divorum
2749 1368 3157 1448 augustorum

283 1471 623 1552 parentum
688 1473 1047 1536 nostrorum
1096 1473 1161 1536 et
1212 1476 1432 1536 nostra
1490 1470 1693 1536 eidem
1760 1488 2120 1552 concessas,
2191 1474 2254 1535 et
2309 1474 2383 1535 ut
2448 1468 2808 1556 specialiter
2852 1468 2930 1535 ab
2987 1469 3158 1535 omni

282 1571 643 1659 plateatico,
674 1575 1064 1661 -portulagiO,
1110 1575 1438 1663 palangio‚
1492 1575 1772 1642 tholonio
1818 1581 1881 1642 et
1926 1576 2005 1642 ab
2053 1575 2223 1641 omni
2270 1577 2596 1642 exactione
2643 1581 2707 1642 et
2750 1576 3157 1661 requisitione

282 1679 621 1748 cuiuslibet
672 1681 829 1764 iuris
899 1682 1244 1749 doanorum
1302 1687 1366 1749 et
1430 1689 1727 1769 portuum
1786 1703 1929 1749 cum
2001 1681 2289 1749 omnibus
2349 1681 2530 1749 bonis
2591 1683 2722 1749 suis
2777 1703 2895 1770 per
2951 1688 3156 1749 totum

280 1807 549 1870 regnum
601 1793 889 1855 nostrum
934 1789 1004 1855 in
1048 1789 1209 1854 mari
1256 1793 1321 1856 et
1362 1790 1430 1856 in
1475 1794 1645 1856 terra
1690 1790 1821 1856 sint
1874 1796 2182 1877 perpetuo
2227 1789 2412 1856 liberi
2457 1795 2522 1856 et
2575 1790 2919 1873 immunes,
2979 1793 3044 1856 et
3081 1793 3159 1856 ut

282 1894 363 1962 de
408 1896 703 1980 passagio
731 1894 883 1962 Fari
928 1917 967 1962 a
998 1894 1213 1962 Sicilia
1256 1896 1325 1962 in
1356 1895 1714 1964 Calabriam
1762 1901 1826 1964 et
1856 1918 1895 1964 a
1924 1895 2220 1963 Calabria
2255 1897 2325 1962 in
2357 1895 2638 1962 Siciliam
2676 1916 2818 1962 cum
2865 1896 3155 1963 omnibus

280 2001 472 2068 rebus
519 2004 649 2068 suis
696 2003 825 2068 sint
868 2002 1157 2068 similiter
1199 2009 1505 2090 perpetuo
1554 2004 1841 2071 absoluti.
1926 2003 2299 2070 Mandamus
2343 2003 2538 2086 igitur
2583 2003 2956 2070 auctoritate
3010 2021 3154 2089 pre-

280 2109 483 2175 sentis
528 2109 845 2196 privilegii
888 2109 1155 2176 firmiter
1201 2113 1568 2195 statuentes,
1620 2132 1700 2178 ne
1747 2110 1877 2176 ulla
1920 2129 2198 2194 unquam
2243 2128 2516 2195 persona
2561 2107 2691 2175 alta
2735 2109 2833 2175 vel
2877 2109 3154 2194 humilis,

282 2215 711 2283 ecclesiastica
754 2215 856 2284 vel
910 2215 1244 2301 secularis,
1312 2217 1623 2303 prefatam
1680 2237 1925 2284 sacram
1985 2218 2238 2283 domum
2257 2265 2276 2298 ‚
2345 2216 2572 2282 fratres
2619 2220 2682 2282 et
2735 2217 2946 2284 omnia
2990 2217 3157 2283 bona

280 2343 403 2388 sua
444 2343 635 2411 super
676 2324 977 2411 predictis
1025 2325 1315 2390 omnibus
1358 2324 1695 2391 molestare
1740 2327 2066 2410 presumat
2109 2321 2211 2389 vel
2253 2323 2400 2388 huic
2444 2324 2864 2390 concessionis
2911 2328 2974 2390 et
3006 2343 3154 2388 con-

278 2427 657 2496 firmationis
702 2435 913 2502 nostre
958 2431 1189 2518 pagine
1236 2451 1391 2497 ausu
1440 2432 1775 2498 temerario
1822 2431 2108 2511 obviare3
2169 2429 2335 2515 quod
2381 2430 2489 2514 qui
2535 2432 3010 2518 presumpserit,
3055 2430 3154 2496 in-

280 2536 711 2620 dignationem
756 2533 1011 2604 nostri²⁰
1056 2537 1349 2604 culminis
1395 2541 1459 2603 et
1502 2558 1733 2625 penam
1789 2538 2200 2605 ducentarum
2256 2537 2560 2603 librarum
2609 2537 2742 2603 auri
2791 2557 2860 2603 se
2905 2537 3154 2603 noverit

276 2644 703 2728 incursurum,
750 2645 1155 2711 medietatem
1200 2663 1447 2711 camere
1490 2651 1705 2712 nostre
1737 2649 1801 2711 et
1828 2645 2139 2730 reliquam
2183 2643 2586 2710 medietatem
2618 2644 2825 2730 passis
2855 2645 3151 2710 iniuriam

277 2749 717 2837 persolvendo.
798 2752 903 2817 Ad
955 2752 1141 2818 huius
1204 2757 1416 2818 autem
1483 2752 1901 2819 concessionis
1919 2801 1938 2834 ,
2009 2749 2500 2817 confirmationis
2558 2756 2623 2816 et
2687 2750 3152 2818 constitutionis

276 2863 497 2924 nostre
540 2859 911 2925 memoriam
957 2864 1023 2926 et
1063 2858 1256 2925 robur
1300 2863 1602 2944 perpetuo
1650 2859 1988 2925 valiturum
2033 2877 2292 2944 presens
2337 2857 2738 2944 privilegium
2769 2877 2884 2944 per
2927 2877 3153 2923 manus

278 2963 579 3032 Iohannis
624 2966 703 3032 de
730 2964 941 3031 Lauro
986 2965 1218 3032 notarii
1264 2969 1328 3031 et
1371 2965 1573 3032 fidelis
1617 2967 1819 3032 nostri
1866 2964 2060 3032 scribi
2104 2970 2168 3032 et
2212 2963 2384 3030 bulla
2432 2985 2623 3030 aurea
2657 2965 2906 3051 typario
2938 2968 3153 3031 nostre

276 3071 631 3140 maiestatis
677 3072 989 3159 impressa
1018 3072 1312 3138 duximus
1343 3072 1737 3156 communiri,
1785 3093 1972 3156 anne,
2019 3091 2234 3138 mense
2281 3075 2345 3137 et
2385 3071 2727 3138 indictione
2758 3071 3148 3158 subscriptis.

275 3175 517 3244 Datum
542 3177 797 3245 Tarenti
830 3199 993 3245 anno
1018 3177 1329 3246 dominice
1358 3179 1808 3245 incarnationis
1854 3189 1945 3245 m⁰
1977 3190 2072 3246 00ο
2102 3188 2215 3244 xx⁰
2244 3179 2294 3244 i⁰
2325 3198 2540 3245 mense
2567 3177 2785 3264 aprilis
2809 3179 3153 3245 indictione

277 3285 371 3349 ix·
411 3285 667 3370 imperii
711 3285 950 3351 domini
993 3287 1196 3352 nostri
1238 3285 1559 3353 Frederici
1604 3285 1705 3351 dei
1757 3285 1971 3369 gracia
2023 3285 2424 3351 invictissimi
2467 3283 2895 3351 Romanorum
2950 3285 3152 3370 impe-

274 3391 511 3458 ratoris
556 3410 805 3477 semper
857 3394 1107 3476 augusti
1152 3398 1217 3459 et
1258 3392 1425 3476 regis
1474 3391 1687 3459 Sicilie
1732 3411 1896 3458 anno
1942 3392 2170 3480 primi,
2230 3392 2408 3476 regni
2453 3411 2603 3458 vero
2651 3389 2865 3457 Sicilie
2909 3399 3022 3456 xx⁰
3051 3390 3150 3456 iii⁰

275 3497 566 3564 feliciter.
635 3497 863 3565 Amen.

493 3638 535 3699 Ι,
573 3637 703 3690 42v.
738 3657 789 3690 n.
816 3638 902 3690 94.
1031 3640 1077 3691 1.
1116 3638 1362 3706 ap'pliant
1384 3638 1445 3690 B.
1561 3638 1613 3689 2.
1651 3638 1850 3706 placere
1875 3637 1935 3690 Β.
2054 3639 2104 3690 3.
2141 3638 2248 3688 eius
2273 3637 2335 3689 B.
2368 3687 2388 3708 ,
2441 3638 2494 3688 4.
2532 3654 2663 3688 auuo
2688 3653 2801 3687 meo
2825 3635 2886 3686 Β.
2995 3636 3046 3687 5.
3083 3635 3147 3686 li-

276 3726 477 3778 bertate
513 3725 575 3780 Β.
788 3726 839 3778 6.
881 3725 1071 3791 „hodie
1108 3727 1345 3792 Misagna
1388 3744 1478 3778 seu
1513 3726 1798 3792 Mesagne“
1840 3726 1899 3777 B.
1973 3725 2204 3793 Speciale
2254 3726 2318 3777 de
2361 3726 2458 3776 hac
2507 3724 2882 3776 confirmatione
2931 3723 3151 3791 diploma

275 3825 331 3867 et
365 3817 533 3882 ipsum
566 3815 617 3866 d.
643 3815 695 3867 d.
725 3813 855 3866 1221
898 3813 1045 3880 aprili
1080 3815 1285 3867 Tarenti
1331 3833 1393 3866 ex
1438 3815 1669 3882 originali
1716 3814 1899 3881 partim
1936 3813 2204 3867 obliterato
2239 3813 2562 3880 Neapolitani
2597 3812 2785 3864 archivi
2821 3812 2982 3864 edidit
3015 3812 3151 3864 idem

274 3904 344 3967 11,
386 3903 506 3956 163.
718 3902 768 3957 7.
805 3903 924 3970 quia
957 3902 1017 3955 Β.
1230 3903 1282 3955 8.
1318 3903 1527 3956 fortuitu
1562 3903 1623 3956 B.
1837 3903 1888 3955 9.
1923 3901 2086 3954 boroli
2121 3901 2180 3954 Β.
2400 3903 2482 3954 10.
2514 3909 2690 3954 nostre
2727 3901 2788 3954 Β.

282 4134 459 4206 150.
504 4137 676 4203 1221
710 4137 1020 4202 decembri
1047 4135 1365 4203 Cataniae.
1434 4136 1807 4201 Fm'derieua
1833 4134 1917 4200 ΙΙ
1951 4137 2299 4221 imm-ator
2343 4132 2724 4221 (Imperium
2768 4147 2824 4200 et
2853 4133 3144 4219 requam)

500 4243 801 4323 declarat,
849 4265 915 4308 se
955 4245 1027 4308 in
1059 4245 1459 4309 coronatione
1502 4266 1619 4308 sua
1657 4242 1984 4328 imperiali
2008 4240 2370 4306 Honorium
2403 4263 2652 4328 papam
2679 4243 3028 4327 flayitasse,
3075 4253 3148 4306 ut

498 4351 751 4415 domum
794 4371 845 4414 s.
878 4349 972 4413 M.
1012 4348 1129 4415 Th.
1162 4350 1255 4430 I.,
1312 4372 1517 4435 „quae
1562 4351 1851 4414 divorum
1896 4361 2306 4435 auqustorum
2350 4348 2674 4413 Friderici
2716 4351 2825 4413 avi
2867 4360 2925 4412 et
2966 4346 3144 4412 Hen-

495 4459 622 4520 rioi
658 4458 865 4542 patris
908 4458 1113 4520 nomi
1152 4455 1365 4522 inclite
1406 4458 1861 4521 recordationis
1905 4469 2224 4521 structura
2254 4455 2398 4539 suit
2441 4454 2732 4540 specialis
2740 4454 2799 4534 “,
2849 4467 3043 4519 totum
3087 4467 3146 4519 et

497 4566 809 4649 inteyrum
854 4563 1137 4627 ordinem
1180 4565 1509 4628 deonorum
1550 4562 1909 4648 Hospitalis
1955 4585 2005 4627 a.
2042 4561 2347 4626 Iohannis
2391 4564 2462 4625 in
2503 4561 2891 4647 pauperibus
2940 4573 2997 4625 et
3037 4563 3143 4624 in·-

370 4713 383 4726 ·
491 4671 704 4752 firmis
750 4681 805 4734 et
835 4670 1057 4734 domus
1085 4669 1350 4755 militiae
1380 4667 1630 4756 Templi
1672 4672 1739 4733 in
1786 4669 2050 4749 clericis,
2098 4668 2424 4747 militibus,
2473 4668 2622 4732 aliis
2649 4667 2998 4751 fratribus,
3047 4679 3145 4732 at-

498 4797 617 4861 que
659 4777 1080 4840 inmunitates
1123 4777 1450 4861 utriusque
1493 4778 1880 4852 concederet,-
1925 4796 2168 4861 papam
2195 4795 2340 4838 vero
2373 4776 2742 4840 concessisse
2774 4775 2997 4859 petita.
3069 4771 3148 4836 Ut

494 4902 639 4947 vero
695 4885 995 4967 mayister
1050 4895 1107 4948 et
1152 4882 1402 4966 fratres
1470 4885 1541 4947 in
1598 4883 2040 4947 conservandis
2097 4881 2421 4967 imperiali
2483 4884 2830 4946 interventu
2886 4879 3145 4945 obtentis

495 5011 679 5054 suam
721 4988 1206 5072 munificentiam
1246 4989 1620 5075 probarent,
1668 4991 1863 5054 donat
1908 4991 1996 5053 eis
2043 4991 2121 5054 de
2163 4989 2512 5054 redditibus
2556 4991 2687 5053 sive
2732 4986 3144 5052 baiulatiom's

2603 5098 2721 5154 10*
