3892 5609
1137 330 1372 378 mann
1417 330 1699 379 salvom.
1769 331 2102 381 ARMENIA.
2169 331 2435 379 crenus
2840 402 2849 409 .
3126 324 3168 391 5
3182 322 3223 391 9

353 491 496 558 dem
543 491 798 557 nomine
839 489 1065 557 Mahus
1113 510 1258 557 cum
1304 510 1520 557 eorum
1567 489 1981 576 appendiciis,
2031 491 2197 575 quod
2242 492 2425 558 nobis
2470 490 2754 559 vendidit
2797 489 3105 557 Iohannes
3152 491 3231 558 de

353 597 615 685 Chanay
645 597 849 682 mileS,
899 602 963 664 et
1005 618 1122 683 pro
1169 598 1546 682 quittatione
1581 608 1736 662 xxx'
1767 598 2189 665 bisanciorum
2228 604 2791 680 sarracenatorum,
2838 619 2994 682 quos
3037 598 3229 665 habe·-

352 706 508 774 bant
544 706 869 771 annuatim
905 704 1229 770 censuales
1275 706 1344 771 in
1376 704 1595 771 eodem
1627 704 1841 788 casali,
1889 708 1954 770 et
1997 724 2113 789 pro
2151 705 2520 771 remissione
2551 710 2616 770 et
2648 704 2995 789 quitatione
3028 704 3228 771 tocius

317 813 534 895 darie,
581 812 747 897 quod
783 813 850 877 in
883 812 1097 878 eodem
1133 811 1328 905 casali
1375 816 1438 877 et
1485 812 1613 875 suis
1663 811 2072 896 pertinenciis
2118 812 2433 880 habebant
2478 811 2577 877 vel
2624 811 2851 880 habere
2899 811 3225 879 debebant.

353 918 486 985 Nos
535 924 774 1005 autem,
834 919 1037 985 dictus
1093 919 1290 985 frater
1334 917 1581 1004 Haymo
1641 924 1705 985 et
1760 920 2107 1005 capitulum
2150 919 2481 1006 hospitalis
2531 919 3053 1002 Alemannorum,
3110 939 3228 1005 pro

355 1026 631 1093 utilitate
676 1027 898 1092 domus
945 1031 1161 1093 nostre
1216 1025 1358 1112 pari
1417 1046 1678 1091 assensu
1740 1031 1802 1091 et
1854 1047 1982 1092 una
2026 1026 2349 1093 voluntate
2393 1026 2597 1091 nostri
2642 1025 2901 1112 capituli
2948 1026 3015 1089 in
3060 1044 3231 1090 com-

356 1134 776 1201 mutacionem
835 1138 899 1199 et
952 1154 1179 1219 pagam
1240 1133 1697 1217 quinquaginta
1758 1132 2183 1219 predictorum
2244 1132 2665 1199 bisanciorum
2727 1133 2795 1197 in
2852 1138 3231 1218 perpetuum

357 1241 581 1307 damus
630 1246 694 1307 et
739 1241 1132 1323 assignamus
1177 1239 1294 1305 tibi
1324 1238 1615 1323 Radulfo,
1664 1240 1877 1306 abbati
1922 1242 2291 1306 monasterii
2329 1245 2543 1305 sancte
2574 1238 2773 1305 Marie
2804 1239 2881 1305 de
2913 1239 3228 1324 Iosaphat,

357 1354 424 1413 et
467 1346 743 1433 capitulo
791 1347 1072 1412 eiusdem
1115 1346 1237 1412 loci
1267 1347 1618 1431 vestrisque
1650 1347 2113 1413 successoribus
2145 1347 2421 1428 domum,
2471 1366 2656 1430 quam
2694 1346 2951 1412 tenebat
2982 1364 3020 1411 a
3048 1345 3231 1411 nobis

355 1452 702 1520 Rollandus
731 1454 810 1521 de
837 1454 1160 1537 Tercenal,
1207 1473 1324 1539 pro
1369 1454 1486 1518 xx²³
1516 1454 1658 1519 iiiior
1687 1454 1985 1521 bisanciis
2026 1454 2443 1519 sarracenatis
2492 1453 2891 1519 censualibus
2938 1458 3001 1519 et
3048 1472 3231 1517 omne

357 1561 478 1643 ius,
525 1560 692 1645 quod
735 1561 806 1627 in
844 1580 918 1627 ea
946 1561 1250 1627 habemus
1282 1561 1380 1627 vel
1426 1560 1658 1628 habere
1704 1561 2025 1643 debemus,
2072 1565 2136 1626 et
2178 1561 2492 1642 gastinam
2536 1580 2729 1627 unam
2776 1580 2920 1627 cum
2965 1559 3231 1625 domun-

357 1665 518 1733 culis
565 1672 630 1733 et
671 1667 877 1752 logiiS,
925 1688 1046 1753 que
1091 1672 1240 1733 sunt
1267 1668 1336 1733 in
1365 1668 1497 1751 illa,
1544 1688 1659 1753 pro
1691 1668 1806 1733 xx¹'
1839 1688 1953 1733 sex
1984 1667 2280 1733 bisanciis
2313 1668 2729 1735 sarracenatis
2760 1667 3060 1747 residuis;
3110 1686 3231 1751 que

358 1775 582 1840 domus
628 1774 754 1840 sita
799 1778 896 1839 est
937 1776 1002 1841 in
1049 1773 1284 1859 platea,
1334 1794 1458 1859 qua
1499 1775 1628 1841 itur
1669 1773 1750 1839 ad
1781 1774 2133 1857 cathenam,
2177 1776 2247 1839 in
2277 1776 2413 1841 vico
2462 1776 2743 1841 inferiori
2789 1794 2987 1862 prope
3033 1793 3228 1839 mare.

359 1880 626 1947 Gastina
676 1900 824 1947 vero
881 1881 962 1948 ab
1019 1882 1260 1947 oriente
1319 1887 1415 1947 est
1469 1883 1764 1963 contigua
1817 1883 2067 1963 gastine
2122 1882 2361 1948 domini
2406 1881 2755 1967 Haymonis
2815 1880 3033 1947 militis
3080 1880 3231 1946 Ale-

358 1988 610 2070 manni3
666 1988 745 2054 ab
790 1988 1112 2054 occidente
1159 1993 1258 2054 est
1298 1990 1404 2055 via
1446 1988 1719 2074 publica,
1777 2007 1898 2072 que
1943 1988 2117 2054 ducit
2161 1989 2245 2054 ad
2289 1988 2609 2072 albergam
2653 1987 2983 2075 hospitalis
3028 1986 3234 2053 sancti

356 2094 692 2177 Iohannis;
741 2116 780 2161 a
823 2095 1272 2181 septemtrione
1320 2100 1418 2161 est
1459 2096 1756 2179 contigua
1799 2096 1973 2161 curie
2020 2095 2477 2182 archiepiscopi
2503 2096 2849 2177 Nazareni3
2898 2116 2935 2161 a
2968 2094 3232 2161 meridie

359 2201 603 2268 viculus
650 2202 927 2287 quidam.
997 2200 1356 2269 Predictam
1387 2223 1536 2268 vero
1569 2203 1824 2269 domum
1870 2208 1937 2268 et
1980 2203 2294 2285 gastinam
2342 2208 2407 2269 et
2436 2222 2619 2269 omne
2648 2202 2769 2286 ius,
2816 2202 2982 2286 quod
3026 2203 3095 2267 in
3140 2202 3230 2268 eis

357 2308 664 2375 habemus
708 2308 810 2376 vel
851 2309 1086 2376 habere
1133 2308 1463 2393 debemus,
1512 2308 1630 2375 tibi
1676 2310 2117 2395 prenominato
2162 2308 2481 2391 R(adulfo)
2530 2309 2743 2375 abbati
2789 2313 2853 2375 et
2897 2310 3233 2376 conventui

359 2403 576 2483 sancte
605 2414 806 2482 Marie
852 2415 930 2482 de
960 2415 1256 2501 Iosaphat
1299 2418 1550 2500 tuisque
1597 2416 2061 2482 successoribus
2105 2422 2396 2482 tenemur
2441 2416 2792 2500 defendere,
2840 2417 3233 2501 garentizare

363 2529 428 2589 et
467 2528 880 2589 manutenere
925 2528 1144 2590 contra
1188 2542 1426 2607 omneS,
1475 2523 1585 2608 qui
1631 2524 1793 2587 mori
1837 2528 2105 2610 possunt
2136 2528 2199 2589 et
2227 2524 2458 2607 vivere,
2504 2524 2595 2590 ita
2631 2524 2797 2609 quod
2842 2524 3076 2591 dictam
3120 2524 3233 2590 do·

358 2649 536 2695 mum
592 2635 658 2695 et
701 2630 1014 2713 gastinam
1061 2650 1204 2695 cum
1252 2629 1542 2696 domibus
1599 2634 1678 2695 et·
1717 2628 1900 2713 logiis
1962 2630 2093 2695 suis
2150 2629 2347 2696 libere
2404 2636 2468 2696 et
2512 2632 2721 2715 quiete
2774 2630 2910 2697 sine
2955 2631 3235 2697 drictura

361 2741 427 2802 et
469 2736 606 2801 sine
661 2736 897 2821 taillia,
952 2738 1089 2803 sine
1135 2738 1308 2803 omni
1355 2736 1680 2803 exactione
1727 2741 1791 2803 et
1837 2738 2097 2819 angaria
2140 2738 2439 2821 teneatis,
2497 2738 2903 2823 possideatiS,
2962 2738 3123 2803 detis
3172 2744 3234 2804 et

359 2842 650 2909 vendatis
697 2848 762 2909 et
806 2844 1099 2927 quicquid
1147 2844 1226 2910 de
1272 2846 1363 2911 eis
1421 2849 1484 2909 et
1539 2844 1606 2909 in
1653 2844 1741 2908 eis
1791 2844 2118 2911 volueritis
2162 2844 2430 2910 faciatis.
2518 2842 2587 2909 Si
2632 2864 2779 2911 vero
2829 2845 3035 2929 aliquo
3082 2865 3233 2911 casu

359 2949 818 3016 interveniente
861 2970 978 3016 nos
1025 2951 1376 3036 predictum
1409 2950 1758 3036 capitulum
1791 2950 2122 3037 hospitalis
2152 2950 2646 3018 Alemannorum
2696 2952 2931 3019 dictam
2976 2952 3233 3019 domum

361 3055 465 3122 vel
507 3056 818 3139 gastinam
865 3057 1043 3124 vobis
1091 3057 1304 3125 abbati
1349 3062 1413 3123 et
1457 3059 1790 3123 conventui
1842 3059 2145 3144 predictis
2192 3058 2527 3125 defendere
2570 3079 2699 3125 non
2744 3068 3107 3145 possemus,
3163 3058 3233 3123 in

360 3164 1010 3249 recompensationem
1060 3164 1338 3230 eiusdem
1385 3164 1628 3249 domus,
1676 3164 1732 3229 si
1769 3184 1808 3230 a
1835 3164 2018 3231 nobis
2066 3164 2479 3249 evinceretur,
2526 3164 2627 3231 vel
2670 3166 2937 3249 gastine,
2985 3172 3233 3233 tantum

359 3270 430 3337 in
473 3268 764 3335 domibus
810 3269 911 3335 vel
967 3270 1033 3336 in
1091 3271 1276 3337 terris
1322 3269 1423 3337 vel
1479 3271 1620 3337 aliis
1673 3272 2177 3357 possessionibus
2234 3272 2449 3337 domui
2500 3277 2714 3338 nostre
2770 3272 3231 3360 pertinentibus

359 3376 540 3445 vobis
587 3381 652 3442 et
695 3375 911 3443 domui
954 3383 1163 3444 vestre
1209 3378 1492 3443 conferre
1536 3383 1822 3445 tenemur
1870 3379 1950 3445 ad
1998 3378 2327 3444 arbitrium
2376 3383 2440 3445 et
2484 3379 2949 3447 estimationem
2993 3380 3231 3447 domini

359 3482 722 3571 patriarche
765 3482 1251 3550 Ierosolimitani
1296 3488 1360 3549 et
1407 3482 1672 3550 aliorum
1717 3486 1999 3551 virorum
2045 3484 2405 3571 proborum,
2454 3491 2759 3570 quantum
2806 3487 3231 3573 supradictam

362 3591 621 3658 domum
668 3595 734 3657 et
776 3592 1094 3674 gastinam
1121 3589 1298 3657 vobis
1343 3596 1406 3657 et
1443 3591 1658 3657 domui
1687 3597 1896 3659 vestre
1925 3612 1966 3658 a
1994 3596 2209 3658 nostro
2242 3592 2516 3679 capitulo
2566 3594 2777 3659 extitit
2822 3594 3228 3678 assignatum.

360 3698 627 3785 Insuper
671 3698 1057 3785 prescriptas
1105 3698 1622 3766 commutationes
1669 3704 1734 3765 et
1777 3700 2209 3765 concessiones
2255 3720 2293 3765 a
2320 3700 2625 3783 magistro
2671 3706 2909 3786 nostr0,
2955 3719 3099 3766 cum
3126 3722 3232 3767 ve-

361 3807 552 3889 nerit,
595 3807 699 3873 vel
743 3806 822 3873 ab
854 3806 989 3873 eius
1027 3825 1386 3873 successore
1429 3806 1638 3887 facere
1682 3807 1885 3873 teneri
1929 3806 2361 3901 promittimus
2406 3811 2472 3871 et
2516 3826 2626 3872 sue
2672 3804 2841 3873 bulle
2884 3807 3233 3873 munimine

364 3911 742 3979 confirmari.
823 3912 927 3979 Ad
983 3914 1289 3980 maiorem
1346 3914 1658 3998 siquidem
1718 3912 2157 3979 certitudinem
2227 3918 2291 3979 et
2346 3912 2750 3979 securitatem
2806 3914 3231 4000 predictorum

362 4019 725 4103 rogavimus
769 4019 1190 4086 venerabilem
1236 4024 1481 4106 patrem
1517 4018 1856 4085 Geroldum
1902 4018 2329 4106 patriarcham
2366 4017 2937 4086 Ieronolimitanum
2984 4026 3233 4107 aposto-

362 4126 483 4193 lice
530 4126 696 4192 sedis
739 4126 1020 4209 legatum
1037 4175 1055 4211 ,
1111 4131 1183 4191 ut
1227 4127 1508 4213 presenti
1553 4127 1787 4212 scripto
1834 4125 2113 4209 sigillum
2160 4146 2343 4191 suum
2393 4126 2461 4190 in
2506 4127 2936 4192 testimonium
2983 4127 3237 4195 duceret

363 4233 832 4321 apponendum.
900 4232 1029 4299 Nos
1061 4252 1210 4299 vero
1257 4232 1459 4319 dictus
1492 4231 1872 4317 G(eroldus),
1920 4233 2283 4320 patriarcha
2310 4231 2849 4299 Ierosolimitanus
2880 4233 3136 4300 humilis
3171 4238 3238 4300 et

361 4340 660 4425 indignus
709 4339 1050 4427 apostolice
1095 4340 1261 4406 sedis
1305 4340 1569 4424 legatuS,
1617 4342 1700 4407 ad
1743 4361 1965 4428 preces
2012 4345 2077 4406 et
2120 4340 2464 4425 peticiones
2512 4338 2664 4405 dicti
2708 4340 2923 4406 fratris
2958 4340 3236 4427 Haymo-

359 4449 463 4515 nis
494 4448 664 4515 vices
695 4446 984 4531 magistri
1013 4448 1290 4531 gerentis
1321 4447 1642 4532 tociusque
1691 4452 2033 4514 conventus
2080 4447 2360 4515 eiusdem
2407 4446 2630 4513 domus
2677 4448 2956 4533 presenti
3002 4448 3234 4533 scripto

363 4555 644 4640 sigillum
672 4561 959 4621 nostrum
989 4554 1058 4619 in
1088 4554 1517 4619 testimonium
1551 4554 1847 4620 duximus
1879 4553 2341 4641 apponendum.
2413 4552 2547 4620 Nos
2592 4558 2805 4621 autem
2850 4574 3001 4639 sepe
3032 4551 3235 4619 dictus

362 4663 561 4730 frater
604 4660 852 4748 Haymo
899 4680 1162 4727 assensu
1209 4666 1274 4726 et
1315 4660 1640 4727 voluntate
1685 4659 1947 4746 capituli
1992 4661 2193 4727 nostri
2244 4682 2507 4747 presens
2553 4662 2859 4748 scriptum
2904 4658 3041 4727 fieri
3084 4661 3238 4727 feci-

365 4790 506 4835 mus
538 4774 602 4835 et
631 4768 823 4853 sigilli
853 4767 1114 4854 capituli
1145 4768 1344 4832 nostri
1375 4768 1724 4834 munimine
1754 4767 2057 4833 roborari.
2126 4767 2329 4835 Huius
2375 4770 2468 4834 rei
2512 4773 2706 4835 testes
2753 4773 2902 4835 sunt
2946 4768 3235 4835 dominus

363 4874 639 4957 P(etrus)
686 4875 946 4943 ecclesie
975 4873 1365 4941 Gesariensis
1411 4874 1940 4961 archiepiscopus,
1990 4878 2054 4941 et
2083 4875 2354 4942 Thomas
2402 4875 2680 4941 eiusdem
2730 4875 2988 4941 ecclesie
3034 4876 3237 4942 archi-

371 4980 774 5066 diachonus&
790 4982 988 5048 frater
1015 4981 1355 5065 Luttolfus,
1403 4986 1735 5068 preceptor
1779 4982 1944 5049 dicte
1988 4982 2244 5066 domus;
2292 4982 2487 5050 frater
2520 4980 2853 5065 Gonterus,
2900 4984 3237 5051 marescal-
