3892 5609
1092 341 1319 389 TERRA
1366 341 1648 391 sanem.
1716 343 2049 392 mamm
2121 343 2386 393 errans
2915 345 2923 354 ·
3021 334 3160 405 101

310 505 471 584 stat3
520 501 799 588 exceptis
846 501 1054 586 mulis,
1104 502 1299 587 equis,
1348 503 1601 570 camelis
1648 509 1713 570 et
1756 504 1947 570 asinis
1993 509 2058 572 et
2090 506 2376 572 omnibus
2409 504 2550 572 aliis
2581 505 2956 574 animalibus
2986 507 3169 592 vivis,

310 609 389 675 de
446 608 670 693 quibus
728 609 917 674 liceat
972 608 1229 676 cuilibet
1282 617 1721 698 preceptorum
1778 633 1986 678 emere
2041 633 2156 699 pro
2211 633 2320 678 sue
2373 612 2760 699 beneplacito
2808 613 3168 680 voluntatis.

310 716 577 803 Insuper
622 717 955 782 statuimus
1002 723 1066 783 et
1109 718 1503 803 ordinamus,
1564 719 1761 804 quod,
1816 719 1874 785 si
1930 721 2251 805 contingat
2301 721 2577 808 aliquam
2623 720 3026 787 elemosinam
3072 719 3172 786 vel

310 823 712 890 donationem
759 822 896 890 fieri
943 823 1128 891 alicui
1175 827 1252 892 de
1296 825 1498 892 tribus
1536 826 1823 893 domibus
1871 848 2061 914 super
2091 828 2378 912 censivis,
2426 827 2730 912 burgesiis
2759 827 2862 895 vel
2895 829 3173 911 signoria

312 931 581 997 aliarum
628 930 953 996 domorum
1000 937 1063 998 et
1110 933 1249 1000 aliis
1302 934 1483 1000 bonis
1529 933 2048 1002 descendentibus
2101 935 2179 1002 ab
2226 935 2495 1019 eisdem,
2551 941 2882 1024 preceptor
2926 936 3169 1021 domus,

310 1038 414 1105 cui
460 1037 804 1104 elemosina
846 1059 955 1105 seu
1002 1039 1255 1106 donatio
1299 1041 1470 1108 facta
1512 1041 1720 1126 fuerit,
1767 1047 2058 1110 teneatur
2102 1043 2370 1109 vendere
2413 1041 2581 1108 infra
2625 1060 2854 1107 annum
2903 1041 3172 1110 seculari

308 1165 578 1232 persone
623 1145 700 1212 de
746 1145 1021 1213 dominio
1068 1147 1321 1232 domus,
1372 1169 1409 1214 a
1455 1169 1579 1232 qua
1624 1149 2012 1216 descendunt
2054 1150 2368 1236 predicta,
2420 1150 2514 1217 ita
2559 1149 2725 1234 quod
2771 1149 3023 1241 domus,
3069 1151 3171 1216 cui

310 1253 647 1319 servicium
682 1253 959 1338 debetur,
1006 1274 1133 1320 non
1180 1256 1381 1340 possit
1425 1255 1503 1322 de
1547 1255 1665 1321 hoc
1694 1257 1957 1323 servicio
1991 1257 2113 1324 sibi
2143 1256 2350 1324 debito
2384 1256 2760 1323 defraudari.
2829 1257 2926 1323 Ac
2971 1257 3172 1323 eciam

312 1359 607 1426 duximus
638 1361 1061 1445 statuendum,
1108 1362 1294 1446 quod,
1342 1363 1397 1428 si
1427 1362 1655 1448 aliquis
1684 1369 1967 1431 nostrum
1999 1363 2229 1431 habeat
2259 1365 2328 1432 in
2361 1364 2645 1432 custodia
2688 1361 2854 1430 bona
2887 1364 3170 1449 alicuiuS,

312 1468 665 1553 quicunque
720 1469 806 1534 sit
859 1470 1171 1536 confrater
1216 1469 1316 1536 vel
1372 1469 1533 1537 alius
1589 1476 1653 1537 et
1706 1470 1865 1538 alter
1919 1476 2206 1538 nostrum
2262 1471 2547 1558 predicta
2603 1471 2767 1538 bona
2818 1473 3028 1558 capiat
3072 1470 3172 1538 vel

312 1577 457 1662 capi
498 1575 693 1642 faciat
736 1596 847 1642 seu
892 1583 1327 1663 preceptorum
1374 1578 1637 1645 aliarum
1674 1579 2024 1663 domorum,
2071 1578 2296 1647 debeat
2325 1583 2670 1665 ‚preceptor
2711 1578 2879 1644 illius
2926 1580 3168 1664 domus,

312 1683 415 1749 cui
458 1683 625 1749 bona
669 1688 850 1749 erant
891 1685 1416 1768 recommendata,
1462 1691 1677 1772 petere
1711 1686 2041 1753 emendam
2069 1685 2170 1752 vel
2215 1669 2706 1752 satisfactionem
2737 1707 2774 1751 a
2804 1691 3172 1772 preceptore

312 1790 576 1856 alterius
604 1790 847 1874 domne,
894 1793 1000 1876 qui
1030 1791 1242 1858 taliter
1270 1792 1573 1878 forefecit,
1621 1799 1686 1860 et
1712 1793 1851 1880 ipse
1880 1793 2086 1860 facere
2119 1793 2448 1860 emendam
2488 1798 2775 1860 teneatur
2819 1795 3171 1880 preceptori

312 1897 555 1983 petenti
600 1898 939 1964 secundum
988 1899 1453 1966 ordinacionem
1499 1905 1563 1967 et
1594 1900 2072 1987 dispositionem
2090 1963 2098 1972 ,
2117 1899 2404 1986 superius
2451 1904 2836 1984 annotatam,
2882 1900 3173 1967 videlicet

314 2011 387 2070 ut
428 2005 676 2088 fratres,
724 2005 887 2072 sicut
931 2007 1219 2093 superius
1251 2007 1482 2074 dictum
1523 2013 1639 2091 est,
1684 2013 2062 2091 cognoscant
2107 2013 2172 2074 et
2214 2006 2529 2074 diffiniant
2572 2007 2650 2074 de
2693 2007 2883 2094 plano
2929 2012 2994 2074 et
3037 2008 3171 2074 sine

312 2113 583 2199 strepitu
626 2112 845 2178 iudicii
891 2133 1080 2199 super
1126 2113 1363 2181 offensa
1406 2114 1720 2201 predicta,
1774 2115 1921 2181 dum
1967 2120 2180 2182 tamen
2223 2115 2342 2181 hoc
2385 2114 2685 2202 procedat
2728 2115 2806 2181 de
2852 2114 3170 2181 voluntate

312 2218 507 2305 illius,
551 2220 727 2286 cuius
772 2219 937 2286 bona
978 2221 1233 2287 fuerint.
1303 2221 1538 2299 Quodsi
1578 2221 1704 2305 ille,
1752 2222 1927 2289 cuius
1959 2222 2195 2288 fuerint
2221 2221 2407 2306 bona,
2451 2221 2726 2288 noluerit
2762 2221 2900 2306 hoc,
2949 2222 3169 2290 domus

312 2325 456 2410 illa,
503 2345 625 2413 que
670 2327 839 2393 dicta
880 2327 1047 2394 bona
1088 2327 1379 2395 habuerit
1422 2329 1487 2394 in
1534 2328 1848 2413 custodia,
1896 2348 2024 2395 non
2066 2329 2290 2396 debeat
2333 2351 2402 2396 se
2447 2329 2524 2395 de
2569 2329 2686 2396 hoc
2729 2322 3167 2403 intromittere.

316 2433 387 2500 Si
415 2454 565 2501 vero
610 2435 935 2518 contingat
977 2435 1220 2520 aliquos
1264 2436 1572 2521 homines,
1619 2436 1726 2522 qui
1772 2437 1900 2503 sint
1942 2437 2022 2504 de
2065 2436 2268 2504 tribus
2314 2436 2620 2522 domibus,
2667 2436 2897 2503 habere
2934 2437 3170 2503 discor-

314 2542 453 2608 dias
496 2542 663 2608 inter
708 2561 775 2608 se
820 2562 1009 2628 super
1038 2543 1226 2609 rebus
1268 2543 1604 2611 mobilibus
1637 2544 1736 2609 vel
1764 2542 1901 2616 alia
1919 2543 2198 2630 qualibet
2226 2545 2572 2629 occasione,
2615 2549 3016 2630 preceptores
3061 2545 3171 2610 do—

312 2669 561 2716 morum
618 2655 951 2716 teneantur
1007 2650 1321 2736 predictas
1379 2650 1723 2717 discordias
1780 2671 1853 2716 ac
1898 2651 2090 2718 etiam
2133 2649 2526 2737 querelantes
2571 2651 2793 2718 sedare
2838 2656 2902 2718 et
2945 2671 3171 2738 pacare

315 2756 658 2823 secundum
702 2755 1175 2843 dispositionem
1222 2762 1287 2823 et
1330 2757 1789 2825 ordinationem
1827 2760 2117 2846 superius
2148 2762 2531 2842 annotatam,
2579 2757 2769 2824 salvis
2814 2757 3168 2825 hominibus

313 2862 496 2947 legiis
542 2871 607 2929 et
647 2861 937 2949 feudatis,
986 2884 1248 2950 quorum
1285 2867 1640 2950 questiones
1686 2866 2028 2933 secundum
2075 2866 2330 2932 assisias
2376 2871 2439 2932 et
2481 2865 2960 2932 consuetudines
3004 2865 3172 2931 loco-

240 2979 263 2998 ·
313 2991 477 3055 rum,
521 2971 632 3037 ubi
676 2970 930 3056 degunt,
978 2970 1247 3038 debeant
1288 2973 1635 3040 terminari.
1706 2973 1941 3052 Quodsi
1959 3025 1968 3034 .
1986 2973 2270 3040 homines
2312 2973 2498 3040 unius
2545 2973 2766 3040 domus
2811 2973 2892 3039 ad
2935 2978 3172 3040 terram

316 3079 575 3145 alterius
621 3098 811 3145 causa
852 3079 1142 3144 morandi
1172 3081 1477 3164 venerint,
1522 3080 1813 3165 bailivus,
1857 3081 1927 3146 in
1962 3081 2138 3148 cuius
2181 3079 2418 3147 bailiva
2459 3081 2612 3148 dicti
2653 3080 2939 3174 homines
2985 3080 3171 3146 deve-

313 3187 545 3269 nerint,
594 3185 821 3253 bailivo
854 3185 1110 3252 alterius
1141 3186 1360 3253 domus
1392 3187 1745 3272 significare
1786 3193 2035 3254 tenetur
2070 3188 2238 3254 infra
2281 3193 2418 3255 octo
2463 3188 2597 3255 dies
2641 3192 2790 3274 post
2833 3188 3169 3256 adventum

312 3294 598 3380 ipsorum
644 3313 683 3359 a
722 3298 1006 3380 tempore
1052 3313 1163 3360 sue
1208 3295 1492 3362 sciencie.
1563 3295 1683 3373 Qui
1726 3297 1783 3361 si
1828 3295 2077 3382 probati
2121 3295 2357 3362 fuerint
2398 3295 2683 3361 homines
2729 3316 2866 3362 esse
2910 3295 3168 3362 alterius

314 3401 560 3482 domus,
606 3421 722 3486 per
751 3401 1174 3467 obedienciam
1204 3401 1421 3468 fratris
1452 3408 1515 3470 et
1544 3403 1746 3470 scribe
1774 3403 2193 3469 iuramentum
2224 3401 2338 3468 fiat
2376 3401 2720 3469 secundum
2763 3423 2942 3470 usum
2991 3403 3170 3487 regni

314 3507 815 3574 Ierosolimitani.
884 3495 969 3573 In'
1000 3513 1174 3574 terra
1216 3528 1364 3575 vero
1408 3509 1805 3577 Antiochena
1850 3515 1913 3576 et
1955 3509 2256 3578 Armenie
2305 3515 2368 3576 et
2411 3507 2606 3596 Cypri
2648 3508 2791 3594 fiat,
2851 3518 3040 3597 prout
3080 3511 3172 3578 ibi

314 3616 393 3682 de
436 3615 785 3702 approbata
814 3616 1261 3682 consuetudine
1292 3617 1675 3684 observatur.
1746 3617 2088 3703 Postquam
2131 3617 2468 3704 probatum
2511 3617 2721 3701 fuerit,
2767 3623 2840 3683 ut
2881 3619 3170 3705 superius

316 3729 412 3789 est
441 3742 831 3809 expressum,
877 3723 943 3788 in
974 3727 1145 3788 terra
1168 3723 1557 3810 Tripolitana
1584 3724 1796 3791 taliter
1827 3724 2212 3807 observetur,
2259 3724 2445 3810 quod,
2493 3725 2549 3790 si
2593 3725 2876 3792 homines
2913 3725 3168 3792 alterius

314 3831 561 3913 domus,
610 3831 715 3915 qui
748 3849 937 3896 causa
966 3830 1253 3897 morandi
1284 3830 1364 3897 ad
1393 3837 1629 3899 terram
1661 3832 1919 3899 alterius
1950 3830 2334 3915 devenerint,
2383 3831 2462 3898 ad
2491 3832 2966 3916 requisitionem
2993 3831 3168 3897 cuius

313 3938 552 4004 fuerint
593 3937 908 4022 homines,
970 3944 1373 4006 arrestentur.
1451 3938 1539 4006 Et
1581 3941 1636 4006 si
1682 3939 1891 4024 aliquo
1938 3939 2149 4006 debito
2191 3939 2428 4006 fuerint
2482 3938 2740 4022 obligati
2791 3939 2887 4004 illi
2934 3938 3167 4024 domui,

314 4045 712 4129 congregatis
757 4045 1081 4131 utriusque
1112 4046 1333 4113 domus
1377 4046 1624 4113 bailivis
1660 4047 1827 4113 infra
1862 4052 2002 4113 octo
2033 4047 2188 4130 dies,
2236 4047 2402 4131 quod
2443 4045 2777 4133 probatum
2821 4045 3014 4112 fuerit
3055 4065 3170 4133 per

315 4151 637 4236 religionis
683 4154 1163 4238 promissionem
1209 4152 1422 4219 fratris
1470 4158 1533 4219 et
1575 4154 1998 4220 iuramentum
2043 4154 2314 4221 scribere
2349 4159 2413 4220 et
2441 4154 2771 4220 servientis
2799 4153 2966 4220 infra
2996 4173 3170 4220 men-

317 4281 449 4327 sem
482 4265 843 4346 sequentem
874 4261 985 4327 illa
1007 4260 1249 4344 domus,
1274 4260 1353 4326 ad
1378 4261 1552 4327 cuius
1583 4265 1818 4327 terram
1842 4260 2228 4344 devenerint,
2253 4261 2488 4328 dictum
2513 4261 2788 4328 debitum
2815 4261 3055 4328 solvere
3077 4266 3169 4328 te-

315 4374 560 4453 neatur,
609 4369 663 4434 si
692 4367 759 4434 in
788 4374 961 4435 terra
990 4387 1105 4436 sua
1135 4367 1447 4434 voluerint
1476 4367 1627 4434 dicti
1655 4368 1939 4435 homines
1973 4389 2300 4435 remanere
2346 4374 2409 4436 et
2439 4369 2640 4436 dictus
2684 4368 2952 4436 bailivus
2997 4369 3170 4456 ipsos

318 4476 587 4542 voluerit
628 4476 917 4542 retinere.
989 4474 1157 4553 Quos
1196 4475 1449 4560 quidem
1494 4476 1548 4541 si
1592 4475 1863 4542 retinere
1892 4475 2296 4559 recusaverit,
2343 4476 2528 4543 debet
2556 4476 2808 4544 eosdem
2838 4483 3168 4560 arrestare,

317 4583 515 4649 donec
545 4583 621 4649 de
655 4583 819 4649 dicto
851 4583 1061 4650 debito
1090 4582 1183 4649 illi
1216 4584 1449 4666 domui,
1496 4583 1573 4650 de
1617 4583 1793 4650 cuius
1840 4588 2011 4651 terra
2036 4584 2343 4668 venerint,
2389 4583 2580 4650 fuerit
2624 4584 3030 4650 satisfactum.
3101 4583 3171 4651 Si

318 4711 465 4758 vero
498 4690 740 4758 solvere
767 4689 1195 4758 recusaverint
1222 4690 1507 4757 homines
1538 4711 1680 4758 cum
1708 4691 1954 4757 familia
1999 4685 2086 4758 et'
2107 4691 2290 4759 rebus
2315 4692 2468 4758 suis
2500 4690 2730 4759 bailivo
2771 4691 3028 4758 alterius
3059 4690 3169 4757 do·

316 4819 478 4883 mus,
506 4799 583 4865 de
604 4798 779 4864 cuius
810 4803 979 4864 terra
1000 4798 1307 4881 venerint,
1332 4799 1591 4865 reddere
1620 4804 1925 4866 teneatur,
1974 4799 2069 4865 Ac
2101 4800 2298 4866 eciam
2327 4819 2442 4885 pro
2472 4798 2636 4866 bono
2659 4799 2858 4866 tocius
2882 4799 3171 4865 christia-

315 4905 533 4972 nitatis
560 4905 853 4971 duximus
885 4905 1302 4989 statuendum,
1328 4905 1495 4991 quod
1523 4905 1751 4974 fratres
1782 4907 2040 4973 alterius
2063 4907 2283 4973 domus
2309 4911 2373 4974 et
2401 4927 2613 4972 eorum
2645 4906 2930 4974 homines
2953 4913 3172 4973 contra

315 5013 622 5099 reliquam
656 5011 756 5079 vel
787 5011 1059 5098 reliquas
1090 5033 1218 5079 non
1246 5013 1495 5100 possint
1520 5031 1637 5080 nec
1666 5013 1933 5081 debeant
1964 5034 2142 5081 arma
2170 5033 2414 5081 sumere
2445 5013 2544 5084 vel
2578 5019 2856 5104 portare:
2922 5013 2990 5081 Si
3021 5035 3169 5086 vero
