3892 5609
710 328 862 401 270
1683 338 2106 388 rosnacum
2150 338 2597 387 nouanonum

709 498 908 586 quod,
979 518 1122 565 cum
1176 499 1244 565 in
1299 498 1645 585 primordio
1713 500 2129 567 institutionis
2187 499 2422 567 ordinis
2492 499 2591 564 sui
2662 499 2753 565 eis
2818 498 3011 566 fuerit
3076 499 3156 565 ab
3225 495 3593 584 apostolica

701 606 856 673 'sede
900 625 1295 689 concessum,
1351 611 1425 673 ut
1479 606 1546 673 in
1602 605 1922 690 religionis
1983 608 2227 691 siguum
2287 606 2517 673 milites
2575 606 2799 671 militie
2844 604 3091 693 Templi
3144 605 3301 673 albis
3362 602 3591 703 palliis

707 718 1034 781 uterentur
1090 713 1171 780 ad
1225 711 1644 781 differentiam
1701 714 1967 781 aliorum
1981 764 1999 799 ‚
2062 714 2275 781 dilecti
2330 712 2445 780 filii
2502 713 2803 797 magister
2850 719 2917 780 et
2964 714 3193 781 fratres
3239 710 3593 799 hospitalis

555 812 564 824 '
612 837 633 847 “
709 820 1234 888 Theutonicorum
1263 822 1646 888 Acconensis
1691 822 1758 887 in
1804 823 2232 889 confusionem
2265 821 2503 889 ordinis
2549 815 2895 908 supradicti
2940 842 3144 908 nuper
3188 820 3337 887 alba
3384 818 3595 905 pallia

707 934 962 1015 portare
1007 934 1364 1015 coeperunt.
1444 928 1742 996 Nolentes
1798 930 2023 1015 igitur,
2080 935 2153 996 ut
2209 951 2290 997 ex
2347 930 2466 995 hoc
2519 929 2685 995 inter
2741 928 3055 1015 predictos
3110 929 3341 995 fratres
3406 946 3595 994 emu-

706 1036 960 1103 lationis
1007 1056 1118 1103 seu
1163 1035 1484 1127 discordie
1517 1036 1783 1102 materia
1827 1038 2197 1121 suscitetur,
2258 1037 2493 1104 eisdem
2550 1037 2853 1119 magistro
2907 1043 2971 1103 et
3010 1036 3315 1103 fratribus
3360 1034 3595 1119 hospi-

709 1142 856 1209 talis
900 1143 1185 1210 dedimus
1239 1143 1308 1208 in
1361 1144 1706 1231 preceptis,
1763 1151 1834 1211 ut
1878 1166 1990 1211 suo
2038 1144 2314 1213 contenti
2358 1143 2574 1210 habitu
2628 1144 2967 1211 existentes
3022 1142 3387 1209 huiusmodi
3442 1140 3597 1207 alba

711 1250 906 1337 pallia
955 1250 1314 1317 nullatenus
1373 1250 1685 1334 deferant,
1751 1272 1902 1337 que,
1972 1253 2135 1319 sicut
2190 1251 2567 1339 premissum
2624 1254 2750 1335 est,
2818 1251 2887 1316 iu
2944 1250 3267 1335 religionis
3320 1252 3597 1335 signum

711 1378 1007 1425 concessa
1057 1358 1312 1425 fuerunt
1357 1356 1732 1444 Templariis
1779 1359 2131 1427 antedictis.
2214 1358 2518 1437 Quocirca
2572 1358 2956 1424 fraternitati
3000 1362 3109 1424 tue
3160 1379 3276 1445 per
3320 1361 3597 1444 aposto-

709 1464 836 1531 lica
879 1466 1116 1551 scripta
1158 1466 1552 1549 mandamus,
1601 1466 1895 1550 quatinus
1942 1467 2245 1551 inquisita
2288 1465 2536 1552 plenius
2582 1470 2645 1531 et
2679 1465 2932 1548 cog-nita
2961 1464 3227 1531 veritate
3268 1464 3337 1531 id
3384 1482 3597 1550 super

709 1570 829 1639 hoc
873 1577 1113 1639 statuas
1160 1572 1579 1660 appellatione
1625 1578 1884 1657 remota„
1932 1574 2099 1659 quod
2140 1572 2429 1657 religioni
2476 1574 2715 1659 pariter
2760 1577 2824 1637 et
2869 1572 3057 1638 saluti
3103 1570 3335 1637 videris
3380 1591 3595 1656 expe-

715 1678 880 1764 dire,
935 1678 1203 1763 faciem,
1257 1678 1425 1765 quod
1471 1680 1798 1764 statueriS,
1853 1700 1969 1767 per
2014 1700 2342 1748 censuram
2389 1680 2873 1747 ecclesiasticam
2917 1678 3182 1747 firmiter
3227 1678 3588 1747 observari.

712 1784 950 1853 Datum
994 1784 1294 1867 Laterani
1337 1786 1402 1853 vi
1445 1786 1570 1853 kal.
1620 1788 1995 1874 septembris
2040 1786 2440 1874 pontificatus
2484 1787 2686 1855 nostri
2731 1808 2893 1854 anno
2939 1788 3125 1854 tertio
3172 1786 3443 1853 decimo.

925 1910 972 1962 E
1006 1910 1220 1977 registro
1257 1910 1536 1963 Innocentii
1558 1911 1636 1963 ΠΙ
1669 1910 1756 1963 lib.
1781 1910 1906 1963 XIII
1943 1928 2025 1977 ep.
2054 1910 2154 1961 126
2190 1910 2271 1962 ed.
2296 1911 2486 1963 Baluze
2522 1911 2589 1974 11,
2626 1910 2749 1962 4⁷2.

719 2186 895 2259 301.
939 2190 1114 2257 1211
1161 2190 1274 2254 iul.
1302 2189 1394 2255 28
1435 2189 1760 2255 Laterani.
1831 2190 2231 2255 Innocentius
2256 2190 2380 2255 III
2405 2191 2731 2275 framibue
2777 2191 3105 2277 hospitalis
3150 2212 3200 2253 s.
3228 2190 3323 2254 M.
3357 2188 3479 2253 Th.
3514 2191 3590 2251 in

935 2296 1154 2363 Accon
1185 2298 1510 2381 confimat
1537 2296 1787 2363 Alberti
1818 2298 2229 2384 patriarchae
2256 2310 2551 2363 statutum
2591 2300 2668 2363 de
2691 2298 2985 2383 ferendis
3020 2297 3251 2385 palliis
3296 2298 3375 2361 de
3402 2310 3586 2361 stau·

931 2405 1125 2490 forti.

938 2527 1338 2595 Innocentius
1383 2548 1600 2594 servus
1647 2548 1971 2595 servorum
2012 2527 2115 2595 dei
2160 2526 2402 2594 dilectis
2444 2527 2593 2594 filiis
2636 2528 2939 2596 fratribus
2982 2526 3317 2614 hospitalis
3362 2532 3587 2594 sancte

717 2633 917 2702 Marie
947 2631 1502 2702 Theutonicorum¹
1537 2636 1604 2701 in
1633 2635 1849 2701 Accon
1894 2634 2163 2702 salutem
2208 2640 2272 2701 et
2300 2635 2709 2722 apostolicam
2743 2636 3259 2703 benedictionem.
3420 2633 3585 2701 Cum

719 2760 759 2809 a
785 2742 968 2809 nobis
1011 2743 1267 2829 petitur,
1317 2742 1484 2827 quod
1527 2742 1763 2809 iustum
1811 2748 1907 2809 est
1954 2749 2017 2809 et
2058 2742 2412 2828 honestum,
2458 2748 2589 2809 tam
2620 2744 2800 2827 vigor
2846 2721 3142 2829 equitatis
3187 2762 3381 2828 quam
3426 2742 3585 2807 ordo

720 2848 918 2932 exigit
962 2848 1255 2936 rationis,
1317 2854 1390 2916 ut
1441 2850 1509 2915 id
1565 2870 1678 2936 per
1723 2849 2209 2917 sollicitudinem
2254 2851 2455 2916 nostri
2501 2848 2691 2917 officii
2737 2850 2815 2916 ad
2862 2850 3139 2917 debitum
3198 2850 3587 2936 perducatur

721 2954 1028 3023 effectum.
1105 2955 1494 3043 Eapropter‚
1553 2956 1764 3023 dilecti
1809 2959 1876 3024 in
1921 2958 2174 3024 domino
2220 2956 2367 3041 filii,
2427 2958 2651 3024 vestris
2706 2958 2890 3024 iustis
2948 2956 3237 3044 precibus
3292 2956 3587 3023 inclinati

720 3067 1026 3130 statutum
1040 3112 1059 3147 ‚
1115 3064 1284 3148 quod
1339 3064 1418 3131 de
1471 3064 1912 3131 mantellorum
1960 3062 2387 3153 depositione⁸
2433 3064 2714 3131 alborum
2731 3115 2749 3149 ,
2806 3084 2997 3151 super
3040 3065 3264 3150 quibus
3318 3064 3585 3131 dilectos

719 3170 882 3239 filios
925 3172 1300 3255 magistrum
1357 3176 1422 3238 et
1471 3172 1699 3239 fratres
1759 3172 1989 3239 milicie
2036 3171 2281 3258 Templi
2326 3172 2696 3239 senciebatis
2743 3173 3004 3239 infestos
3018 3222 3037 3257 ,
3092 3172 3241 3239 licet
3294 3171 3584 3259 ipsorum

719 3279 1160 3347 mantellorum
1217 3298 1368 3345 usus
1426 3299 1464 3344 a
1508 3278 1881 3364 quibusdam
1935 3280 2169 3346 nostris
2228 3278 2771 3366 predecessoribus
2822 3279 3123 3345 Romanis
3176 3278 3583 3365 pontificibus

719 3385 900 3453 vobis
946 3384 1226 3453 extiterit
1269 3383 1705 3472 confirmatus,
1765 3391 1828 3454 et
1873 3386 2226 3454 deferendis
2282 3386 2492 3474 palliis
2551 3391 2683 3452 tam
2730 3408 2769 3452 a
2813 3386 2989 3453 vobis
3036 3406 3225 3471 quam
3270 3406 3311 3452 a
3354 3387 3582 3453 vestris

722 3492 1184 3561 successoribus
1231 3492 1454 3559 amodo
1501 3493 1576 3560 de
1612 3494 1902 3561 stanforti
1935 3516 1974 3560 a
2005 3494 2345 3562 venerabili
2358 3490 2381 3523 ³
2423 3494 2622 3560 fratre
2664 3500 2879 3561 nostro
2912 3493 3247 3577 Al(berto),
3294 3493 3583 3561 Ierosoli-

722 3602 962 3667 mitano
1007 3599 1386 3686 patriarcha,
1437 3602 1777 3688 apostolice
1817 3602 1984 3675 sedis
2029 3602 2256 3687 legato,
2302 3602 2469 3669 inter
2500 3621 2609 3667 vos
2656 3605 2719 3667 et
2748 3602 3139 3687 Templarios
3185 3600 3583 3688 supradictos

721 3728 840 3797 pro
871 3708 1033 3775 bono
1063 3708 1238 3795 pacis
1267 3706 1588 3774 firmatum
1611 3706 1759 3793 est‘‚
1793 3710 2164 3776 auctoritate
2186 3709 2362 3775 vobis
2394 3708 2739 3796 apostolica
2760 3708 3201 3775 confirmamus
3232 3713 3581 3795 etpreseu-

723 3816 808 3883 tis
865 3816 1087 3901 scripti
1139 3816 1490 3901 patrocinio
1535 3818 2013 3884 communimus.
2094 3816 2265 3884 Nulli
2312 3835 2459 3900 ergo
2504 3818 2757 3882 omnino
2802 3816 3125 3882 hominum
3182 3816 3375 3882 liceat
3424 3816 3585 3881 hanc

723 3924 1024 4011 paginam
1051 3928 1264 3991 nostre
1293 3922 1782 3990 confirmationis
1811 3922 2153 4009 infringere
2178 3923 2275 3990 vel
2306 3925 2364 3989 ei
2396 3944 2551 3990 ausu
2581 3922 2915 3990 temerario
2946 3922 3280 3989 contraire.
3342 3922 3413 3989 Si
3443 3922 3581 4008 quis

729 4036 940 4098 autem
983 4031 1102 4098 hoc
1147 4036 1522 4118 attemptare
1565 4033 2042 4118 presumpserit,
2088 4032 2585 4117 indignationem
2619 4030 3066 4117 omnipotentis
3114 4031 3214 4096 dei
3261 4035 3327 4096 et
3370 4030 3583 4096 beato-

725 4158 866 4206 rum
913 4138 1088 4205 Petri
1132 4142 1196 4204 et
1237 4137 1420 4205 Pauli
1465 4139 1888 4225 apostolorum
1937 4140 2072 4205 eius
2118 4160 2185 4206 se
2230 4139 2477 4206 noverit
2519 4140 2935 4205 incursurum.
3004 4138 3239 4205 Datum
3286 4136 3582 4204 Laterani

939 4370 982 4432 1,
1019 4370 1105 4421 60.
1133 4398 1196 4407 --
1233 4368 1298 4420 A.
1327 4368 1393 4419 16
1427 4386 1477 4435 p.
1503 4369 1590 4431 25,
1623 4370 1760 4421 unde
1795 4378 1995 4436 partem
2029 4368 2189 4421 edidit
2210 4370 2366 4437 voigi
2402 4368 2587 4421 Gesch.
2616 4366 2887 4420 Preul'sens
2922 4368 2989 4429 11,
3026 4368 3115 4419 66.
3332 4369 3379 4419 1.
3414 4367 3577 4418 theto-

729 4459 953 4511 nicorum
985 4458 1048 4511 Β.
1258 4458 1310 4509 2.
1345 4458 1671 4524 dispositione
1705 4458 1771 4511 A.
1801 4458 1882 4511 16.
2096 4458 2147 4511 3.
2184 4458 2473 4511 uenerabile
2506 4456 2567 4509 B.
2780 4457 2831 4509 4.
2868 4456 3112 4524 supplevi.

735 4662 912 4735 302.
952 4665 1130 4735 1215
1165 4666 1340 4751 febr.
1365 4666 1454 4733 18
1499 4665 1824 4732 Laterani.
1896 4666 2250 4732 Innocentii
2278 4665 2403 4731 III
2435 4668 2657 4753 repetit
2684 4665 2922 4731 bullam
2964 4666 3077 4731 sub
3120 4688 3185 4729 n.
3210 4664 3345 4731 298
3386 4686 3579 4750 supra

954 4773 1130 4840 1209
1172 4776 1306 4839 iun.
1338 4773 1450 4839 27.

953 4896 1349 4963 Innocentius
1381 4901 1498 4963 etc.
1563 4895 1874 4964 Effectum
1919 4897 2089 4965 iusta
2133 4901 2248 4964 etc.
2296 4897 2663 4979 (concordat
2704 4918 2845 4963 oum
2887 4915 2950 4962 n.
2984 4895 3115 4963 298
3160 4894 3240 4961 de
3274 4894 3441 4961 1209
3484 4894 3577 4960 iu-

729 5002 826 5072 nii
857 5004 986 5087 17).
1053 5004 1278 5071 Amen.
1325 5004 1551 5072 Amen.
1598 5004 1824 5073 Amen.
