3892 5609
2492 236 2521 265 Χ

692 298 788 369 62
1479 306 1710 355 TERRA
1755 304 2038 353 sANc'rA.
2110 305 2439 352 ΑΒΜΕΝΙΑ.
2508 304 2775 355 CYPRus

687 466 914 534 casalis
971 473 1036 535 et
1094 486 1237 531 cum
1283 466 1572 531 omnibus
1617 466 1883 549 gastinis
1927 464 2287 547 Berhenne,
2348 463 2615 549 Mizera,
2673 463 3017 547 Miscalim,
3057 460 3216 529 ‘cum
3276 462 3573 529 omnibus

685 576 873 641 terris
915 573 1217 640 laboratis
1265 578 1329 639 et
1372 593 1501 638 non
1545 572 1877 656 laboratiS,
1925 572 2280 654 montibus,
2325 570 2625 656 vallibus,
2676 571 2906 657 planis,
2952 570 3338 655 nemoribus,
3386 570 3572 655 aquis

685 687 750 747 et
793 681 1045 767 pascuis
1102 679 1374 766 predicti
1418 679 1643 745 casalis
1691 684 1754 745 et
1802 679 2197 761 gastinaeum
2238 679 2523 765 ipsarum
2571 684 2636 744 et
2678 698 2821 744 cum
2867 678 3158 744 omnibus
3204 676 3459 743 villanis
3506 680 3573 743 et

685 809 902 855 eorum
947 787 1250 854 uxoribus
1299 806 1372 854 ac
1415 786 1750 852 heredibus
1797 806 2037 868 eorum,
2085 804 2226 850 cum
2274 785 2562 851 omnibus
2606 786 3108 871 possessionibus
3154 791 3220 853 et
3254 784 3572 851 heredita·

683 895 854 962 tibus
899 916 1120 961 eorum
1164 893 1670 980 supradictorum
1705 892 2079 957 villanorum
2124 912 2243 977 pro
2287 892 2490 959 tribus
2536 891 2791 959 milibus
2838 898 2904 958 et
2932 892 3243 959 sexcentis
3272 891 3571 958 bisantiis

685 1002 1124 1084 sarracenatis,
1179 1020 1301 1086 que
1343 1002 1470 1067 tria
1513 999 1692 1065 milia
1737 998 2151 1065 bisantiorum
2200 1005 2263 1065 et
2306 1003 2638 1065 sexcentos
2684 1020 2799 1065 nos
2845 1001 3351 1083 recog-noscimus
3394 1018 3571 1065 rece-

682 1108 856 1194 pisse
913 1109 991 1174 ab
1049 1108 1270 1174 eodem
1327 1114 1696 1193 preceptore
1753 1106 2007 1172 nomine
2064 1098 2231 1172 di'cte
2288 1106 2510 1173 domus
2568 1106 2900 1192 hospitalis
2959 1106 3041 1173 ad
3094 1106 3451 1174 habendum
3506 1112 3573 1173 et

684 1214 1134 1301 possidendum
1179 1215 1347 1281 idem
1395 1214 1601 1281 casale
1647 1233 1791 1279 cum
1835 1211 2127 1279 omnibus
2170 1214 2437 1296 gastinis
2481 1218 2546 1279 et
2590 1213 2880 1279 omnibus
2920 1213 3281 1281 hominibus
3310 1219 3376 1280 et
3405 1214 3570 1279 teni·

683 1322 916 1388 mentis
973 1342 1186 1387 eorum
1255 1322 1442 1407 pleno
1499 1322 1636 1387 iure
1695 1320 1957 1385 dominii
2014 1324 2078 1385 et
2134 1320 2214 1385 ad
2268 1319 2622 1386 faciendum
2682 1340 2763 1386 ex
2819 1321 2909 1386 eis
2970 1340 3166 1407 supra
3220 1320 3569 1386 nominatis

682 1429 893 1512 rebuS,
941 1428 1236 1513 quicquid
1265 1428 1482 1494 velint.
1552 1427 1624 1494 In
1669 1427 1846 1492 cuius
1893 1427 1987 1492 rei
2030 1428 2461 1493 testimonium
2510 1448 2623 1511 ego
2654 1426 2921 1493 Isabella
2964 1428 3043 1493 de
3073 1428 3309 1495 Betsan
3354 1432 3423 1493 et
3450 1447 3569 1510 ego

683 1534 1074 1601 Bertrandus
1111 1534 1398 1601 Porcelet
1441 1540 1766 1621 presentes
1810 1533 2055 1599 litteras
2102 1534 2295 1617 sigilli
2338 1535 2541 1600 nostri
2584 1534 2864 1621 plumbei
2910 1535 3255 1601 munimine
3299 1534 3569 1600 fecimus

683 1642 988 1708 roborari.
1082 1642 1314 1708 Actum
1371 1646 1470 1707 est
1529 1641 1648 1707 hoc
1713 1640 1781 1706 in
1845 1641 2171 1726 presencia
2226 1639 2479 1706 Ricardi
2536 1640 2586 1707 F
2589 1641 2881 1725 ilangerii
2936 1642 3305 1709 marescalci
3364 1642 3570 1727 impe-

685 1748 862 1815 rialis
923 1754 987 1814 et
1039 1749 1218 1831 regni
1262 1747 1746 1815 Ierosolimitani
1801 1747 1995 1813 balivi
2053 1752 2117 1813 et
2172 1749 2337 1812 sacri
2380 1748 2632 1833 imperii
2675 1749 2866 1832 legati
2914 1750 2980 1813 in
3024 1748 3311 1834 partibus
3360 1746 3563 1833 Syrie.

685 1854 888 1921 Huius
933 1856 1026 1920 rei
1071 1860 1264 1921 testes
1311 1859 1458 1921 sunt
1497 1854 1896 1920 Boemundus
1945 1854 2235 1920 dominus
2264 1853 2670 1937 Bothoronis;
2720 1856 2993 1921 Thomas
3038 1856 3117 1922 dc
3146 1855 3333 1939 Ham,
3380 1874 3567 1921 cone-

685 1961 969 2028 stabulus
1017 1962 1474 2048 Tripolitanum
1522 1952 1830 2027 Henricus
1877 1961 1957 2028 de
2000 1960 2141 2027 Rufi
2188 1967 2252 2027 et
2294 1960 2599 2028 Radulfus
2640 1983 2839 2049 nepos
2886 1964 3051 2045 eius;
3104 1960 3439 2049 Philippus
3486 1962 3563 2027 de

894 2210 937 2271 1,
962 2208 1026 2260 21
1067 2226 1118 2261 n.
1138 2208 1225 2262 35.
1403 2208 1449 2259 1.
1485 2209 1762 2275 recipiente
1797 2208 1860 2259 Β.

689 2457 812 2529 78.
857 2460 1050 2526 1234.
1111 2460 1430 2525 Ricardus
1453 2459 1881 2545 Filanqerius,
1917 2464 2102 2546 requi
2128 2461 2697 2547 Hierosolymitani
2722 2460 3073 2547 imperialis
3106 2460 3377 2541 baiulus,
3414 2481 3561 2523 con-

858 2568 1112 2651 firmat,
1177 2568 1349 2653 quod
1390 2565 1666 2631 [sabella
1711 2569 1788 2631 de
1832 2567 2069 2633 Betsan
2131 2581 2184 2633 et
2228 2568 2626 2634 Bertrandus
2671 2568 2960 2633 Porcelet
3014 2568 3233 2633 domui
3281 2566 3340 2631 k.
3378 2589 3428 2631 ε.
3464 2566 3559 2632 Μ.

871 2673 986 2739 Th.
1020 2674 1075 2739 I.
1109 2675 1454 2739 Arrabiam
1501 2686 1556 2739 et
1601 2674 1949 2738 Zeckanim
1994 2676 2422 2741 vend-iderunt.

903 2814 1042 2899 Ego
1100 2814 1404 2881 Ricardus
1460 2813 1854 2897 Filangcrius
1923 2816 2329 2882 mariscalcus
2396 2814 2773 2903 imperialis,
2844 2814 3024 2897 regni
3079 2812 3563 2880 Ierosolimitani

685 2922 931 2988 baiulus
979 2929 1044 2988 et
1087 2923 1250 2988 sacri
1292 2921 1547 3007 imperii
1592 2921 1838 3005 legatus
1883 2922 1952 2987 in
1996 2923 2282 3008 partibus
2330 2921 2544 3009 Syrie,
2590 2927 2806 2988 notum
2852 2922 3015 2988 facio
3062 2921 3373 2987 universis
3417 2939 3564 3005 pre-

685 3034 896 3095 sentes
941 3029 1184 3095 litteras
1230 3030 1630 3115 inspecturiS,
1679 3028 1845 3112 quod
1875 3028 2141 3095 Isabella
2172 3030 2249 3095 de
2277 3029 2533 3115 Betsan,
2578 3029 2712 3095 filia
2740 3028 3055 3113 quondam
3086 3026 3367 3113 Philippi
3395 3024 3562 3093 Ruffi

607 3182 614 3189 ·
689 3142 751 3202 et
795 3134 1182 3202 Bertrandus
1223 3135 1507 3201 Porcelet
1549 3136 1816 3201 maritus
1863 3156 2012 3202 suus
2056 3136 2125 3202 in
2170 3138 2501 3222 presencia
2541 3141 2686 3203 inea
2730 3143 2795 3203 et
2838 3136 3101 3202 aliorum
3146 3134 3455 3200 nobilium
3498 3138 3567 3199 ct

687 3243 860 3309 curie
918 3242 1099 3325 regni
1143 3242 1626 3309 lerosolimitaui
1685 3242 1764 3309 de
1813 3243 1979 3310 bona
2024 3248 2087 3309 et
2130 3244 2407 3327 gratuita
2451 3244 2772 3310 voluntate
2816 3244 3097 3329 ipsorum
3142 3240 3451 3306 dederunt
3494 3240 3563 3305 in

687 3349 1094 3415 elemosinam
1151 3354 1216 3414 et
1273 3349 1689 3415 vendiderunt
1741 3350 1923 3416 fratri
1978 3348 2264 3435 Lutolf0,
2330 3356 2483 3417 tunc
2538 3350 2843 3437 temporis
2902 3344 3287 3435 preceptori¹
3340 3346 3562 3411 domus

684 3456 1016 3542 hospitalis
1076 3461 1290 3521 sancte
1348 3456 1548 3522 Marie
1592 3456 2113 3523 Theotonicorum
2160 3457 2674 3542 Ierosolimitani,
2730 3455 3061 3542 recipienti
3112 3454 3251 3519 loco
3306 3458 3374 3519 et
3425 3454 3563 3518 iure

683 3562 886 3649 ipsius
933 3562 1155 3629 domus
1203 3566 1267 3628 et
1311 3563 1598 3646 magistri
1645 3563 1744 3627 sui
1791 3564 1912 3628 duo
1960 3564 2195 3629 casalia
2238 3564 2533 3630 videlicet
2560 3564 2899 3630 Arrabiam
2944 3568 3009 3628 et
3034 3560 3375 3628 Zechanim
3418 3578 3563 3625 cum

686 3669 976 3735 omnibus
1022 3670 1428 3757 pertinenciis
1476 3674 1540 3735 et
1583 3670 1848 3735 iusticiis
1881 3670 2219 3737 eorundem
2267 3676 2329 3737 ct
2363 3668 2669 3754 gastinis²
2697 3668 3047 3753 Bel-henne,
3093 3668 3367 3750 Mezcra,
3410 3665 3562 3733 Mis-

684 3776 935 3862 kalym,
992 3796 1135 3843 cum
1181 3776 1432 3842 villanis
1489 3776 1914 3863 predictorum
1973 3778 2275 3845 casalium
2335 3782 2399 3844 et
2452 3776 2841 3860 gastinarum
2898 3777 3182 3861 ipsarum
3236 3780 3301 3840 et
3344 3793 3563 3841 eorum

683 3883 986 3948 uxoribus
1033 3902 1108 3949 ac
1151 3882 1317 3966 filiis,
1365 3883 1550 3948 terris
1597 3882 1898 3948 laboratis
1945 3889 2011 3949 et
2052 3903 2181 3951 non
2224 3883 2558 3968 laboratiS,
2606 3884 2943 3968 montibus,
2988 3882 3279 3966 vallibus,
3332 3881 3561 3967 planis,

683 3989 1066 4074 nemoribuS,
1121 3989 1302 4073 aquis
1349 3995 1413 4054 et
1457 3991 1742 4075 pascuiS,
1789 3992 2059 4076 receptis
2105 3991 2251 4057 inde
2296 3990 2375 4056 ab
2422 3991 2637 4056 eodem
2683 3995 3054 4077 preceptore
3096 3990 3351 4054 nomine
3397 3988 3563 4053 dicte

684 4096 906 4161 domus
961 4095 1292 4182 hospitalis
1351 4095 1554 4162 tribus
1611 4096 1866 4163 milibus
1923 4101 1989 4163 et
2044 4098 2357 4164 sexcentis
2403 4098 2692 4164 bisantiis
2738 4096 3157 4163 sarracenatis
3202 4095 3283 4161 ad
3326 4094 3562 4162 haben-

684 4202 832 4268 dum
894 4207 958 4269 et
1017 4203 1464 4288 possidendum
1519 4204 1740 4269 eadem
1797 4204 2034 4270 casalia
2086 4224 2229 4270 cum
2286 4204 2551 4287 g'astinis
2610 4209 2674 4269 ct
2726 4203 3014 4269 omnibus
3072 4201 3433 4268 hominibus
3490 4220 3563 4267 ac

681 4310 1046 4375 tenimentis
1101 4310 1385 4396 ipsorum
1439 4308 1628 4396 pleno
1684 4310 1821 4377 iure
1875 4310 2139 4377 dominii
2198 4316 2263 4377 et
2314 4310 2394 4377 ad
2438 4310 2795 4377 faciendum
2842 4330 2921 4377 ex
2968 4310 3205 4376 eisdem
3251 4306 3561 4376 casalibus

683 4416 982 4501 quicquid
1010 4416 1235 4499 velint3
1283 4422 1542 4503 propter
1574 4416 1737 4501 quod
1783 4416 1942 4483 mihi
1984 4417 2189 4483 dictus
2234 4422 2567 4504 preceptor
2612 4416 3011 4504 supplicavit,
3056 4422 3129 4483 ut
3158 4416 3562 4482 donationem

681 4529 748 4590 et
789 4523 1224 4590 vendicionem
1280 4524 1486 4608 ipsam
1541 4523 1663 4590 sibi
1710 4529 1776 4590 et
1818 4524 2035 4589 domui
2080 4524 2247 4591 dicte
2290 4524 2521 4591 factam
2538 4574 2558 4607 ,
2616 4530 2805 4610 prout
2848 4524 3139 4611 superius
3184 4523 3561 4605 continetur,

681 4630 889 4713 sigillo
950 4651 1092 4696 mco
1148 4629 1529 4697 roborarem.
1615 4628 1754 4713 Ego
1808 4631 2003 4713 igitur
2060 4631 2389 4697 attendens
2446 4637 2628 4714 grata
2687 4638 2751 4697 et
2806 4636 3065 4717 accepta
3116 4630 3283 4697 dicte
3340 4630 3561 4697 domus

681 4738 980 4822 servicia,
1043 4758 1164 4822 que
1219 4737 1474 4803 domino
1546 4738 1915 4823 imperatori
1972 4738 2209 4804 dudum
2266 4738 2511 4804 exibuit
2562 4742 2629 4804 et
2688 4737 2899 4804 exibet
2952 4739 3371 4822 incessanter,
3430 4738 3561 4803 suis

679 4844 972 4929 precibus
1023 4844 1364 4910 inclinatus
1423 4844 1822 4911 donationem
1881 4850 1946 4910 et
1992 4845 2437 4911 venditionem·
2478 4845 2599 4912 sibi
2656 4850 2723 4910 et
2775 4844 2991 4910 domui
3046 4866 3159 4911 sue
3202 4846 3439 4911 factam
3484 4844 3561 4909 ab

682 4950 919 5018 eisdem
961 4950 1228 5019 Isabella
1283 4957 1347 5018 et
1388 4950 1737 5017 Bertrando
1783 4950 2071 5019 Porcelet
2114 4952 2191 5018 de
2236 4950 2548 5018 casalibus
2596 4952 3005 5038 supradictiS,
3062 4951 3229 5018 sicut
3272 4952 3563 5039 superius
