3892 5609
1707 305 1932 354 BunzA
2247 349 2250 352 .
3108 293 3255 363 157

400 461 433 529 1
449 459 574 530 60.
618 462 811 530 1212.
880 463 1174 530 Andreas
1220 462 1539 550 Unqariae
1582 487 1696 530 rex
1740 467 1935 530 donat
1979 465 2350 550 „cruciferis
2396 466 2476 530 de
2517 466 2736 532 Bozza
2781 463 2860 530 ab
2905 467 3065 550 ipsis
3112 488 3260 530 con-

612 574 917 638 structum
959 582 1233 636 castrum
1277 567 1671 658 Quo(z)pur9
1718 595 1859 636 cum
1892 575 2108 658 pratis
2153 571 2648 638 adiacentibus“.

605 692 658 756 1,
696 691 858 745 126v.
894 711 935 746 s.
961 711 1009 746 a.
1046 691 1099 742 in
1144 690 1520 744 confirmatione
1566 693 1633 744 (lo
1673 691 1805 746 1231
1846 711 1956 761 apr.
1979 693 2066 746 26.
2135 693 2268 746 Edd.
2293 693 2514 746 Teutnch
2557 700 2613 744 et
2643 691 2923 744 Fimhaber
2958 691 3060 742 XX
3095 709 3146 744 ιι.
3171 690 3260 756 48,

389 781 477 847 qni
523 781 684 832 citant
718 780 947 834 Schuller
981 781 1169 832 Archiv
1202 781 1256 843 Ι,
1290 779 1414 832 220.
1476 780 1675 834 Seiron-t
1710 781 1902 848 Ungar.
1936 781 2175 848 Maguin
2208 781 2302 846 IV,
2337 781 2460 835 223.
2525 781 2660 834 Grai·
2688 780 2862 834 Alexis
2897 779 3114 832 Bethlen
3147 779 3257 832 Ge-

390 868 619 923 schiohto
654 869 746 923 des
780 868 846 922 D.
873 869 935 922 Ο.
969 868 1021 921 in
1058 868 1445 938 Siobenbnrgen
1479 885 1531 936 p.
1556 867 1643 923 76.
1706 869 1861 938 Pejor
1895 871 1989 934 ΠΙ,
2019 871 2067 935 1,
2095 869 2213 924 118.

401 1107 493 1178 16
510 1107 575 1177 1.
614 1110 809 1178 1213.
873 1111 1253 1193 Willielmus,
1295 1109 1785 1177 Transsilvanus
1817 1115 2166 1199 episcopus,
2205 1111 2531 1198 fratribus
2560 1111 2894 1198 hospitalis
2927 1133 2977 1176 s.
3003 1111 3258 1178 Mariae

613 1220 683 1283 in
714 1217 1057 1284 Ierusalem
1101 1219 1179 1282 de
1223 1219 1407 1284 domo
1446 1217 1931 1284 Teutonicorum
1971 1221 2044 1284 in
2089 1232 2260 1286 terra
2304 1219 2516 1284 Borza
2561 1221 2944 1285 decimarum
2989 1221 3260 1305 exceptis

616 1327 693 1391 de
720 1323 1053 1412 Hunyaris
1095 1337 1153 1391 et
1184 1323 1420 1391 Siculis
1456 1325 1968 1412 provenientibus
2009 1329 2472 1414 perceptionem
2503 1327 2698 1392 donat
2742 1338 2800 1392 et
2841 1328 3260 1392 institutiones

614 1434 1005 1498 sacerdotum
1046 1435 1376 1497 reservatis
1419 1432 1547 1497 sibi
1588 1432 1813 1499 horum
1828 1471 1831 1477 ·
1848 1435 2265 1515 ordinatione,
2309 1435 2758 1519 procuratione
2801 1433 3058 1512 decenti,
3108 1455 3258 1497 cau-

613 1559 830 1603 sarum
874 1539 1334 1620 criminalium,
1394 1541 1665 1604 maoeime
1722 1542 1812 1606 ad
1854 1542 2246 1606 sacerdotum
2289 1541 2738 1626 depositionem
2786 1542 3257 1625 pertinentium,

614 1645 1066 1712 iurisdictione.

608 1765 901 1818 continetur
936 1767 988 1817 in
1024 1785 1075 1818 n.
1107 1765 1206 1818 162
1252 1766 1383 1819 infra
1419 1766 1484 1818 de
1525 1766 1661 1819 1218
1697 1768 1844 1835 april.
1871 1769 1954 1821 19.
2019 1767 2304 1820 Edidorunt
2345 1765 2520 1820 ultimo
2554 1765 2772 1818 Toutsoh
2815 1775 2869 1818 et
2903 1767 3182 1819 Firnhaber
3217 1765 3260 1830 1,

398 1853 460 1904 11
500 1871 551 1906 n.
576 1853 720 1917 xm,
757 1863 925 1918 antea,
961 1855 1049 1922 qui
1083 1856 1299 1907 citantur
1333 1855 1405 1907 ibi
1437 1873 1489 1923 p.
1514 1855 1656 1909 XXI.

400 2093 575 2164 162.
617 2097 795 2163 1218
838 2098 1066 2183 aprilis
1100 2099 1184 2165 19
1226 2099 1550 2164 Laterani.
1620 2099 1947 2166 Honorius
1985 2122 2170 2187 papa
2199 2099 2323 2165 III
2361 2096 2550 2179 (Cum
2592 2121 2636 2162 a
2678 2096 2890 2179 nobis)
2937 2097 3262 2181 confirmat

618 2205 835 2269 ordini
882 2203 1262 2271 Theutonico
1306 2229 1370 2270 n.
1404 2205 1531 2272 161
1580 2229 1797 2294 supra.

606 2324 865 2392 originale
899 2326 953 2378 in
988 2325 1189 2379 archivo
1224 2325 1611 2393 Regimontano.
1674 2328 1805 2381 Edd.
1832 2328 2054 2380 Teutsoh
2087 2335 2142 2380 et
2175 2326 2455 2379 Firnhaber
2489 2326 2534 2388 Ι,
2575 2325 2656 2379 12.
2693 2325 2834 2378 XIV.

402 2562 575 2634 163.
618 2567 793 2634 1222
835 2591 886 2632 s.
918 2569 983 2632 d.
1031 2580 1089 2634 et
1132 2569 1173 2632 l.
1221 2571 1407 2654 reqni
1456 2571 1664 2635 nostri
1716 2591 1883 2636 anno
1931 2571 2042 2635 17.
2125 2570 2451 2649 Andreas,
2515 2567 2832 2654 Unqariae
2883 2590 3028 2649 rea,
3087 2567 3254 2632 Her-

614 2697 847 2740 manno
860 2722 881 2754 ,
939 2678 1241 2760 maqistro
1293 2675 1627 2761 reliyiosae
1664 2677 2102 2762 fraternitatis
2146 2676 2477 2762 hospitalis
2536 2697 2586 2740 s.
2623 2676 2876 2740 Mariae
2918 2672 3254 2740 Theutoni-

615 2803 841 2846 corum·
858 2782 1368 2863 Ierosolimitani‚
1418 2785 1671 2868 eiusque
1696 2784 2023 2867 fratribus
2055 2785 2298 2868 confert
2337 2795 2570 2849 terram
2598 2782 2884 2851 Burzam
2915 2781 3088 2846 ultra
3119 2779 3253 2847 Sil-

614 2910 725 2953 vas
778 2911 991 2954 versus
1032 2887 1347 2955 Cumanos
1406 2891 1593 2955 sitam
1636 2891 1945 2956 desertam
2001 2903 2058 2956 et
2110 2890 2528 2956 inhabitatam
2581 2911 2722 2954 cum
2772 2888 3118 2974 multiplice
3175 2888 3255 2953 li-

614 2995 866 3062 bertate.

602 3115 645 3178 1,
669 3116 735 3167 51
774 3133 827 3168 ιι.
850 3116 936 3168 98.
992 3117 1067 3169 Of.
1092 3135 1247 3185 supra
1275 3116 1391 3169 127.
1446 3117 1507 3168 Ιιι
1528 3117 1900 3184 Regimontano
1931 3118 2152 3180 archivo,
2187 3117 2276 3169 ubi
2311 3116 2555 3184 originale
2589 3134 2690 3169 non
2728 3124 2893 3168 exstat
2928 3115 3122 3182 (errant
3155 3116 3254 3182 igi-

392 3213 475 3256 tur
510 3203 731 3256 Teutseh
765 3213 818 3256 et
851 3205 1132 3257 Firnhaber
1168 3222 1276 3272 reg.
1302 3205 1423 3272 77),
1466 3206 1566 3257 tria
1600 3205 1851 3257 habentur
1889 3215 2221 3258 transsumta:
2273 3207 2320 3257 1.
2360 3205 2497 3257 1260
2515 3204 2735 3258 -1270,
2790 3206 2848 3257 L.
2884 3205 3150 3271 guardiani
3193 3204 3256 3256 fr.

390 3292 511 3345 min.
546 3300 601 3344 et
633 3292 693 3344 L.
729 3292 1003 3360 supprioris
1037 3293 1101 3345 fr.
1137 3294 1343 3360 praedio
1366 3293 1747 3346 wiennensium
1758 3333 1774 3357 ,
1818 3295 1952 3346 mdo
1986 3306 2062 3346 ιιιο
2087 3306 2167 3346 (κιο
2191 3293 2348 3345 xxvii⁰
2359 3311 2376 3354 ς
2435 3293 2487 3345 2.
2537 3291 2675 3344 1280
2710 3293 2878 3344 martii
2917 3293 2998 3344 15.
3053 3291 3258 3344 Budolfi

390 3379 733 3433 Romanorum
766 3381 931 3447 regin
966 3381 1017 3434 3.
1059 3380 1192 3434 1317
1224 3391 1354 3448 sept.
1378 3381 1465 3434 29.
1518 3382 1757 3445 Thomas,
1794 3382 2154 3450 strigoniensis
2191 3381 2570 3449 archiepiscopi.
2623 3380 2906 3432 Ediderunt
2941 3380 3062 3432 satis
3097 3380 3256 3432 malo:

390 3467 612 3520 'l'eutsch
647 3477 702 3520 et
736 3468 1015 3522 Firuhaber
1048 3469 1463 3522 Urkundonbuch
1498 3487 1585 3520 zur
1622 3471 1925 3522 Geschichto
1964 3471 2392 3536 Siebenbflrgens.
2439 3469 2592 3520 wien
2621 3466 2774 3520 1857.
2823 3468 2866 3528 Ι,
2910 3467 2971 3519 17
3008 3486 3058 3520 ιι.
3082 3468 3257 3519 XVIII

391 3565 461 3618 et,
498 3556 585 3622 qui
618 3557 835 3610 citantur
867 3558 962 3610 ibi:
999 3557 1228 3610 Schnllor
1250 3557 1438 3609 Archiv
1473 3559 1517 3619 Ι,
1542 3557 1676 3619 224;
1712 3559 1865 3625 Ροῇόι-
1900 3560 2022 3611 Ood.
2040 3558 2174 3624 Ung.
2195 3559 2288 3618 111,
2318 3559 2365 3621 1,
2391 3554 2512 3608 370.
2570 3557 2644 3608 Cf.
2665 3555 2820 3622 Voigt
2855 3556 2920 3608 G.
2946 3555 3007 3607 P.
3039 3557 3108 3618 Π,
3139 3555 3256 3608 127.

388 3645 557 3697 Adest
578 3645 777 3712 Regim.
801 3647 955 3699 otiam
976 3645 1189 3700 Honorii
1212 3646 1289 3698 111
1311 3647 1436 3712 orig.
1461 3646 1772 3699 confirmatio
1795 3647 1847 3698 d.
1866 3647 1919 3698 d.
1936 3646 2175 3698 Laterani
2196 3645 2331 3697 1222
2358 3646 2468 3697 deo.
2485 3645 2576 3706 19;
2607 3643 2738 3696 male
2763 3643 2952 3696 edelar.
2969 3653 3024 3696 et
3041 3644 3102 3698 F.
3111 3645 3256 3696 XIX.

401 3900 576 3971 164.
623 3904 799 3971 1224
844 3905 1035 3992 april.
1066 3905 1157 3971 30
1200 3905 1526 3970 Laterani.
1596 3903 1923 3970 Honorius
1966 3929 2146 3992 papa
2175 3905 2300 3971 III
2347 3902 2589 3987 (Grata
2632 3904 2778 3986 deo)
2825 3918 3058 3972 terram
3085 3905 3258 3970 Boze

620 4022 677 4075 et
717 4011 887 4077 ultra
915 4025 1151 4078 montes
1192 4013 1437 4077 niviwm
1477 4012 1823 4097 petentibus
1868 4016 2172 4099 magistro
2219 4025 2277 4078 et
2301 4012 2625 4097 fratribus
2655 4012 2984 4098 hospitalis
3030 4035 3081 4076 s.
3105 4011 3256 4076 Ma-

614 4119 752 4182 riae
804 4117 1329 4184 Theutonicorwm
1372 4117 1715 4183 Ierusalem
1768 4120 1839 4184 in
1892 4121 1995 4185 ius
2057 4132 2114 4185 et
2159 4122 2615 4207 proprietatem
2667 4119 3049 4205 apostolicae
3093 4119 3260 4183 sedis

617 4227 879 4310 suscipit
932 4237 1215 4310 vetatque
1271 4245 1647 4310 quemquam
1690 4225 2233 4312 archiepiscopum
2275 4226 2375 4290 vel
2431 4229 2792 4313 episcopum
2845 4225 2940 4290 ibi
2993 4226 3257 4290 iurisdi-

618 4333 882 4396 ctionem
926 4352 1235 4412 exercere,
1296 4331 1831 4418 archipresbytero
1893 4345 2096 4398 terrae
2138 4344 2549 4414 reservatam,
2611 4353 2794 4417 quem
2835 4343 2960 4418 'per
3006 4331 3258 4417 διν-ὅρο-

611 4440 887 4504 niensem
920 4439 1481 4525 archiepiscopum,
1530 4451 1677 4504 tunc
1699 4440 2072 4526 Aqriensem
2113 4442 2493 4568 episcopum,
2538 4439 3026 4524 praeficiendum
3071 4459 3259 4503 cura-

615 4556 807 4610 verat.

606 4665 1029 4727 11,124v.sin0
1067 4665 1201 4718 dato.
1272 4663 1458 4717 Datum
1504 4667 1737 4733 supplevi
1772 4685 1801 4719 ο
1837 4666 2057 4720 'leutsch
2105 4675 2158 4717 et
2193 4665 2472 4717 Firnhaber
2507 4665 2541 4717 1.
2575 4664 2706 4728 o.1,
2742 4663 2812 4715 26
2846 4682 2898 4716 ιι.
2923 4663 3124 4725 XXVI;
3174 4663 3260 4729 qui

390 4753 547 4804 etiam
582 4753 740 4804 citant
773 4754 1017 4806 editores·
1054 4754 1257 4806 Katona.
1274 4754 1338 4817 V,
1364 4755 1484 4808 260.
1540 4755 1778 4808 Schlozer
1802 4755 1921 4808 321.
1977 4755 2130 4822 Fejer
2154 4754 2245 4818 ΙΠ,
2271 4754 2319 4818 1,
2343 4753 2466 4807 459.
2518 4753 2750 4821 Bardosy
2775 4753 2940 4821 suppl.
2966 4769 3082 4806 ann.
3107 4751 3257 4818 Scep.

392 4859 443 4909 p.
468 4841 593 4896 413.
648 4841 864 4894 Bethlen
899 4841 964 4895 D.
991 4842 1053 4896 Ο.
1089 4859 1142 4910 p.
1166 4843 1253 4896 91.
1308 4843 1539 4896 Schuner
1574 4842 1761 4896 Axohiv
1796 4843 1839 4907 1,
1874 4843 1996 4896 226.
