3892 5609
1338 346 1727 414 vamn'cmi
1773 363 2165 415 GENERAHA
2265 328 2273 336 ’
2908 418 2927 425 ,
3033 350 3181 423 329

321 529 388 591 et
431 524 657 591 crescit
701 528 764 590 et
807 522 1084 609 reposita
1113 522 1180 588 in
1210 544 1436 589 manus
1466 545 1815 612 pauperum
1847 526 2108 593 celestes
2156 525 2513 608 congeritur
2542 526 2611 591 in
2638 524 2988 607 thesauros,
3036 524 3187 610 quin

320 632 565 718 potiuS,
623 631 788 715 quod
833 630 940 699 uni
985 650 1064 695 ex
1111 630 1390 697 minimis
1436 632 1670 699 factum
1715 634 1906 699 fuerit
1951 632 2027 698 de
2076 632 2367 719 operibus
2413 632 2715 716 caritatiS,
2762 632 2887 719 ipsi
2934 631 3187 697 domino

321 738 557 804 factum
616 737 956 803 secundum
1004 738 1285 803 veritatis
1334 738 1650 822 eloquium
1695 740 2079 825 perhibetur.
2160 736 2303 804 Non
2348 746 2447 805 est
2491 744 2699 805 autem
2748 738 2967 822 alicui,
3024 738 3188 803 sicut

324 846 738 926 arbitramur,
811 823 1230 927 incognitum,
1304 844 1471 929 quod
1539 846 1751 912 dilecti
1817 846 1964 929 filii,
2032 848 2261 912 fratres
2317 846 2649 932 hospitalis
2716 851 2931 911 sancte
2988 844 3187 911 Marie

323 952 845 1018 Theotonicorum
892 950 1406 1035 lerosolimitani,
1471 953 1578 1036 qui
1624 973 1738 1019 sua
1783 954 2027 1037 omnia,
2074 954 2269 1019 immo
2316 958 2381 1018 et
2422 972 2490 1039 se
2534 954 2707 1037 ipsos
2754 952 3187 1038 superimpen-

321 1060 482 1124 dunt
537 1058 793 1125 servitio
839 1057 1021 1122 Ihesu
1070 1056 1333 1140 Christi,
1393 1060 1486 1125 sic
1541 1060 1764 1125 intenti
1809 1065 1959 1124 sunt
2004 1060 2172 1144 circa
2217 1078 2409 1144 opera
2454 1058 2765 1142 caritatis,
2828 1057 3187 1143 specialiter

321 1166 401 1231 ad
473 1164 896 1231 defensionem
966 1162 1107 1230 fidei
1179 1165 1548 1249 christiane,
1619 1167 1965 1232 emulantes
2036 1164 2489 1250 quodammodo
2555 1165 2756 1232 zelum
2816 1164 3185 1248 Mathathie,

319 1258 490 1337 cum‘
511 1272 754 1338 videret
811 1276 1030 1336 sancta
1087 1272 1325 1338 domini
1381 1274 1458 1340 ab
1521 1273 1752 1339 exteris
1807 1272 2166 1339 nationibus
2224 1270 2642 1357 prophanari,
2702 1273 2809 1356 qui
2867 1274 3063 1339 vitam
3116 1273 3187 1337 in

320 1379 632 1464 patientia
675 1377 972 1444 tullerant
1017 1384 1081 1443 et
1122 1380 1190 1443 in
1235 1380 1544 1445 desiderio
1590 1386 1853 1445 mortem
1905 1379 2169 1461 habent,
2230 1378 2409 1444 bonis
2454 1385 2665 1445 tamen
2712 1378 3045 1445 celestibus
3090 1380 3188 1444 in-

317 1486 585 1551 hiantes.
693 1484 850 1549 Cum
925 1485 1120 1568 igitur
1193 1486 1345 1551 dicti
1415 1482 1691 1569 fratres¹,
1769 1486 1876 1570 qui
1954 1484 2281 1553 effundunt
2354 1506 2505 1571 opes
2582 1491 2644 1551 et
2718 1486 2975 1552 tradunt
3050 1505 3187 1551 cor-

319 1610 480 1677 pora
534 1612 648 1677 pro
707 1591 841 1657 zelo
899 1591 1044 1657 fidei
1103 1592 1470 1677 christiane,
1535 1593 1611 1658 ad
1674 1592 2047 1659 elemosinas
2101 1612 2225 1657 non
2286 1592 2600 1659 sufficiant
2644 1599 3003 1675 consuetaS,
3062 1592 3186 1658 nisi

319 1696 598 1764 fidelium
657 1698 976 1779 suffragiis
1036 1699 1442 1780 adiuventur-3
1505 1700 1983 1765 universitatem
2042 1703 2313 1764 vestram
2369 1700 2717 1783 rogandam
2773 1699 3069 1764 duximus
3124 1703 3189 1764 et

322 1804 698 1871 monendam
746 1806 812 1869 in
843 1805 1276 1871 remissionem
1308 1806 1486 1872 vobis
1517 1806 1950 1892 peccaminum
1996 1806 2410 1889 iniungenteS,
2458 1807 2771 1890 quatinus,
2818 1824 2961 1871 cum
2992 1806 3186 1871 iidem

322 1912 551 1977 fratres
598 1911 695 1977 vel
743 1930 958 1977 eorum
1005 1912 1212 1977 nuntii
1259 1913 1336 1978 ad
1371 1933 1481 1979 vos
1521 1913 1808 1979 venerint
1852 1912 2224 1977 elemosinas
2270 1913 2528 1999 petituri
2572 1932 2687 1998 pro
2734 1912 3191 1978 sustentatione

321 2035 668 2103 pauperum
717 2037 790 2083 ac
833 2022 1002 2084 terre
1046 2024 1262 2084 sancte
1307 2040 1624 2101 succursu,
1671 2024 1852 2101 grata
1897 2020 1987 2084 eis
2034 2018 2314 2085 subsidia
2354 2019 2709 2101 conferatis,
2754 2020 2847 2083 ita
2876 2018 3043 2103 quod
3072 2037 3186 2103 per

321 2124 436 2188 hec
482 2130 546 2188 et
603 2123 728 2189 alia
783 2124 1037 2209 pietatis
1085 2144 1302 2209 opera,
1363 2146 1483 2210 que
1530 2126 1782 2191 domino
1837 2126 2189 2210 inspirante
2242 2125 2548 2207 feceritis,
2606 2124 2947 2211 proficiatis
3003 2124 3184 2191 bonis

319 2230 772 2316 temporalibus
817 2237 882 2297 et
924 2230 1104 2296 donis
1149 2252 1276 2297 non
1322 2232 1750 2299 destituamini
1795 2232 2216 2317 sempiternis.
2286 2232 2416 2297 Nos
2462 2227 2645 2297 vero²
2690 2232 2803 2315 eis,
2847 2232 2953 2316 qui
2998 2230 3184 2297 dictis

318 2335 620 2423 fratribus
677 2356 932 2403 manum
990 2339 1388 2423 porrexerint
1440 2340 1728 2425 pietatis,
1787 2340 1842 2405 si
1899 2359 2046 2405 vere
2101 2338 2337 2405 fuerint
2389 2339 2771 2424 penitenteS,
2842 2337 3183 2404 secundum

322 2446 738 2528 quantitatem
783 2444 1046 2510 subsidii
1093 2450 1156 2511 et
1199 2446 1548 2512 devotionis
1597 2446 1888 2513 affectum
1936 2465 2197 2511 suorum
2228 2446 2475 2511 veniam
2520 2446 2955 2532 peccaminum
3000 2443 3185 2530 polli-

321 2570 553 2618 cemur.
625 2550 858 2618 Datum
903 2550 1202 2619 Laterani
1247 2552 1317 2617 iii
1361 2573 1505 2619 non.
1539 2554 1837 2620 februarii
1883 2552 2285 2640 pmtificatus
2330 2553 2531 2619 nostri
2575 2572 2739 2618 anno
2784 2552 2890 2618 vii.

533 2690 654 2743 Sine
691 2693 834 2743 dato:
881 2692 1038 2743 Missa
1074 2693 1463 2759 archiepiscopis
1511 2704 1562 2744 et
1609 2695 1859 2761 episcopis
1897 2702 1993 2746 etc.
2054 2694 2131 2755 11,
2162 2692 2261 2744 103
2298 2710 2347 2744 n.
2374 2692 2469 2753 47;
2518 2693 2582 2745 A.
2608 2693 2677 2743 20
2714 2710 2763 2744 n.
2788 2692 2857 2743 45
2906 2690 3085 2742 Latine
3134 2698 3187 2740 et

321 2780 638 2832 Germanice.
667 2811 730 2818 —
771 2782 892 2832 Cum
919 2779 1064 2832 dato:
1101 2782 1166 2832 R.
1187 2780 1256 2832 70
1279 2782 1409 2832 inter
1434 2782 1826 2848 Ratisponensia
1849 2800 1898 2833 n.
1924 2782 2005 2833 16.
2153 2782 2197 2834 1.
2236 2782 2300 2833 A.
2319 2780 2389 2831 20
2412 2781 2581 2833 dilecti
2603 2781 2695 2832 filii
2718 2782 2899 2833 fratres
2925 2780 2987 2831 R.
3014 2778 3187 2830 dilecti

321 2868 503 2921 fratres
542 2880 594 2920 et
629 2868 718 2921 filii
753 2870 820 2921 Π.
963 2870 1012 2920 2.
1049 2870 1182 2920 enim
1219 2871 1284 2921 R.

327 3054 502 3125 390.
546 3060 720 3125 1223
748 3059 920 3144 febr.
955 3059 1364 3171 4-Laterani.
1433 3060 1758 3125 Honorius
1798 3058 1918 3124 III
1952 3064 2176 3145 repetit
2218 3083 2281 3123 n.
2308 3060 2445 3125 370
2490 3060 2565 3123 de
2599 3057 2773 3123 1223
2802 3058 3052 3121 ianuar.
3078 3056 3141 3121 5.

545 3196 858 3265 Honorius
889 3204 1004 3265 etc.
1209 3198 1313 3265 Ad
1345 3200 1732 3285 eripiendam
1766 3204 1911 3265 etc.·
1952 3199 2031 3266 D.
2063 3198 2363 3267 Laterani
2407 3199 2455 3265 ii
2484 3219 2630 3265 non.
2653 3196 2810 3265 febr.
2844 3219 2905 3283 p.
2923 3217 2985 3262 n.
3004 3216 3059 3261 a.
3073 3196 3181 3260 vii.

535 3329 730 3381 Bullam
766 3349 818 3396 p.
843 3330 947 3381 288
982 3339 1220 3396 tanquam
1257 3330 1321 3381 de
1364 3330 1498 3382 1223
1535 3332 1660 3381 febr.
1687 3330 1755 3381 26
1792 3332 1997 3382 citatam
2032 3350 2078 3382 r.
2104 3332 2296 3383 ianuar.
2322 3330 2390 3382 29
2428 3348 2477 3382 n.
2496 3330 2617 3381 381.

328 3560 502 3631 391.
544 3564 721 3631 1223
750 3566 977 3651 aprilis
1006 3563 1051 3630 7
1081 3563 1404 3629 Laterani.
1465 3564 1790 3629 Honorius
1816 3565 1938 3630 III
1972 3568 2193 3651 ‘repetit
2233 3588 2297 3629 π.
2324 3562 2466 3630 379
2496 3566 2572 3629 de
2594 3562 2771 3631 1223
2800 3566 3052 3627 ianuar.
3076 3562 3183 3627 16.

545 3704 862 3771 Honorius
921 3706 1252 3791 episcopus
1299 3726 1517 3772 servus
1579 3726 1902 3772 servorum
1960 3706 2059 3773 dei
2118 3704 2575 3773 venerabilibus
2629 3704 2931 3771 fratribus
2986 3702 3188 3769 archi-

323 3812 617 3897 episcopo
664 3810 1031 3895 Maguntino
1090 3818 1153 3879 et
1196 3813 1612 3896 suffraganeis
1667 3814 1799 3879 eius
1848 3820 1910 3879 et
1958 3812 2199 3879 dilectis
2240 3811 2388 3878 filiis
2432 3811 2792 3895 abbatibus,
2847 3810 3184 3897 prioribuS,

323 3918 1100 4007 archidiaconiadecanis
1146 3926 1210 3985 et
1255 3920 1396 3985 aliis
1443 3919 1848 3988 ecclesiarum
1893 3920 2155 4005 prelatis
2187 3938 2303 4005 per
2332 3918 2765 4003 Magantinam
2796 3918 3184 4004 provinciam

321 4026 680 4092 constitutis
712 4026 977 4092 salutem
1011 4031 1076 4092 et
1105 4026 1512 4112 apostolicam
1546 4028 2064 4093 benedictionem.
2275 4024 2425 4093 Paci
2459 4032 2523 4093 et
2552 4025 2745 4111 quieti
2774 4030 2889 4091 etc.
2951 4024 3187 4089 Datum

321 4131 620 4199 Laterani
665 4133 752 4198 vii
797 4133 957 4218 ydus
1005 4132 1224 4218 aprilis
1270 4132 1672 4219 pontificatus
1717 4134 1918 4201 nostri
1966 4153 2127 4199 anno
2173 4134 2283 4199 vii.

326 4388 503 4460 392.
542 4392 720 4458 1223
765 4392 914 4456 iulii
939 4391 1023 4457 31
1068 4390 1308 4477 Siqnie.
1379 4392 1704 4458 Honorius
1738 4393 1862 4458 III
1896 4395 2119 4479 repetit
2162 4415 2225 4456 n.
2252 4392 2393 4457 379
2439 4394 2514 4456 de
2544 4392 2720 4457 1223
2765 4394 3016 4457 ianuar.
3044 4390 3149 4455 16.

545 4532 862 4599 Honorius
909 4533 1241 4619 episcopus
1295 4553 1512 4600 servus
1569 4553 1890 4599 servorum
1953 4532 2053 4599 dei
2110 4531 2570 4599 venerabilibus
2626 4531 2927 4598 fratribus
2986 4530 3230 4601 archi-.

321 4640 615 4725 episcopo
661 4640 956 4705 Remensi
1013 4645 1076 4705 et
1133 4641 1267 4705 eius
1327 4640 1740 4723 suffraganeis
1799 4646 1862 4705 et
1921 4639 2165 4706 dilectis
2221 4636 2367 4703 filiis
2427 4636 2790 4722 abbatibuS,
2849 4640 3185 4725 prioribuS,

321 4748 680 4834 prepositis,
731 4746 1014 4829 decaniS,
1063 4745 1630 4831 archipresbiteris,
1678 4745 2135 4812 archidiaconis
2182 4750 2259 4810 et·
2290 4744 2430 4811 aliis
2478 4743 2879 4811 ecclesiarum
2929 4744 3188 4831 prelatis

319 4856 388 4919 in
410 4853 700 4919 Remensi
733 4853 1060 4938 provincia
1090 4853 1446 4918 constitutis
1479 4852 1741 4919 salutem
1777 4858 1841 4919 et
1870 4839 2280 4939 apostolicam
2311 4852 2828 4919 benedictionem.
3039 4852 3187 4919 Paci

324 4966 388 5025 et
432 4960 628 5045 quieti
675 4965 792 5025 etc.
869 4958 1102 5025 Datum
1154 4958 1368 5044 Signie
1411 4960 1457 5024 ii
1505 4959 1808 5025 kalendas
1854 4958 2103 5043 augusti
2150 4958 2553 5045 pontificatus
2598 4958 2800 5026 nostri
2846 4979 3008 5027 anno
3056 4960 3185 5026 viii.
