3892 5609
1159 343 1392 390 TERRA
1438 342 1720 391 SANm-A.
1793 343 2125 391 Animum.
2196 342 2462 391 crenus
3152 330 3247 401 27

377 522 594 570 mense
642 501 850 589 aprili.
918 501 1156 569 Datum
1189 500 1449 569 Aeehon
1493 524 1610 591 per
1651 523 1934 569 manum·
1960 504 2197 571 domini
2236 503 2423 570 Ioscii
2453 503 2753 589 Tyrensis
2799 502 3255 590 archiepiscopi

378 612 682 695 regnique
728 608 1104 676 cancellarii.

591 751 634 813 1,
672 751 740 801 25
777 768 828 802 n..
851 750 939 801 48.
993 751 1078 801 Ad
1101 767 1276 802 vocem
1311 750 1558 801 lemmatis
1589 752 1864 817 „carucatis
1897 752 2063 803 terre‘·'
2093 752 2373 803 rubricator
2409 751 2461 802 in
2496 751 2725 817 margine
2760 751 2983 803 inferiori
3020 758 3255 802 annotat:

387 840 650 905 „Chascun
686 840 870 891 charus
909 838 998 891 dot
1032 840 1208 891 havoir
1243 839 1380 891 xxiiii
1405 840 1581 891 cordes
1620 840 1686 891 du
1724 839 1874 906 longe
1913 848 1967 891 et
2000 842 2085 892 xvi
2122 841 2189 892 du
2224 842 2395 907 large;
2446 848 2498 891 et
2530 840 2581 891 la
2618 841 2769 892 corde
2806 840 2895 893 dot
2929 840 3103 891 haroir
3140 840 3258 892 xviii

381 930 510 981 toise
546 929 616 980 du
639 928 786 979 home
811 929 1054 991 mezaine,
1093 936 1145 979 et
1168 928 1266 979 insi
1288 928 1338 979 le
1361 938 1466 980 t⁰ut
1481 930 1548 995 (?)
1580 946 1642 979 en
1667 928 1719 979 la
1742 938 1935 980 secrete
1966 930 2034 981 du
2058 948 2227 981 reame
2253 929 2317 981 de
2340 929 2615 981 Ierusalem
2649 948 2741 997 par
2776 929 2948 981 l’a-sise
2985 928 3051 979 du
3088 946 3258 981 reame

360 1018 574 1093 ‘durant
609 1018 699 1067 dit.
741 1048 802 1055 —
846 1017 1082 1079 Quelibet
1117 1026 1379 1069 carrucata.
1413 1018 1624 1068 habebit
1659 1018 1796 1068 xxiiii
1833 1018 1980 1070 funes
2026 1020 2079 1070 in
2123 1019 2438 1085 longitudine
2487 1027 2539 1069 et
2572 1018 2655 1069 xvi
2696 1018 2748 1069 in
2783 1018 3065 1069 latitudine.
3130 1018 3257 1069 Item

381 1106 516 1158 funis
553 1106 762 1157 habebit
795 1106 914 1158 xviii
949 1125 1128 1173 passus
1167 1116 1406 1171 quantum
1442 1114 1613 1173 potest
1648 1108 1912 1160 mediocris
1950 1108 2099 1160 homo
2136 1124 2318 1174 capere
2356 1108 2590 1173 expansis
2627 1107 2870 1168 brachiis3
2910 1115 2963 1157 et
2998 1108 3070 1159 sic
3104 1107 3261 1158 habet

385 1195 692 1247 consuetudo
728 1196 874 1261 regni
908 1194 1341 1247 Ierosolimitani“.

1504 1358 2141 1369 ————-————--———-———-———

391 1534 513 1606 32.
561 1538 740 1605 1196
768 1540 1007 1601 marcio
1041 1537 1277 1603 Accon.
1345 1538 1660 1603 Hem-icus
1700 1536 2023 1603 Trea-ensis
2054 1560 2253 1603 eomes
2288 1538 2623 1625 palatinus
2668 1538 2865 1603 donat
2896 1538 3116 1602 domui
3145 1536 3258 1601 Ιιο-

563 1645 813 1733 spitalis
843 1644 1310 1711 Alamanorwm
1343 1648 1413 1710 in
1444 1646 1662 1711 Accon
1703 1648 2023 1732 qastinam
2053 1658 2256 1711 terrae
2285 1646 2372 1709 ad
2396 1645 2742 1729 faciendas
2774 1646 2991 1710 domos
3035 1647 3106 1709 in
3152 1668 3258 1709 ca·-

564 1754 738 1819 stello
786 1752 1094 1839 Ioppensi
1135 1766 1192 1817 et
1237 1755 1547 1839 quasdam
1590 1755 1805 1817 vineas
1852 1765 2028 1818 extra
2075 1752 2338 1839 Ioppen.

608 1892 844 1959 Notum
893 1895 978 1960 sit
1023 1894 1312 1961 omnibus
1356 1894 1757 1981 presentibus
1803 1899 1867 1959 et
1909 1894 2163 1978 futuris,
2212 1893 2377 1978 quod
2424 1912 2538 1976 ego
2571 1892 2891 1975 Herrieus‚
2933 1893 3261 1960 Trecensis

387 2020 597 2067 eomes
641 2000 960 2087 palatinus
1006 2008 1070 2069 et
1111 2002 1291 2086 regni
1320 2001 1662 2068 Ierusalem
1707 2001 2021 2084 dominuS,
2069 2020 2331 2067 assensu
2376 2004 2441 2067 et
2470 1999 2791 2090 voluntate
2821 2000 3074 2067 domine
3104 1999 3263 2067 Ysa-

386 2107 591 2193 bellis,
637 2109 854 2174 uxoris
885 2128 1041 2191 mee,
1086 2108 1353 2175 illustris
1387 2108 1700 2193 quondam
1731 2108 1900 2191 reg-is
1931 2106 2237 2174 Amalriei
2267 2106 2415 2191 filie,
2463 2107 2626 2173 dono
2668 2113 2733 2173 et
2774 2108 2842 2173 in
2888 2111 3261 2195 perpetuam

389 2215 798 2282 elemosinam
828 2216 1098 2283 concedo
1129 2215 1269 2301 tibi,
1315 2217 1500 2283 fratri
1529 2216 1811 2299 Heri-ico,
1861 2216 2083 2281 domus
2112 2214 2445 2302 hospitalis
2469 2214 2923 2280 Alamanorum
2954 2215 3021 2280 in
3045 2214 3262 2281 Aceon

387 2324 766 2409 preceptori,
814 2328 880 2390 et
921 2323 1202 2390 eiusdem
1249 2324 1471 2390 domus
1514 2324 1815 2390 fratribus
1863 2328 1926 2389 et
1955 2320 2223 2388 infirmis
2254 2320 2568 2407 quandam
2611 2321 2924 2403 gastinam
2970 2326 3137 2388 terre
3183 2320 3264 2387 ad

389 2430 608 2495 domos
662 2430 984 2496 faciendas
1041 2432 1110 2497 in
1168 2431 1425 2498 castello
1483 2432 1723 2517 Ioppen
1779 2431 1967 2497 sitam
2029 2433 2093 2495 et
2150 2428 2455 2513 quasdam
2510 2428 2728 2495 vineas
2784 2432 2964 2495 extra
3025 2427 3287 2514 Ioppen·

389 2538 565 2603 sitas.
637 2535 723 2603 Ut
752 2542 964 2605 autem
1000 2538 1116 2605 hee
1144 2558 1290 2605 mea
1321 2538 1576 2604 donatio
1625 2542 1688 2605 et
1731 2537 2118 2603 helemosina
2161 2541 2304 2601 rata
2349 2540 2413 2601 et
2456 2535 2829 2601 inconcussa
2872 2539 3261 2621 permaneat,

389 2652 746 2731 presentem
792 2650 1034 2712 cartam
1080 2646 1288 2730 sigillo
1333 2666 1473 2711 meo
1521 2649 1584 2711 et
1612 2646 1878 2712 testibus
1909 2643 2283 2730 subscriptis
2311 2642 2568 2728 precepi
2597 2643 2993 2708 communiri.
3061 2641 3265 2708 Huius

388 2752 484 2817 rei
527 2755 730 2817 testus
775 2758 952 2819 sunt:
998 2752 1182 2836 Hugo
1216 2753 1612 2840 Tyberiaesdis,⁶
1655 2752 1999 2819 Rainaldus
2034 2750 2323 2838 Sydonis‚
2371 2748 2677 2816 Radulfus
2708 2748 3121 2833 senescalcum,
3168 2748 3267 2815 Io-

390 2858 630 2924 hannes
680 2859 1117 2925 marescalcus,
1200 2861 1433 2927 Actum
1493 2880 1656 2926 anno
1713 2860 2027 2927 dominice
2080 2858 2533 2925 incarnationis
2579 2864 2668 2923 m⁰
2700 2864 2757 2922 0⁰
2786 2863 2887 2923 10⁰
2918 2856 3005 2923 vi⁰
3048 2874 3267 2922 mense

389 2966 648 3031 marcio.
718 2965 956 3033 Datum
986 2967 1244 3034 Aeehon
1287 2986 1401 3054 per
1431 2987 1686 3033 manum
1727 2967 1968 3035 domini
1998 2966 2183 3033 Ioseii
2214 2964 2513 3053 Tyrensis
2560 2964 3014 3051 archiepiscopi
3058 2962 3267 3047 regni-

393 3092 515 3158 que
560 3072 936 3140 esncellarii.
1473 3120 1482 3129 -
2982 3104 2985 3107 ·
3052 3120 3056 3124 ³

605 3214 647 3277 1,
685 3213 752 3265 27
789 3232 841 3267 n.
865 3214 952 3266 57.
1015 3213 1193 3266 Edidit
1225 3214 1400 3266 Dudik
1433 3214 1468 3267 1.
1495 3232 1537 3265 c.
1565 3214 1661 3276 52,
1706 3215 1843 3266 unde
1886 3214 2092 3281 repetiit
2122 3214 2158 3265 l.
2189 3214 2240 3265 b.
2278 3232 2311 3265 a
2344 3212 2459 3266 Tou
2492 3212 2525 3265 l.
2552 3228 2595 3265 c.
2632 3230 2683 3280 p.
2714 3212 2814 3264 123
2848 3212 3009 3266 n.v1.
3074 3210 3267 3263 Forsan

392 3303 576 3355 rectius
613 3304 679 3355 ad
719 3304 854 3356 1197
890 3303 1216 3355 reficiendum
1253 3312 1345 3354 est.

401 3607 522 3681 33.
573 3610 755 3677 1196
807 3612 936 3675 dec.
974 3610 1083 3675 21.
1178 3608 1510 3675 Coelestini
1551 3608 1676 3674 III
1721 3609 2251 3692 confirmationem
2316 3609 2479 3673 inter
2547 3607 2681 3673 alia
2749 3605 2873 3671 loci
2936 3604 3271 3691 hospitalis

574 3742 624 3783 s.
658 3718 751 3782 M.
785 3717 1294 3782 Alamannorum
1339 3718 1557 3797 Ieros„
1619 3719 1840 3781 domus
1889 3716 2163 3783 Scalone
2206 3718 2381 3796 sitae,
2432 3715 2665 3793 Zanzi,
2703 3712 3051 3779 ‘domorum
3094 3712 3273 3799 apud

575 3826 838 3906 Ramas,
887 3826 1130 3905 domus,
1178 3828 1526 3903 vinearum,
1572 3827 2037 3910 possessionum
2082 3824 2261 3909 apud
2304 3820 2531 3907 Iaffaz,
2580 3824 2800 3887 domus
2848 3821 3024 3907 apud
3052 3818 3272 3883 Accon

577 3934 916 4011 civitatem,
973 3932 1204 3996 casalis
1251 3934 1328 3997 de
1373 3930 1777 4019 Capharsim,
1837 3930 2042 3995 volcas
2078 3951 2286 4017 prope
2324 3942 2577 4015 portam
2623 3952 2671 3993 s.
2707 3927 2997 4005 Nicolai‚
3049 3926 3269 3990 domus

583 4038 747 4125 Tyri
801 4041 958 4104 sitae
1013 4040 1158 4105 vide
1211 4039 1390 4123 infra
1449 4041 1614 4105 incer
1669 4038 1905 4119 bullas,
1978 4038 2091 4103 ubi
2145 4040 2331 4102 etiam
2375 4037 2733 4101 Innocentii
2771 4034 2895 4099 III
2943 4034 3018 4097 de
3071 4030 3267 4111 1209,

576 4146 774 4225 1215,
825 4146 1018 4213 1216.

405 4428 526 4500 34.
575 4430 753 4499 1198
779 4432 952 4516 feb-r.
989 4432 1036 4498 8
1067 4430 1345 4497 Aeolion.
1408 4429 1772 4495 Amalricus
1798 4429 1885 4494 II
1917 4430 2532 4517 Himvsolymitanus
2577 4442 2633 4495 et
2668 4425 2868 4516 Cypri
2902 4448 3015 4491 rea:
3061 4426 3277 4491 beatae
3368 4457 3373 4463 ·

578 4540 833 4605 Mariae
878 4552 1128 4604 sanctae
1175 4540 1394 4603 domus
1442 4538 1771 4625 hospitalis
1823 4537 1885 4603 Τ
1880 4539 2349 4603 heutonicorum
2400 4538 2613 4603 vendit
2657 4536 2862 4601 casale
2902 4534 3163 4622 Aquille
3206 4537 3277 4597 in

575 4646 866 4733 partibus
901 4645 1134 4725 Aeson,
1187 4658 1242 4710 et
1286 4647 1482 4710 donat
1524 4647 1762 4711 reditus
1812 4646 2119 4731 quosdam
2164 4646 2241 4709 de
2286 4644 2600 4709 casalibus
2635 4642 2914 4729 Fierqio,
2964 4640 3272 4721 Umberw,

581 4756 860 4834 caeteris,
910 4754 1236 4836 confir-mat
1280 4753 1589 4818 libertates
1635 4756 1704 4817 in
1749 4776 1942 4839 reyno
1992 4752 2193 4840 Cypri
2236 4774 2572 4819 concessas.

623 4895 858 4963 Notum
905 4894 991 4961 sit
1035 4894 1324 4961 omnibus
1369 4893 1767 4979 presentibus
1815 4898 1878 4961 et
1921 4894 2173 4977 futuriS‚
2221 4894 2389 4979 quod
2434 4912 2547 4976 ego
2593 4890 2969 4977 Aymericus
3014 4909 3129 4974 per
3176 4888 3279 4956 dei

401 5003 678 5089 graciam
725 5022 842 5069 rex
885 5000 1227 5071 Ierusalem
1275 5021 1478 5067 nonus
1537 5005 1601 5068 et
1643 5022 1758 5069 rex
1803 5000 1983 5089 Cipri
2029 5021 2290 5069 assensu
2346 5011 2411 5067 et
2454 4998 2779 5067 voluntate
2822 4995 3077 5065 domine
3120 4996 3281 5064 Ysa-
