3892 5609
1379 311 1768 361 vamners
1813 312 2204 363 ennumnm
3068 303 3217 375 375

362 473 414 524 d.
441 473 492 523 d.
529 471 762 538 Lugduni
797 488 860 521 xv
882 470 986 521 kal.
1011 470 1116 521 iulii
1151 488 1201 537 p.
1227 488 1274 521 a.
1299 468 1334 521 6
1371 468 1682 537 (Devotionis
1707 472 1892 537 vestre)
1929 489 2021 537 pro
2058 482 2386 539 praeceptore
2421 483 2472 524 et
2503 472 2648 525 domo
2674 474 2724 524 in
2750 474 3013 541 Achingen
3042 474 3219 541 Augu-

362 562 546 613 stensis
593 562 803 613 diocesis
854 559 1110 627 (Aichach
1153 559 1205 609 in
1247 560 1490 626 Bavaria)
1503 578 1520 620 ς
1574 559 1816 625 originale
1862 577 1975 611 cum
2020 561 2157 612 bulla
2202 564 2255 613 in
2304 562 2399 613 filis
2448 563 2650 615 sericeis
2694 564 2749 615 in
2788 564 2985 615 archivo
3034 563 3222 614 ordinis

362 650 660 702 'l'heutonici
683 648 1078 709 vindobonensi,
1115 647 1364 713 quondam
1387 648 1769 713 Mergenthemi.
1816 648 1874 699 In
1912 648 2261 715 designatione
2292 650 2615 703 Mitowiensis
2652 652 2841 703 archivi
2876 670 2957 717 ap.
2986 652 3222 703 Schirren

369 739 468 790 129
505 756 555 789 n.
582 738 650 789 66
687 739 887 789 citatur:
925 736 1243 787 Innocentius
1269 736 1340 787 IV
1375 735 1604 801 indulget
1638 738 1876 803 magistro
1914 746 1969 788 et
2002 738 2238 790 fratribus
2264 738 2584 791 Theutonicis
2624 741 2675 791 in
2698 740 2907 791 Livonia
2942 747 2995 790 et
3018 738 3223 789 Prussia

363 826 544 878 clausis
589 826 777 887 ianuis,
823 843 923 878 non
967 824 1179 892 pulsatis
1223 826 1508 892 campanis,
1543 842 1666 877 voce
1702 842 1975 893 suppressa
2012 844 2155 879 sacra
2190 844 2437 894 peragere
2478 828 2691 880 exclusis
2727 838 2896 880 tamen
2930 827 3223 880 nominatim

364 915 798 968 excommunicatis
833 923 886 967 et
919 914 1212 966 interdictis.

371 1121 546 1192 531.
587 1122 627 1204 (
621 1124 792 1189 Inter
820 1122 998 1189 1243
1027 1125 1197 1187 iunii
1221 1122 1310 1188 28
1341 1134 1397 1187 et
1426 1122 1602 1189 1254
1631 1123 1834 1189 decbr.
1853 1122 1951 1203 7.)
1998 1124 2399 1190 Innocentius
2422 1122 2535 1189 IV
2552 1127 2774 1211 repetit
2802 1123 3083 1188 Honor-ii
3109 1122 3233 1189 III

586 1254 648 1295 n.
683 1231 835 1311 329,
861 1231 960 1294 -dc
1006 1230 1176 1295 1221
1223 1232 1474 1294 ianuar.
1508 1230 1596 1295 18
1641 1243 1698 1295 et
1745 1228 2045 1317 Greyom'i
2070 1230 2178 1297 IX
2218 1256 2282 1297 π.
2316 1232 2449 1297 464
2493 1232 2569 1297 de
2612 1232 2790 1297 1235
2836 1231 3027 1317 apra.
3058 1230 3164 1295 28.

585 1372 982 1439 Innocentius
1029 1376 1144 1437 etc.
1378 1368 1683 1448 Quociens
1733 1390 1770 1437 a
1813 1370 1995 1439 nobis
2042 1378 2159 1439 etc.

577 1512 883 1564 Memoratur
917 1512 969 1563 in
1001 1509 1276 1563 Alexandri
1299 1509 1370 1560 IV
1407 1510 1669 1577 privilegio
1707 1511 1770 1562 de
1799 1512 1933 1563 1257
1972 1531 2089 1579 aug.
2118 1512 2210 1575 16;
2246 1512 2361 1564 vide
2396 1512 2527 1564 infra
2562 1511 2628 1564 ad
2664 1512 2795 1565 hunc
2832 1530 3033 1565 annum.
3088 1514 3222 1567 Sub-

366 1604 614 1670 iungimus
649 1602 732 1653 hic
765 1602 1047 1668 fragmenta
1083 1598 1447 1652 constitutionis
1484 1599 1898 1664 Innocentianae,
1945 1619 2075 1669 quae
2110 1602 2336 1655 ordinem
2371 1600 2731 1653 'l'heutonicum
2767 1619 2868 1653 non
2904 1604 3095 1669 tangit,
3132 1603 3226 1654 sed

363 1692 660 1745 novitiorum
703 1691 1048 1757 probationem
1095 1689 1233 1755 apud
1267 1688 1621 1740 Benedictinos
1657 1690 1854 1742 videtur
1889 1700 2135 1758 spectare.
2210 1690 2374 1753 Quum
2408 1698 2577 1742 tamen
2610 1690 2663 1741 in
2700 1691 2870 1743 codice
2894 1690 2955 1743 B.
2980 1691 3029 1753 1,
3055 1691 3123 1742 85
3148 1708 3223 1758 sq.

365 1782 590 1849 quamvis
621 1779 900 1847 plurimam
935 1786 1132 1845 partem
1167 1794 1312 1829 erasa
1351 1777 1657 1841 inveniatur,
1705 1779 1788 1831 hio
1823 1780 2099 1832 sistendum
2134 1780 2245 1831 fuit.
2308 1779 2443 1831 Num
2477 1779 2649 1831 forsan
2684 1778 2781 1831 alio
2816 1780 2927 1833 loco
2964 1780 3049 1831 diu
3084 1780 3224 1847 prelo

365 1870 592 1923 subiecta
625 1870 694 1921 sit
738 1870 964 1935 integra,
1009 1866 1236 1919 notitiam
1275 1884 1374 1918 non
1410 1866 1582 1919 habui.
1649 1868 1999 1933 „Innocentius
2036 1870 2303 1936 episcopus
2337 1884 2509 1921 servus
2546 1885 2799 1919 servorum
2836 1868 2919 1919 dei
2952 1878 3007 1921 et
3040 1877 3225 1921 cetera.

365 1960 482 2012 Non
529 1959 688 2012 solum
727 1958 781 2009 in
816 1958 1040 2009 favorem
1076 1955 1326 2017 conversi,
1373 1955 1467 2007 sed
1502 1957 1658 2008 eciam
1693 1959 1985 2011 monasterii
2018 1958 2329 2025 probationis
2362 1966 2559 2023 tempus
2596 1975 2629 2007 a
2664 1957 2849 2009 sanctis
2885 1958 3111 2025 patribus
3148 1968 3227 2009 est

365 2048 639 2110 indultum,
682 2056 740 2098 ιιι
780 2046 864 2098 ille
901 2046 1226 2112 asperitatem
1260 2045 1402 2097 istius
1438 2055 1493 2097 et
1525 2046 1659 2098 istud
1693 2064 1856 2099 mores
1893 2048 2025 2099 illius
2061 2046 2229 2099 valeat
2264 2046 2493 2113 experiri.
2548 2045 2606 2096 In
2643 2046 2819 2111 regula
2856 2063 3053 2113 quoque
3087 2048 3226 2099 beati

365 2136 629 2188 Benedicti
661 2136 862 2201 legitur,
896 2144 954 2186 ut
989 2135 1055 2186 ad
1090 2136 1463 2188 conversionem
1490 2135 1683 2186 noviter
1706 2136 1927 2186 venienti
1950 2154 2052 2188 non
2076 2135 2233 2187 facilis
2259 2136 2324 2186 sit
2346 2136 2619 2200 ingressus,
2656 2135 2765 2197 sed,
2802 2136 2929 2187 sicut
2952 2136 3073 2187 dicit
3096 2154 3221 2203 apo-

366 2226 541 2287 stolus,
577 2244 642 2276 an
679 2225 744 2275 sit
779 2243 810 2274 a
845 2224 944 2276 deo
978 2225 1181 2291 spiritus
1218 2226 1566 2291 comprobetur
1589 2232 1641 2275 et
1677 2224 1802 2277 dura
1829 2234 1882 2275 et
1909 2242 2108 2291 aspera,
2143 2241 2235 2291 per
2259 2240 2356 2290 que
2378 2224 2478 2274 itur
2501 2223 2567 2274 ad
2592 2223 2859 2287 dominum,
2896 2234 3223 2291 exponantur.

365 2316 608 2367 Preterea
639 2315 694 2365 in
729 2314 908 2365 eadem
941 2312 1118 2381 regula
1153 2314 1484 2380 subiungitur,
1521 2324 1578 2365 ut
1612 2314 1830 2365 dicatur:
1874 2314 2035 2379 „Ecce
2070 2314 2169 2375 lex,
2207 2314 2300 2364 sub
2337 2330 2437 2379 qua
2470 2314 2685 2365 militare
2722 2313 2979 2365 desideras
2990 2332 3006 2375 3
3043 2314 3086 2365 si
3114 2330 3227 2365 eam

366 2406 634 2457 observare
669 2411 841 2471 potes,
888 2402 1184 2471 ingredere3
1233 2402 1478 2469 alioquin,
1520 2402 1647 2454 liber
1683 2402 1890 2465 venisti,
1925 2402 2055 2455 liber
2092 2402 2319 2454 discede!
2335 2404 2359 2429 “
2418 2402 2632 2469 Insuper
2666 2402 2825 2454 felicis
2862 2402 3225 2455 recordacionis

365 2512 503 2563 papa
549 2493 849 2560 Gregorius,
905 2492 1232 2559 predecessor
1279 2500 1476 2553 noster,
1531 2492 1730 2553 statuit,
1787 2500 1845 2542 ut
1898 2492 2051 2559 positi
2104 2492 2157 2543 in
2201 2490 2503 2557 probacione
2550 2491 2730 2543 novicii
2775 2500 2895 2542 ante
2940 2500 3226 2558 susceptum

363 2582 620 2649 religionis
664 2582 916 2643 habitum,
966 2582 1049 2647 qui
1095 2580 1445 2647 profitentibus
1490 2581 1599 2632 dari
1645 2581 1929 2643 consuevit,
1980 2598 2069 2632 seu
2117 2590 2235 2632 ante
2270 2580 2633 2648 professionem
2669 2580 2902 2631 emissam
2938 2580 3005 2631 ad
3040 2588 3225 2631 statum

365 2672 632 2738 pristinum
675 2670 841 2722 redire
887 2670 1082 2738 possint
1123 2669 1280 2721 libere
1328 2670 1460 2721 infra
1507 2688 1720 2732 annum,
1765 2679 1819 2721 et
1861 2670 1928 2721 ad
1966 2686 2161 2721 omnem
2210 2670 2585 2737 ambiguitatem
2621 2668 2977 2731 amovendam,
3026 2686 3137 2720 cum
3172 2670 3223 2720 in

368 2759 664 2827 quibusdam
695 2759 819 2811 locis
857 2759 1100 2825 religiosis
1136 2758 1339 2810 habitus
1375 2758 1669 2810 novitiorum
1704 2778 1805 2811 non
1841 2759 2209 2825 distinguatur¹
2238 2760 2303 2809 ab
2338 2759 2515 2810 habitu
2550 2758 2887 2825 professorum
2917 2758 3223 2824 probationis

366 2858 594 2915 tempore
641 2886 656 2900 .
677 2889 690 2903 .
710 2868 741 2899 a
761 2886 774 2899 .
793 2856 876 2900 tur
919 2858 1112 2910 vestes,
1160 2865 1256 2914 que
1301 2847 1648 2914 profitentibus
1695 2849 2061 2910 conceduntur,
2106 2856 2165 2899 ut
2196 2847 2493 2900 novitiorum
2539 2864 2599 2899 ac
2640 2848 2979 2914 professorum
3022 2847 3223 2899 habitus

366 2939 691 2990 discernatur.
753 2938 897 2989 Licet
941 2938 1095 3004 igitur
1129 2936 1290 2988 zelum
1335 2936 1609 2988 animarum
1654 2937 1900 2989 habentes
1938 2955 2027 2989 eas
2074 2937 2257 2987 lucrari
2292 2936 2490 2989 domino
2528 2935 2737 2988 sollicite
2772 2936 3055 3003 cupiamus,
3107 2936 3225 3002 quia

365 3036 534 3079 tamen
582 3027 731 3079 decet
777 3036 829 3079 et
872 3026 1101 3094 expedit,
1146 3034 1204 3078 ut
1249 3025 1313 3077 de
1357 3026 1532 3078 ordine
1576 3043 1609 3091 p
1630 3062 1644 3077 .
1666 3061 1679 3076 .
1701 3062 1714 3077 .
1734 3062 1747 3077 .
1783 3043 1885 3077 non
1929 3026 2063 3077 desit
2098 3063 2111 3077 .
2133 3062 2146 3077 .
2175 3026 2304 3076 cium
2346 3025 2582 3087 racionis,
2630 3042 2723 3087 ne,
2771 3024 2905 3075 unde
2951 3024 3221 3091 spiritualis

365 3134 458 3184 pro
495 3154 508 3167 .
529 3153 544 3168 .
575 3124 826 3182 queratur,
868 3115 988 3167 inde
1022 3114 1196 3166 salutis
1233 3114 1550 3181 dispendium
1585 3114 1916 3182 subscipiatis,
1954 3114 2094 3166 vobis
2132 3114 2196 3166 de
2231 3114 2439 3165 fratrum
2474 3122 2753 3166 nostrorum
2790 3112 2993 3165 consilio
3030 3112 3081 3163 in
3118 3113 3219 3163 vir-

365 3214 473 3258 tute
509 3205 793 3257 obedientie
829 3214 882 3256 et
927 3205 1020 3255 snb
1067 3222 1201 3271 pena
1241 3202 1766 3255 excommunicacionis
1806 3203 2103 3255 auctoritate
2152 3205 2464 3270 presencium
2500 3203 2767 3255 districtius
2803 3202 3111 3264 inhibemus,
3156 3218 3221 3253 ne

367 3302 486 3346 ante
521 3312 706 3346 annum
751 3292 1064 3360 probacionis
1101 3292 1354 3360 elapsum,
1401 3292 1486 3359 qui
1527 3292 1578 3342 in
1617 3329 1630 3344 .
1652 3328 1665 3343 .
1687 3329 1700 3343 .
1723 3329 1736 3343 .
1772 3292 1825 3343 in
1861 3294 1955 3343 sub
1982 3328 1997 3345 .
2029 3329 2042 3344 .
2073 3329 2085 3343 .
2118 3310 2201 3343 um
2239 3329 2252 3343 .
2272 3330 2285 3343 .
2306 3329 2319 3345 .
2354 3292 2571 3343 humane
2606 3291 2891 3359 &agilitatis
2926 3290 3221 3357 regulariter

365 3384 469 3435 inst
489 3419 641 3436 .....
679 3398 926 3448 qucquam
974 3381 1040 3433 ad
1085 3400 1178 3449 pro
1215 3418 1398 3433 ......
1435 3380 1589 3432 vestri
1634 3380 1821 3433 ordinis
1869 3397 1959 3433 seu
1994 3399 2160 3433 rerum
2194 3399 2301 3432 rem
2336 3380 2491 3433 seculi
2524 3380 2807 3433 faciendam
2841 3380 3065 3447 recipere
3100 3396 3219 3445 pre-

367 3473 573 3523 sumatis
617 3486 712 3521 nec
757 3472 1078 3522 constitutum
1122 3472 1173 3521 in
1219 3470 1518 3537 probacione
1566 3470 1812 3521 novicium
1857 3470 2171 3536 aliquatenus
2218 3470 2474 3538 inpedire,
2522 3469 2781 3537 quominus
2827 3469 2960 3519 infra
3006 3467 3222 3519 eundem

365 3578 554 3613 annum
595 3560 910 3627 probacionis
957 3559 1024 3611 ad
1071 3560 1220 3610 aliam
1265 3559 1558 3625 religionem
1605 3575 1754 3624 quam
1797 3559 2031 3612 maluerit
2074 3568 2299 3612 transeat
2345 3598 2359 3611 .
2379 3597 2393 3611 .
2415 3596 2428 3611 .
2451 3596 2464 3611 .
2508 3566 2561 3611 et
2596 3577 2687 3610 sua
2723 3594 3084 3610 ...........
3120 3574 3219 3608 non

365 3653 600 3703 obstante
637 3685 960 3701 ..........
998 3668 1030 3701 a
1073 3650 1216 3701 nobis
1255 3685 1268 3700 .
1287 3686 1300 3701 .
1323 3685 1336 3700 .
1355 3685 1370 3699 .
1407 3648 1542 3714 quod
1578 3684 2083 3703 ...............
2119 3650 2170 3700 in
2206 3646 2509 3716 quibuslibet
2556 3647 2713 3699 literis
2748 3646 3035 3713 apostolicis
3070 3646 3217 3713 inpe-

367 3739 508 3790 tratis
555 3755 643 3789 seu
690 3737 842 3789 etiam
885 3737 1223 3804 inpetrandis,
1269 3754 1366 3805 que
1402 3737 1466 3789 de
1503 3736 1756 3804 premissis
1792 3754 2082 3803 expressam
2116 3756 2217 3791 non
2252 3738 2439 3789 faciant
2470 3737 2789 3790 mentionem.
2864 3735 3055 3798 Quodsi
3091 3736 3220 3787 forte

366 3838 540 3880 contra
596 3826 876 3878 huiusmodi
933 3825 1283 3878 inhibicionem
1331 3843 1626 3893 quemquam
1680 3827 1904 3895 recipere
1958 3828 2362 3895 presumpseritis
2417 3862 2673 3879 ........
2727 3834 2985 3893 receptum
3032 3861 3217 3877 ......

365 3916 650 3968 nullatenus
673 3923 839 3967 vestro
877 3932 990 3966 esse
1026 3914 1186 3966 ordini
1223 3914 1480 3981 alligatum
1504 3931 1690 3981 vosque
1727 3934 1758 3967 a
1793 3916 2079 3981 receptione
2117 3916 2447 3983 quorumlibet
2482 3933 2542 3967 ac
2576 3915 2888 3983 professione
2920 3932 3089 3967 eorum
3112 3914 3221 3965 fore

365 4007 478 4073 ipso
524 4004 657 4057 facto
693 4021 964 4069 suspensos
1001 4012 1054 4055 et
1085 4004 1291 4071 insuper
1325 4021 1459 4071 pene
1499 4004 1848 4068 subiiciendos,
1886 4023 1983 4072 que
2017 4006 2255 4057 fratribus
2291 4004 2447 4071 ipsius
2484 4004 2671 4057 ordinis
2708 4021 2799 4072 pro
2836 4003 2992 4071 culpis
3027 4002 3221 4069 iniungi

365 4094 678 4164 gravioribus
713 4093 1019 4144 consuevit“.

553 4208 594 4246 1.
628 4201 912 4257 extinguatur
941 4200 997 4244 B.

373 4396 546 4469 532.
588 4400 767 4467 1255
810 4402 1029 4464 munii
1070 4398 1157 4465 15
1202 4398 1497 4485 Neapoli.
1567 4398 1933 4465 Alexander
1978 4398 2087 4465 IV
2126 4400 2403 4465 concedit
2464 4400 2679 4464 ordini
2726 4396 3105 4465 Theutonico
3151 4398 3220 4461 in

587 4506 863 4571 Livonia
919 4520 976 4571 et
1016 4506 1318 4587 Pruseia,
1379 4508 1549 4593 quod
1585 4507 1862 4591 fratres,
1923 4509 2038 4593 qui
2089 4509 2159 4571 in
2204 4507 2447 4572 sacculo
2504 4508 2579 4571 dc
2622 4508 2873 4593 rapinis
2926 4506 3217 4584 vixerint,

589 4614 848 4679 consilio
876 4614 1168 4698 fratrum
1213 4614 1634 4699 confessorum
1679 4636 1936 4680 suorum
1980 4616 2057 4679 de
2102 4613 2496 4679 absolucione
2540 4616 2952 4701 acquiescant.

587 4756 949 4823 Alexander
995 4755 1324 4842 episcopus
1371 4776 1586 4823 servus
1632 4776 1955 4823 servorum
2002 4754 2103 4821 dei
2148 4755 2391 4822 dilectis
2435 4754 2580 4822 filiis
2625 4756 2925 4839 magistro
2974 4760 3036 4821 et
3078 4776 3223 4841 pre-

367 4864 726 4950 ceptoribus
757 4863 1068 4931 universis
1097 4861 1426 4949 hospitalis
1457 4868 1670 4931 sancte
1699 4864 1898 4931 Mario
1928 4862 2449 4930 Theutonicorum
2482 4864 2549 4929 in
2577 4862 2845 4930 Livonia
2873 4868 2937 4929 et
2962 4862 3223 4931 Pruscia

369 4972 634 5039 salutem
694 4981 760 5039 et
817 4970 1224 5059 apostolicam
1281 4970 1795 5038 benedictionem.
2022 4970 2119 5037 Ex
2178 4976 2359 5057 parte
2410 4974 2621 5039 vestra
2663 4970 2785 5041 fuit
2826 4972 3221 5063 propositum
