3892 5609
1117 399 1346 446 ‘re-nm
1392 399 1675 449 61111616.
1746 399 2078 448 6111161116.
2149 397 2413 448 orvans
3051 389 3086 458 1
3104 387 3196 458 15

332 557 555 639 stione,
602 575 723 640 que
756 561 905 622 sunt
948 561 1125 623 entre
1168 555 1261 623 les
1296 558 1573 626 maisons
1606 559 1733 626 dou
1754 558 2016 646 Temple
2063 563 2128 626 et
2169 559 2248 626 de
2275 557 2591 644 l’Ospital‚
2640 559 2692 624 61
2742 575 2883 624 6616
2928 558 2976 623 11
3021 563 3206 644 apert

332 683 399 729 66
428 663 791 747 isti-umens,
838 683 959 748 que
995 668 1145 730 sunt
1174 663 1292 730 fait
1320 665 1447 732 dou
1476 668 1877 753 compromisi,
1925 687 2049 752 que
2079 671 2228 732 sunt
2266 663 2476 733 bolees
2523 664 2602 732 de
2645 663 2861 750 plomb
2908 665 3018 730 des
3051 664 3203 730 (11166

330 769 585 854 devant,
610 769 773 836 dites
816 771 1126 854 maisons,
1182 771 1450 839 voillant
1504 774 1812 860 aeomplir
1852 778 2072 839 nostre
2123 771 2254 838 dite
2309 791 2419 838 661
2463 791 2698 838 aucuns
2746 771 3030 854 anticlea,
3091 770 3204 837 des
3293 764 3301 773 ’

332 876 511 962 66616
556 895 673 942 666
718 897 845 943 666
892 878 1106 944 aviene
1152 897 1408 946 6666166
1454 880 1579 963 dit3
1626 900 1745 967 por
1791 900 1863 948 66
1906 899 2030 966 666
2071 899 2188 946 666
2232 899 2314 945 ne
2343 878 2562 944 volone
2610 898 2730 963 que
2773 878 2836 944 le
2879 883 3080 944 terme
3125 877 3205 943 de

332 989 548 1052 nostre
592 984 772 1070 poeir
814 990 1067 1071 passast
1111 1005 1190 1052 en
1234 987 1373 1052 vuit
1428 993 1493 1052 et
1537 1006 1657 1072 que
1700 988 1831 1054 l’on
1873 1007 1956 1054 66
1998 1007 2116 1053 666
2169 991 2354 1072 peust
2398 985 2692 1070 charger,
2749 1005 2870 1069 que
2925 1005 3044 1071 par
3087 1003 3206 1050 666

330 1090 465 1158 fust
508 1110 712 1157 aucun
757 1091 990 1176 desunt,
1037 1112 1152 1158 666
1198 1091 1349 1159 (1’66
1396 1099 1607 1160 assent
1650 1099 1715 1160 et
1747 1094 1935 1161 d’une
1965 1093 2218 1160 volente
2258 1093 2846 1160 coneordablement
2890 1093 3100 1158 sivant
3141 1091 3208 1158 la

333 1197 791 1284 composicion,
850 1219 975 1284 que
1034 1205 1131 1266 est
1182 1199 1337 1267 faite
1392 1207 1569 1268 entre
1626 1200 1693 1268 la
1740 1202 1988 1268 maison
2039 1199 2164 1267 dou
2207 1199 2466 1286 Temple
2525 1206 2591 1267 et
2633 1200 2712 1265 de
2755 1198 3049 1284 l'Ospital
3093 1199 3204 1265 (166

332 1303 607 1371 moulins
652 1303 729 1372 de
774 1303 913 1372 Doe
969 1310 1035 1373 et
1078 1306 1155 1373 de
1200 1305 1579 1392 Ricordane‚
1640 1328 1761 1394 que
1808 1313 1907 1374 est
1947 1307 2126 1375 boloe
2171 1307 2281 1374 des
2327 1307 2500 1374 116166
2545 1307 2638 1373 166
2685 1307 2960 1372 maisons
3021 1310 3088 1372 et
3129 1305 3208 1372 de

332 1411 585 1498 plusors
630 1415 841 1478 autres
883 1410 1254 1481 honorables
1298 1434 1631 1501 per-sones,
1678 1414 1923 1498 (1166116,
1972 1414 2426 1501 prononoions,
2477 1413 2823 1497 arbitr-one,
2871 1413 3205 1496 ordenone,

337 1517 775 1602 estnbliseons,
833 1539 953 1603 que
1011 1519 1103 1601 (et
1144 1525 1235 1586 sie
1279 1543 1477 1609 usque
1520 1525 1609 1588 ad
1621 1545 1642 1587 .-
1646 1521 1686 1602 )
1743 1520 1833 1588 Ge
1874 1521 1944 1587 fu
1995 1521 2114 1588 fait
2157 1541 2198 1587 6.
2240 1520 2408 1586 Α616
2462 1520 2594 1587 l'an
2638 1519 2718 1586 de
2758 1519 3206 1586 l'inoarnation

334 1628 549 1692 nostre
594 1625 845 1709 seignor
888 1624 1085 1693 Jhesu
1130 1625 1301 1694 Crist
1354 1626 1469 1694 mil
1515 1633 1578 1695 et
1620 1628 1775 1695 (1666
1820 1647 1968 1695 6666
2025 1633 2089 1694 et
2141 1628 2412 1695 sissante
2458 1627 2610 1694 (1666
2669 1626 2732 1694 16
2776 1626 3206 1694 disenovesme

324 1731 432 1814 j0r
476 1731 604 1798 (1611
646 1732 805 1799 16616
850 1731 929 1798 (16
975 1733 1303 1803 decembre
1348 1755 1427 1802 en
1470 1735 1536 1801 la
1580 1736 1745 1802 sixte
1787 1735 2101 1803 indiccion
2147 1739 2266 1803 eto.

547 1871 730 1923 Totum
774 1872 935 1924 edidit
980 1889 1043 1925 ex
1090 1875 1291 1927 archivo
1333 1875 1521 1928 ordinis
1569 1875 1647 1927 sui
1680 1875 1961 1942 Hospitalis
2000 1894 2040 1927 s.
2065 1875 2304 1927 Iohannis
2351 1875 2680 1926 Sebastianus
2715 1871 2862 1924 Pauli
2906 1871 3090 1925 Codice
3124 1872 3206 1924 di-

336 1958 605 2026 planetico
642 1960 727 2012 del
762 1978 904 2015 ssoro
944 1963 1159 2015 militare
1200 1964 1377 2016 ordine
1412 1963 1809 2016 Ierosolimitsno
1855 1964 1977 2030 oggi
2013 1964 2065 2014 di
2099 1963 2276 2016 Mults.
2341 1963 2508 2014 Luooa
2547 1962 2610 2013 17
2615 1962 2700 2013 33.
2755 1961 2843 2013 fol.
2897 1961 2948 2023 Ι,
2995 1961 3096 2012 177
3133 1977 3207 2028 66.

334 2064 387 2099 6.
416 2048 613 2102 CXLIL
642 2079 706 2088 -
733 2049 867 2102 Huio
902 2051 1179 2119 diplomati,
1217 2053 1441 2119 quamvis
1477 2069 1579 2105 non
1615 2053 1751 2104 diest
1788 2069 2026 2119 expresse
2049 2051 2215 2114 Pauli,
2251 2051 2406 2104 affixe
2429 2051 2628 2102 videtur
2661 2067 2776 2102 esse
2811 2050 3018 2117 capituli
3054 2049 3209 2112 bulla,

336 2136 477 2188 ouius
513 2145 777 2204 utrumque
812 2139 1095 2206 exemplum
1132 2141 1335 2192 exhibet
1370 2140 1544 2194 tsbuls
1567 2141 1615 2192 V
1648 2159 1699 2194 6.
1724 2141 1810 2194 54.
1864 2141 1925 2192 In
1963 2159 2062 2208 qua
2096 2140 2281 2206 legitur
2322 2141 2376 2192 1:
2415 2140 2486 2192 δ’.
2511 2138 2775 2206 hospitalis
2811 2148 2985 2190 sancte
3019 2137 3212 2200 1161163

336 2224 395 2276 2:
445 2225 622 2278 domus
657 2225 1043 2280 Teutouioorum
1080 2228 1236 2280 Irl’m.
1302 2229 1539 2282 Melior-es
1585 2229 1792 2282 exhibet
1834 2229 2031 2297 effigies
2065 2227 2320 2296 Vol'sberg
2367 2227 2671 2280 Gesehiohte
2719 2227 2810 2278 der
2854 2225 3212 2278 Preul'sischen

334 2313 561 2367 Mouzen
596 2315 700 2367 und
724 2315 898 2383 Siegel
932 2333 1031 2368 von
1066 2317 1320 2382 fmhester
1343 2318 1454 2370 Zeit
1488 2318 1566 2370 bis
1602 2336 1716 2370 zum
1738 2317 1885 2370 Ende
1916 2318 2009 2369 der
2031 2317 2334 2370 Herrsohsfl,
2369 2317 2459 2368 des
2485 2317 2773 2369 Deutsohen
2801 2315 3018 2367 Ordens.
3071 2313 3208 2366 Berl.

225 2473 234 2481 -
342 2401 495 2454 1848.
530 2403 583 2454 4.
618 2405 724 2455 tab.
747 2404 776 2455 1
808 2422 859 2455 n.
885 2404 947 2466 4,
990 2405 1075 2471 qui
1109 2422 1160 2472 p.
1187 2407 1257 2457 53
1292 2406 1691 2474 antiquissimum
1726 2407 1914 2460 ordinis
1949 2405 2032 2458 vel
2067 2405 2178 2472 ipso
2215 2421 2278 2457 ex
2313 2405 2472 2456 'l'errs
2506 2405 2695 2457 Sancta
2729 2403 2993 2456 oriundum
3027 2420 3208 2454 monu-

334 2500 559 2542 mentum
606 2492 737 2543 hsno
782 2492 971 2544 bullam
1014 2493 1170 2546 fuisse
1218 2503 1355 2546 reete
1400 2496 1625 2548 coniecit.
1692 2496 1860 2547 Etiam
1896 2513 1980 2562 ap.
2005 2494 2346 2546 Rsimundum
2379 2493 2634 2548 Duellium
2667 2494 2720 2545 16
2756 2492 2983 2544 Historia
3019 2492 3210 2544 ordinis

336 2580 563 2646 equitum
585 2579 969 2634 Teutonioorum
992 2582 1257 2650 hospitalis
1285 2600 1327 2636 6.
1342 2583 1539 2638 Mna-ise
1556 2585 1619 2636 V.
1642 2583 2106 2650 Hierosolymitsni.
2151 2582 2384 2636 Viennae
2407 2583 2660 2635 Austrino-
2706 2581 2794 2636 fol.
2843 2581 2997 2644 1727,
3033 2599 3085 2649 p.
3111 2580 3212 2634 128

334 2685 389 2720 11.
412 2667 501 2732 91,
536 2669 763 2724 visuntur
799 2671 1021 2738 pessima
1054 2670 1287 2740 exemplu
1322 2673 1389 2725 de
1424 2681 1565 2726 eam
1600 2689 1733 2726 66116
1775 2673 1904 2725 1451
1949 2673 2153 2741 scripta.

347 2899 520 2972 124.
564 2901 805 2986 (1263)
839 2906 1069 2994 aprilis
1096 2907 1145 2974 4
1172 2907 1407 2974 Aeson.
1465 2907 1600 2972 ind.
1632 2907 1717 2971 vi.
1783 2904 2058 2971 Thomas
2088 2906 2166 2971 de
2195 2906 2417 2970 ordine
2434 2904 2974 2992 praedicatorum,
3012 2903 3208 2970 Beck·-

564 3010 927 3078 lesmitanus
958 3017 1306 3101 episeopus,
1355 3014 1739 3102 apostolicae
1782 3015 1945 3078 sedis
1979 3014 2240 3099 leyatus,
2279 3011 2470 3096 Huqo
2507 3012 2716 3092 Revel,
2764 3014 3063 3097 mayister
3092 3012 3208 3076 do-

560 3141 699 3184 mus
744 3121 1075 3208 hospitalis
1120 3125 1327 3188 sancti
1366 3122 1673 3188 Iohannis
1718 3119 2242 3199 Ierosolimitani,
2283 3119 2504 3204 frater
2545 3117 2816 3183 Thomas
2857 3119 3207 3199 Berardus,

562 3225 819 3292 humilis
862 3231 1161 3314 mayister
1204 3230 1425 3295 domus
1468 3229 1735 3294 militiae
1786 3226 2068 3312 Templi,
2119 3225 2342 3311 frater
2385 3226 2822 3291 Hartmannus
2880 3224 3210 3311 (,‚Morty-

561 3335 931 3415 mannus“),
974 3347 1347 3423 praeceptor
1392 3337 1612 3401 domus
1656 3335 1990 3420 hospitalis
2033 3355 2084 3398 s.
2118 3333 2372 3399 Mariae
2409 3332 2927 3400 Theotonicorum
2974 3345 3032 3398 et
3071 3355 3210 3396 ma·-

559 3443 751 3526 qim-i
802 3443 1075 3508 eiusdem
1119 3443 1341 3508 domus
1394 3445 1467 3508 in
1520 3463 1712 3528 reyno
1761 3440 1995 3528 Syriae
2047 3443 2244 3505 vicem
2294 3461 2547 3526 yerens,
2609 3441 2885 3506 Henrico
2932 3438 3212 3524 Α(11191166

560 3551 703 3632 reqi
742 3549 821 3614 de
862 3551 1213 3615 miserrimo
1252 3547 1488 3615 Terras
1520 3548 1795 3616 Sanctae
1837 3559 2008 3614 statu
2049 3547 2333 3614 amount
2371 3560 2563 3634 utque
2602 3550 2985 3635 promissam
3030 3567 3210 3634 opem

558 3667 835 3740 praestet
875 3657 1241 3743 implorant.

552 3793 630 3844 Ex
664 3793 809 3858 fibro,
847 3794 931 3862 qui
966 3795 1253 3848 inscribitur
1276 3793 1529 3862 Antiquae
1566 3794 1947 3848 constitutiones
1982 3792 2130 3860 regni
2153 3789 2386 3860 Angliae.
2441 3766 2660 3846 nondun
2692 3793 2845 3848 16⁷1.
2891 3791 2976 3846 fol.
3026 3789 3210 3859 p.1:32

338 3879 501 3934 citant
532 3881 735 3935 thsrd
769 3893 823 3935 et
858 3883 1041 3947 Quouis
1076 3885 1359 3952 Scriptores
1394 3885 1584 3938 ordinis
1620 3883 2037 3952 praedicatorum.
2087 3881 2175 3935 fol.
2229 3882 2274 3945 1,
2309 3880 2432 3934 360.

347 4149 523 4221 125.
564 4151 743 4218 1263
788 4167 1043 4220 exeunte
1070 4157 1269 4219 iunio.
1345 4151 1693 4222 Guilelmus
1740 4154 1818 4218 ds
1846 4150 2217 4236 Amiqdala‚
2266 4152 2558 4216 dominus
2591 4149 3042 4217 Soandalionis
3073 4171 3214 4214 eum

561 4282 760 4325 uxore
802 4260 1045 4347 Aqnete
1090 4262 1335 4326 donant
1374 4262 1594 4327 domui
1634 4259 1967 4346 hospitalis
2011 4281 2062 4324 s.
2096 4259 2352 4323 Mariae
2399 4256 2924 4324 Theutonicorum
2967 4277 3212 4320 annuos

560 4367 843 4432 redditus
872 4367 1009 4434 400
1038 4368 1469 4434 bisantiorum.
1551 4365 1767 4448 („Cest
1812 4380 1898 4432 est
1944 4367 1999 4430 le
2044 4367 2342 4451 rescripte
2387 4367 2516 4431 dou
2554 4365 2864 4452 priveliye
2908 4385 2983 4428 en
3029 4363 3214 4448 quale

559 4477 840 4539 maniere
880 4477 1097 4540 misire
1132 4473 1504 4544 Guillhelme
1548 4475 1616 4540 la
1660 4477 1911 4560 seiqnor
1955 4475 2034 4538 de
2065 4473 2491 4540 Schandelion
2537 4484 2594 4538 et
2637 4495 2712 4537 sa
2737 4471 2916 4556 seme
2957 4471 3214 4535 damma

564 4581 779 4665 Aqnes
825 4582 1142 4648 donarunt
1184 4606 1228 4646 a
1262 4581 1329 4646 la
1354 4584 1603 4648 maison
1648 4584 1755 4647 des
1784 4581 2100 4646 Alamans
2145 4583 2318 4646 seed·
2364 4580 2605 4646 bisante
2647 4599 3018 4644 sarracenas
3063 4597 3212 4662 per-

550 4687 975 4773 petualement
1015 4710 1093 4752 en
1136 4687 1532 4770 aumosne“.)

565 4825 645 4894 Je
676 4825 1031 4894 Guillaume
1077 4827 1155 4894 de
1187 4828 1252 4894 la
1280 4827 1625 4911 Mandelee,
1674 4828 1924 4911 seignor
1955 4827 2032 4894 de
2064 4825 2504 4910 Schandelion‚
2552 4831 2616 4892 et
2649 4825 2718 4910 je
2748 4823 2984 4907 AgneS,
3031 4823 3214 4888 dame

336 4931 417 4999 de
464 4931 913 5019 Schandelion,
973 4954 1239 5021 espouse
1285 4935 1407 5001 dou
1454 4935 1548 5000 dit
1592 4933 1978 5020 Guillaume,
2037 4935 2253 5002 fasons
2309 4934 2588 4999 assaveir
2635 4952 2673 4997 a
2717 4937 2820 4996 toz
2869 4951 3054 4996 66666
3107 4929 3216 5014 661

336 5045 485 5106 sont
530 5045 596 5106 et
638 5047 873 5126 set-ont,
920 5061 1043 5126 que
1084 5061 1201 5108 666
1246 5042 1676 5109 remembrant
1720 5049 1784 5109 et
1828 5042 2193 5109 conoissunt
2233 5041 2326 5108 les
2357 5060 2547 5125 grans
2580 5039 2799 5105 bontes
2832 5042 2896 5104 et
2926 5037 3214 5120 servisse,

2704 5149 2789 5206 εὖ
