3892 5609
671 318 714 389 2
729 319 826 389 54
1393 327 1904 377 maurosum
1947 329 2037 376 ET
2082 328 2327 377 nucum
2370 326 2819 379 semitonum

669 488 972 572 gittarum
1037 487 1461 555 intromittere
1521 507 1596 556 ac
1649 489 1718 555 in
1783 488 2243 575 possessionem
2302 488 2505 574 ipsius
2572 487 2779 555 redire
2834 487 3109 573 possint,
3176 491 3241 552 et
3296 486 3563 553 valeant

669 596 930 663 eandem
977 599 1233 678 terram,
1283 595 1811 681 quemadmodum
1854 596 2065 682 ipsam
2111 596 2287 681 prius
2331 614 2476 661 cum
2522 595 2865 677 obsidibus,
2915 600 3252 679 antequam
3286 614 3561 680 presens

667 722 898 787 guerra
943 702 1250 785 originem
1295 698 1515 789 cepit¹⁴
1560 708 1625 769 et
1667 708 1840 769 mota
1884 702 2037 786 fuit,
2094 702 2162 768 in
2219 702 2615 788 possessione
2666 700 3025 767 habuerunt
3080 708 3144 767 et
3184 706 3557 783 tenuerunt,

667 807 1150 895 possidendam,
1203 814 1268 876 et
1311 809 1480 894 quod
1523 810 1653 895 ipsi
1709 810 1776 875 in
1831 808 2053 877 eadem
2111 809 2434 895 perpetuis
2492 809 2882 894 temporibus
2938 793 3067 874 non
3119 807 3563 894 impediantur

668 916 890 1001 quovis
935 916 1156 998 mod03
1211 921 1275 982 et
1315 916 1386 981 in
1431 912 1655 1001 casu¹⁵,
1702 936 1824 1001 quo
1871 915 2208 1001 quispiam,
2256 916 2700 1000 cuiuscumque
2744 915 3128 983 condicionis
3176 916 3435 999 existat,
3484 934 3561 981 se

668 1022 747 1089 de
791 1022 1076 1109 predicta
1106 1021 1570 1106 Samagitarum
1601 1030 1774 1090 terra
1815 1023 2240 1090 intromittere
2272 1029 2335 1090 et
2363 1024 2717 1109 predictum
2756 1023 3132 1105 magistrum
3164 1027 3229 1088 et
3258 1022 3557 1087 ordinem

665 1130 736 1195 in
779 1130 924 1216 ipsa
965 1130 1274 1216 impedire
1319 1136 1684 1215 conaretur,
1732 1135 1963 1197 extunc
2009 1130 2290 1217 prefatus
2335 1130 2533 1196 frater
2577 1136 2793 1197 noster
2835 1128 3219 1195 Wladislaus
3263 1150 3381 1195 rex
3428 1128 3559 1195 Po-

665 1235 837 1303 lonie
881 1256 1026 1303 cum
1071 1257 1184 1303 suo
1215 1242 1348 1303 toto
1379 1256 1572 1321 regno
1605 1229 1955 1323 ceterisque
1984 1238 2115 1329 suis
2160 1237 2622 1324 principatibus
2658 1242 2722 1303 et
2750 1238 2960 1321 terris,
3008 1236 3557 1321 qualitercumque

668 1349 1142 1430 nuncupentur,
1204 1364 1277 1411 ac
1333 1344 1474 1409 aliis
1531 1346 1662 1410 suis
1719 1350 1784 1411 et
1839 1344 2181 1411 eorundem
2240 1364 2497 1410 suorum
2556 1344 3029 1431 principatuum
3084 1344 3357 1409 subditis
3416 1349 3557 1409 tam

669 1449 1106 1536 spiritualibus
1136 1470 1326 1539 quam
1372 1450 1756 1517 secularibus
1799 1450 1965 1535 illos,
2014 1452 2123 1537 qui
2154 1452 2527 1535 magistrum
2565 1456 2631 1517 et
2673 1450 2957 1517 ordinem
3002 1452 3071 1516 in
3116 1456 3289 1517 terra
3322 1449 3553 1515 Sama-

669 1558 970 1640 gittarum
1002 1557 1402 1644 impedirent,
1427 1562 1650 1625 contra
1671 1538 1734 1625 et
1757 1560 2059 1625 adversus
2089 1560 2303 1645 ipsum
2326 1559 2701 1642 magistrum
2734 1564 2797 1625 et
2820 1558 3103 1625 ordinem
3128 1578 3317 1623 suum
3348 1562 3415 1624 et
3446 1577 3555 1623 eo-

670 1684 814 1731 rum
842 1669 1045 1731 terras
1087 1670 1152 1731 et
1178 1664 1464 1731 homines
1493 1664 1666 1731 nullo
1698 1666 1884 1732 modo
1918 1666 2219 1733 adiuvent
2246 1686 2359 1732 seu
2390 1665 2695 1732 auxilium
2740 1670 3027 1751 prestent
3058 1664 3201 1731 dolo
3232 1670 3299 1730 et
3325 1664 3555 1730 fraude

669 1770 922 1857 penitus
969 1770 1188 1857 procul
1217 1772 1426 1856 motis,
1476 1772 1589 1839 sed
1615 1773 1754 1859 ipse
1783 1773 2084 1856 mag-ister
2130 1778 2195 1839 et
2239 1774 2391 1839 ordo
2436 1773 2637 1859 ipsius
2668 1768 2953 1839 debent¹⁶
2982 1773 3152 1838 circa
3193 1770 3550 1858 predictam

669 1882 909 1944 terram
957 1876 1452 1963 Samagittarum
1495 1880 1676 1946 iuxta
1718 1885 2003 1947 tenorem
2047 1878 2394 1961 literarum,
2444 1900 2599 1965 quas
2644 1880 2783 1966 ipse
2826 1880 3129 1962 magister
3175 1883 3241 1943 et
3284 1878 3441 1945 ordo
3488 1884 3555 1944 et

670 1989 967 2051 notanter
1024 2005 1064 2051 a
1128 1986 1412 2071 predicto
1477 1987 1674 2053 fratre
1737 1993 1955 2053 nostro
2025 1986 2279 2053 domino
2335 1986 2681 2053 Wladislao
2748 2006 2898 2069 rege
2950 1985 3213 2052 Polonie
3270 1990 3335 2051 et
3394 1985 3553 2050 duce

581 2163 596 2175 Ι
669 2088 990 2158 Witholdo
1035 2091 1304 2177 desuper
1347 2093 1654 2177 obtinent,
1699 2099 2006 2180 perpetuo
2052 2114 2454 2180 permanere3
2500 2094 2822 2179 predictus
2868 2093 3060 2158 etiam
3102 2093 3303 2159 frater
3332 2096 3551 2157 noster

669 2216 786 2265 rex
818 2196 1076 2265 Polonie
1121 2198 1244 2265 hiis
1291 2201 1604 2267 contraire
1647 2221 1776 2268 non
1823 2201 2010 2268 debet
2064 2197 2229 2267 seu¹⁷
2276 2221 2389 2288 per
2434 2202 2794 2287 quempiam
2843 2200 3177 2267 admittere
3220 2199 3547 2280 contrairi,

671 2306 764 2372 sic
819 2305 985 2390 quod
1029 2307 1168 2393 ipse
1224 2308 1514 2374 dominus
1558 2328 1676 2375 rex
1720 2313 1785 2376 et
1837 2308 1969 2374 dux
2013 2306 2404 2375 Withowdus
2461 2329 2573 2375 seu
2628 2308 2754 2391 hii,
2820 2308 2929 2393 qui
2989 2306 3253 2373 eandem
3312 2312 3548 2373 terram

671 2411 1167 2497 Samagittarum
1210 2414 1537 2500 possident
1566 2434 1708 2481 cum
1740 2416 2031 2481 omnibus
2063 2415 2195 2481 suis
2236 2416 2638 2501 pertinentiis
2678 2434 2921 2481 necnon
2952 2434 3095 2479 cum
3127 2412 3269 2479 aliis
3301 2413 3547 2495 castris,

670 2519 1033 2587 civitatibus
1043 2516 1104 2604 ¹⁸,
1153 2520 1382 2608 opidis,
1427 2521 1596 2588 villis
1627 2522 1762 2589 sive
1790 2522 1993 2606 boniS,
2039 2522 2535 2608 quibuscumque
2565 2526 2940 2589 censeantur
2973 2520 3357 2604 nominibus,
3404 2540 3545 2587 cum

669 2626 955 2711 ipsorum
1000 2627 1398 2713 pertinentiis
1445 2627 1526 2694 ad
1571 2630 1944 2713 magistrum
1990 2634 2055 2696 et
2100 2628 2385 2697 ordinem
2442 2628 2870 2715 spectantibus
2914 2648 3031 2714 per
3073 2629 3391 2715 prefatum
3438 2627 3547 2693 do-

671 2734 912 2800 minum
943 2732 1357 2801 Wladislaum
1401 2756 1616 2819 regem
1661 2734 1950 2820 Polonie,
2006 2736 2269 2803 fratrem
2326 2742 2611 2804 nostrum
2660 2736 3095 2819 karissimum,
3154 2740 3219 2800 et
3274 2754 3423 2801 suos
3478 2734 3544 2801 in

668 2841 951 2928 presenti
994 2860 1224 2924 guerra
1268 2844 1668 2928 expugnatis,
1717 2843 2063 2927 acquisitis,
2110 2844 2431 2930 occupatis
2478 2849 2543 2909 et
2572 2844 2847 2929 optentis
2891 2862 3019 2908 una
3064 2862 3204 2907 cum
3246 2842 3545 2927 predictis

669 2946 1028 3014 hominibus
1074 2948 1142 3013 in
1187 2950 1470 3035 predicta
1514 2954 1686 3016 terra
1729 2948 2223 3033 Samagittarum
2270 2956 2333 3017 et
2379 2949 2519 3015 aliis
2565 2951 2790 3016 castris
2835 2956 2901 3016 et
2944 2950 3145 3032 bonis,
3191 2950 3359 3015 sicut
3400 2939 3545 3035 pre'-

669 3054 890 3137 fertur,
937 3053 1306 3137 degentibus
1353 3061 1419 3122 et
1445 3056 1838 3123 morantibus
1868 3056 1984 3141 illi,
2033 3078 2218 3141 quem
2265 3057 2489 3124 abinde
2538 3057 2620 3123 ad
2661 3058 2833 3143 ipsos
2880 3076 3023 3122 cum
3063 3056 3269 3122 literis
3308 3056 3543 3121 nostris

671 3159 989 3246 regalibus
1029 3162 1586 3229 transmittendum
1625 3164 1959 3231 confestim
1990 3160 2430 3247 duxerimus¹⁹,
2476 3164 2623 3230 dum
2656 3164 2927 3250 desuper
2965 3163 3254 3247 requisiti
3286 3163 3543 3245 fuerint,

673 3268 810 3334 vice
855 3272 920 3333 et
963 3268 1217 3335 nomine
1261 3271 1495 3337 nostris
1541 3270 1622 3337 ad
1667 3290 1891 3337 manus
1935 3276 2187 3337 nostras
2234 3272 2369 3337 sine
2398 3270 2571 3336 omni
2610 3270 3111 3337 contradiccione
3142 3276 3206 3337 et
3236 3268 3543 3335 dilacione

673 3374 1132 3441 condescendat
1177 3375 1440 3442 eandem
1483 3380 1721 3444 terram
1753 3376 2247 3461 Samagittarum
2278 3397 2421 3444 cum
2469 3378 2609 3444 aliis
2655 3378 2857 3460 boniS,
2904 3376 3082 3443 sicud
3110 3375 3541 3462 prescribitur,

673 3482 929 3547 demum
984 3482 1268 3568 predicto
1327 3483 1632 3567 magistro
1689 3484 1969 3568 generali
2026 3490 2091 3552 et
2146 3484 2352 3551 ordini
2402 3505 2523 3563 ‚suo
2578 3484 2833 3550 nomine
2886 3488 3103 3551 nostro
3160 3482 3541 3549 reddendam

673 3588 914 3675 pariter
957 3594 1022 3655 et
1063 3589 1455 3656 tradendam.

894 3695 1054 3761 Item
1100 3716 1215 3782 pro
1259 3698 1398 3763 iure
1442 3697 1709 3764 dicimus
1755 3703 1818 3765 et
1845 3698 2357 3785 pronunciamus,
2404 3696 2571 3783 quod
2606 3697 2887 3782 prefatus
2932 3698 3131 3763 frater
3173 3702 3392 3763 noster
3436 3697 3543 3763 do·

673 3802 881 3869 minus
914 3801 1292 3871 Wladislaus
1337 3808 1403 3871 et
1445 3804 1678 3888 singuli
1724 3804 1822 3870 sui
1867 3824 2257 3872 successores
2304 3825 2483 3888 reges
2529 3803 2788 3871 Polonie
2830 3804 3171 3871 incredulis
3216 3810 3283 3870 et
3325 3802 3543 3871 infide-

669 3908 836 3975 libus
883 3914 1104 3975 contra
1148 3916 1212 3976 et
1253 3909 1556 3977 adversus
1599 3911 1975 3995 magistrum
2020 3918 2085 3978 et
2128 3912 2411 3978 ordinem
2458 3910 2773 3997 predictos
2820 3916 2885 3978 et
2934 3910 3215 3993 singulos
3260 3912 3543 3998 ipsorum

671 4034 1064 4084 successores
1095 4023 1386 4084 ettotam
1417 4017 1942 4084 christianitatem
1972 4018 2215 4085 nullum
2247 4018 2721 4084 amminiculum
2736 4014 2808 4101 ²⁰,
2856 4018 3185 4084 consilium
3200 4013 3239 4047 ²²
3272 4024 3338 4084 et
3368 4019 3543 4085 auxi-

596 4213 602 4219 ·
669 4122 828 4189 lium
873 4128 1179 4208 prestare,
1223 4144 1341 4190 nec
1381 4124 1634 4191 eosdem
1679 4125 1874 4191 armis
1919 4130 1985 4192 et
2030 4126 2170 4193 aliis
2200 4126 2387 4192 rebus
2416 4124 2757 4191 fortificare
2788 4146 2899 4191 seu
2928 4125 3085 4211 ipsis
3120 4130 3343 4192 contra
3382 4124 3543 4191 chri-

673 4230 1064 4297 stianitatem
1114 4232 1182 4296 in
1227 4250 1592 4298 succursum
1638 4232 1855 4299 venire
1899 4232 2171 4299 debeant
2214 4233 2437 4318 quovis
2482 4231 2689 4298 modo.

892 4336 1053 4404 Item
1097 4339 1284 4414 modo
1329 4338 1645 4427 consimili
1693 4340 1999 4424 magister
2042 4345 2107 4407 et
2152 4340 2303 4407 ordo
2350 4338 2621 4425 predicti
2668 4342 2732 4405 et
2788 4337 3019 4422 singuli
3074 4340 3357 4424 ipsorum
3406 4358 3543 4405 suc-

672 4462 952 4511 cessores
1017 4444 1373 4511 infidelibus
1429 4450 1652 4513 contra
1717 4451 1782 4512 et
1849 4448 2149 4514 adversus
2212 4446 2565 4534 predictum
2628 4445 2953 4511 dominum
3010 4444 3425 4513 Wladislaum
3481 4450 3543 4511 et

671 4549 952 4633 singulos
997 4570 1144 4618 suos
1191 4572 1582 4621 successores
1627 4572 1808 4637 reges
1838 4552 2098 4619 Polonie
2144 4558 2207 4620 et
2250 4555 2536 4641 ipsorum
2582 4557 2783 4619 terras
2830 4551 3204 4619 christianas
3236 4552 3536 4619 auxilium

671 4662 738 4725 et
781 4655 1173 4725 consilium''
1219 4664 1506 4746 prestare
1547 4680 1675 4726 non
1722 4659 1993 4727 debeant
2034 4664 2145 4725 aut
2188 4661 2501 4726 iuvamen.

893 4764 1054 4831 Item
1100 4765 1366 4833 dicimus
1411 4786 1528 4852 pro
1573 4768 1712 4833 iure
1757 4771 1822 4833 et
1864 4767 2375 4853 pronunciamus,
2424 4766 2589 4851 quod
2638 4766 2917 4832 universi
2946 4771 3010 4832 et
3048 4765 3281 4849 singuli
3308 4764 3537 4852 captivi

670 4871 751 4937 de
791 4876 1058 4957 utraque
1101 4876 1285 4959 parte
1327 4872 1513 4939 liberi
1557 4868 1854 4939 dimitti¹³
1900 4873 2189 4958 debeant,
2238 4878 2303 4939 et
2345 4872 2609 4957 quilibet
2649 4874 2933 4959 ipsorum
2965 4873 3045 4938 ad
3077 4871 3243 4939 bona
3272 4878 3337 4939 et
3366 4873 3537 4939 here-

669 4978 900 5046 ditates
944 4980 1178 5047 reverti
1221 4978 1482 5065 pacifice
1526 4985 1592 5047 et
1636 4980 1846 5067 quiete
1889 4981 2119 5048 debeat
2129 4976 2203 5062 '⁴3
2254 4980 2451 5047 eciam
2498 5000 2717 5047 omnes
2762 4980 2999 5067 captivi
3042 4974 3166 5045 in²⁵
3212 4984 3387 5047 terra
3428 4980 3535 5046 Sa-
