3892 5609
1128 342 1356 391 ranna
1401 343 1684 393 smera.
1755 346 2088 395 anunm.
2158 344 2423 394 errans
3108 332 3155 403 4
3169 333 3203 403 1

347 502 472 573 49.
522 506 649 573 121
665 505 711 572 7
741 518 1022 591 anqusto.
1095 506 1408 571 Iohannes
1436 506 2051 593 Hierosolymaanm
2095 529 2210 572 rem
2256 502 2579 591 confimat
2622 507 2841 571 domui
2882 505 3213 593 hospitale}

522 613 1030 679 Alamannorum
1071 614 1426 679 Acconensi
1465 626 1698 679 tem-am
1743 627 1800 679 et
1841 615 2089 680 hortum
2135 639 2177 680 a
2228 610 2514 682 Gamero
2560 613 2921 679 Alamanno
2969 615 3137 679 data.

569 755 706 839 Ego
761 754 1068 821 Iohannes
1125 755 1228 821 dei
1295 755 1501 841 gratia
1552 754 1922 822 Latinorum
1978 756 2317 823 Ierusalem
2378 776 2497 823 rex
2551 756 2831 822 decimus
2886 759 2951 821 et
3006 774 3214 822 comes

345 863 682 931 Brenensis
739 869 960 929 notum
1013 862 1176 929 facio
1233 864 1545 931 universis
1591 868 1722 929 tam
1768 863 2166 950 presentibus
2213 884 2400 948 quam
2444 862 2707 948 futuris,
2766 863 2931 948 quod
2976 862 3215 931 Game-

345 993 454 1038 rus
499 968 893 1037 Alamannus
950 970 1214 1037 dilectus
1271 974 1336 1037 et
1392 969 1593 1036 fidelis
1651 991 1828 1037 meus
1883 958 2101 1037 laude¹
2148 975 2213 1038 et
2272 978 2533 1037 assensu
2587 990 2728 1036 meo
2784 972 2960 1038 dedit
3003 972 3217 1037 domui

344 1076 676 1164 hospitalis
719 1077 1221 1144 Alamannorum
1265 1076 1522 1143 Acchon
1577 1082 1844 1160 terram,
1903 1098 2024 1163 que
2078 1078 2203 1143 fuit
2253 1077 2478 1146 Iuliani
2536 1079 2613 1145 de
2657 1077 2969 1161 Faloisse,
3028 1098 3217 1164 quam

345 1185 515 1252 idem
547 1184 918 1267 G(arnerus)
965 1186 1137 1269 emit,
1183 1185 1252 1250 in
1298 1205 1421 1269 qua
1451 1182 1725 1251 calidus⁸
1755 1185 1978 1252 furnus
2024 1185 2185 1251 solet
2230 1205 2387 1270 esse,
2436 1187 2499 1252 et
2544 1185 2769 1251 divisio
2811 1185 3011 1271 ipsius
3050 1191 3218 1251 terre

345 1313 567 1361 versus
615 1286 972 1359 sinistram⁸
1004 1298 1101 1359 est
1130 1292 1253 1376 via,
1300 1312 1519 1359 versus
1555 1291 1885 1359 meridiem
1932 1298 2031 1359 est
2072 1292 2269 1361 collis.
2337 1291 2635 1360 Preterea
2665 1292 2868 1359 dictus
2900 1290 3218 1358 Gamerus

348 1400 523 1467 dedit
566 1399 846 1487 predicte
891 1399 1105 1465 domui
1149 1399 1488 1483 iardinum,
1536 1401 1644 1487 qui
1689 1399 1942 1467 coheret
1990 1400 2153 1467 areis
2200 1400 2279 1466 de
2324 1400 2521 1466 tarsia
2566 1420 2643 1466 ex
2674 1404 2809 1466 toto
2839 1420 3057 1466 versus
3086 1420 3220 1467 me-

346 1508 607 1591 ridiem3
655 1513 720 1576 et
761 1509 828 1574 in
877 1508 1095 1574 eodem
1139 1507 1387 1573 iardino
1434 1512 1531 1574 est
1573 1508 1840 1591 angulus
1887 1514 2055 1574 terre
2102 1507 2367 1592 deserte,
2414 1512 2479 1573 et
2506 1527 2723 1573 versus
2769 1506 3219 1574 occidentalem

346 1616 604 1704 plagam
649 1620 748 1683 est
791 1616 1058 1700 quedam
1105 1636 1319 1682 morus
1365 1620 1430 1682 et
1473 1635 1733 1702 campus
1780 1615 2058 1700 quidam,
2107 1616 2213 1701 qui
2246 1614 2475 1681 dicitur
2505 1614 2896 1699 Migramme,
2944 1621 3007 1682 et
3036 1635 3221 1702 supe-

347 1723 482 1790 rius
529 1729 627 1791 est
666 1724 970 1789 frustrum
1019 1728 1207 1805 terre,
1255 1742 1374 1807 que
1420 1722 1647 1789 dividit
1690 1728 1926 1789 terram
1972 1723 2195 1789 domus
2244 1722 2545 1809 sepulcri3
2606 1730 2670 1791 et
2713 1743 2931 1790 versus
2976 1722 3220 1808 collem,

351 1832 457 1917 qui
515 1816 612 1899 est
666 1850 743 1897 ex
801 1836 980 1918 parte
1037 1829 1358 1914 orientali,
1415 1834 1512 1896 est
1567 1830 1884 1896 modicum
1940 1836 2108 1898 terre
2155 1836 2219 1897 et
2271 1831 2540 1917 quedam
2584 1836 2807 1916 vouta,
2866 1832 3043 1897 cuius
3089 1852 3223 1897 me-

349 1938 552 2005 dietas
599 1938 853 2023 cecidit,
900 1941 964 2004 et
1007 1938 1075 2003 in
1121 1938 1335 2003 eadem
1383 1942 1576 2003 vouta
1620 1942 1716 2003 est
1761 1938 2026 2022 quedam
2076 1939 2350 2005 cisterna
2394 1944 2458 2003 et
2503 1938 2757 2024 quidam
2806 1936 3225 2025 vrequinnus‘

351 2046 432 2113 ad
484 2066 769 2112 racemos
827 2043 1258 2111 decalcandos.
1338 2044 1409 2110 In
1456 2045 1631 2110 cuius
1686 2046 1780 2111 rei
1825 2047 2187 2113 testimonio
2233 2051 2593 2132 presentem
2638 2051 2878 2113 cartam
2922 2046 3042 2112 feci
3087 2044 3224 2113 fieri
3270 2074 3275 2077 ·

353 2159 416 2220 et
469 2151 677 2237 sigillo
723 2173 863 2219 meo
913 2158 977 2219 et
1029 2151 1297 2219 testibus
1355 2151 1726 2238 subscriptis
1784 2153 2087 2220 roborari.
2181 2152 2384 2221 Huius
2444 2158 2655 2219 autem
2700 2154 2793 2220 rei
2839 2160 2992 2237 sunt,
3032 2160 3223 2220 testes

351 2259 715 2353 Radulfush
732 2262 912 2345 regni
957 2258 1381 2341 senescalcus;
1439 2258 1732 2343 IacobuS,
1784 2258 2239 2343 marescalcus;
2298 2259 2475 2327 Oddo
2522 2260 2600 2326 de
2643 2260 2857 2328 Monte
2900 2260 3225 2343 Beliardo;

353 2367 716 2435 Gauffridus
762 2368 840 2435 de
871 2366 1141 2434 Gaffran.
1233 2366 1465 2433 Actum
1514 2387 1677 2432 anno
1723 2367 2037 2435 incarnati
2068 2367 2243 2435 verbi
2286 2376 2377 2434 m'
2399 2376 2490 2435 cc⁶
2514 2369 2669 2435 xvii⁹
2700 2386 2915 2435 mense
2953 2369 3221 2453 augusti.

563 2508 606 2569 I,
629 2508 700 2559 26
736 2526 786 2560 n.
805 2510 892 2561 52.
1075 2510 1120 2559 l.
1157 2507 1305 2559 leude
1341 2506 1402 2558 Β.
1582 2506 1632 2558 2.
1671 2506 1880 2559 callidus
1917 2508 1977 2559 Β.
2157 2510 2207 2561 3.
2245 2508 2446 2560 sinistre
2481 2509 2541 2562 Β.
2718 2510 2770 2560 4.
2807 2508 2867 2561 Β.

1472 2688 1632 2696 -ω-

362 2832 483 2903 50.
533 2834 706 2899 1217
739 2846 1022 2920 anquam.
1083 2832 1393 2897 Iohannes
1425 2833 2039 2918 Hierosolymitanus
2085 2792 2198 2898 rea·
2232 2834 2429 2899 donat
2458 2834 2677 2898 domui
2708 2833 3037 2919 hospitalis
3074 2834 3227 2898 Ala-

533 2963 910 3006 mannorum
956 2944 1303 3006 Acconensi
1344 2942 1768 3006 barbacanam
1814 2942 2078 3006 Accone.

558 3082 811 3169 ,Notum
871 3084 959 3148 sit
1010 3082 1300 3149 omnibus
1355 3088 1486 3149 tam
1543 3083 1942 3170 presentibus
1998 3102 2185 3167 quam
2230 3080 2491 3168 futuris,
2552 3083 2719 3167 quod
2763 3102 2876 3167 ego
2923 3081 3228 3149 Iohannes

357 3190 458 3259 dei
505 3190 712 3275 gratia
739 3189 1112 3257 Latinorum
1142 3190 1480 3257 Ierusalem
1528 3210 1642 3256 rex
1689 3189 1967 3257 decimus
2014 3196 2076 3257 et
2120 3209 2328 3257 comes
2358 3188 2719 3273 BrenensiS,
2766 3189 2929 3256 dono
2974 3194 3039 3256 et
3082 3208 3229 3256 con-

358 3300 510 3366 cedo
555 3300 622 3364 in
669 3298 1076 3365 elemosinam
1125 3298 1240 3365 deo
1289 3303 1352 3363 et
1396 3298 1608 3363 domui
1650 3296 1986 3384 hospitalis
2016 3298 2515 3363 Alamannorum
2547 3291 2809 3363 Acchon'
2848 3316 3055 3363 meam
3085 3297 3230 3365 bar-

357 3408 663 3475 bacanam
721 3426 760 3470 a
815 3424 996 3471 muro
1051 3424 1248 3491 prope
1305 3404 1562 3472 domum
1617 3402 1987 3489 senescalci,
2052 3425 2171 3491 que
2215 3405 2422 3472 tendit
2465 3424 2543 3471 ex
2590 3404 2851 3471 adverso
2899 3409 2963 3470 et
3006 3403 3233 3470 dividit

356 3514 778 3582 barbacanam
839 3511 1178 3579 senescalci
1235 3512 1313 3579 ab
1361 3512 1581 3579 eadem
1631 3512 1989 3579 barbacana
2032 3532 2229 3599 usque
2277 3512 2355 3579 ad
2401 3518 2653 3599 portam
2698 3510 2988 3579 Gaufridi
3033 3511 3231 3578 Torti.

359 3624 584 3690 Totam
639 3621 886 3688 'scilicet
941 3620 1360 3688 barbacanam
1422 3620 1590 3685 infra
1647 3618 1802 3686 duos
1850 3640 2063 3687 muros
2110 3621 2414 3706 civitatis,
2476 3620 2639 3687 sicut
2681 3640 2797 3707 per
2839 3623 3040 3686 metas
3086 3610 3230 3705 pre-

359 3731 562 3797 dictas
607 3731 895 3817 superius
943 3729 1180 3796 dictum
1229 3732 1344 3811 est,
1393 3726 1554 3793 dono
1599 3727 1882 3813 predicte
1928 3728 2141 3795 domui
2188 3726 2631 3815 possidendam
2663 3728 2727 3793 in
2760 3732 3135 3815 perpetuum
3166 3732 3233 3793 et

359 3838 730 3905 habendam.
798 3835 886 3903 Ut
933 3842 1140 3903 autem
1186 3835 1302 3901 hec
1321 3844 1490 3901 'mea
1522 3834 1777 3903 donatio
1808 3840 1950 3902 rata
1978 3840 2232 3903 maneat
2262 3841 2325 3903 et
2352 3834 2557 3921 firma,
2603 3837 2959 3923 presentem
2990 3838 3231 3900 cartam

283 3931 290 3940 ⁰
357 3946 614 4034 precepi
667 3944 804 4011 fieri
861 3950 925 4011 et
979 3942 1184 4027 sig-illo
1241 3963 1382 4011 meo
1430 3952 1493 4011 et
1549 3944 1816 4011 testibus
1876 3943 2249 4030 subscriptis
2305 3942 2608 4011 roborari.
2700 3942 2904 4009 Huius
2948 3941 3042 4007 rei
3086 3947 3235 4008 sunt

359 4058 554 4120 testes
598 4051 934 4137 Radulfus,
985 4052 1168 4135 regni
1213 4051 1632 4135 senescalcus3
1689 4052 1952 4120 Iacobus
1998 4050 2448 4133 marescalcus3
2508 4050 2685 4117 Oddo
2731 4050 2809 4117 de
2852 4048 3069 4117 Monte
3110 4048 3235 4115 Be-

357 4160 591 4243 liard03
653 4159 992 4228 Gauii-idus
1040 4159 1116 4225 de
1165 4158 1447 4241 Caffran3
1504 4158 1832 4225 Rohardus
1879 4160 1957 4226 de
2005 4158 2317 4245 Cayphas.
2398 4158 2641 4226 Actum·
2690 4177 2855 4224 anno
2902 4156 2981 4224 ab
3028 4157 3232 4224 incar-

360 4268 616 4335 natione
660 4267 899 4334 domini
943 4272 1032 4332 m‘
1057 4273 1148 4334 cc⁰
1171 4266 1326 4333 xvii⁶
1356 4285 1571 4333 mense
1602 4266 1872 4351 augusti.

572 4410 614 4471 1,
637 4408 707 4460 25
719 4427 765 4460 r.
799 4426 850 4459 n.
868 4408 954 4459 49.

2051 4498 2110 4507 -ο-

368 4660 489 4731 51.
535 4662 711 4730 1219
741 4664 988 4727 martio.
1052 4661 1453 4726 Raimundus
1490 4661 1758 4748 Rapina}
1803 4662 2171 4727 Antiochiae
2194 4664 2514 4748 princeps,
2544 4660 2873 4745 fratribus
2902 4660 3233 4747 hospitalis

537 4794 586 4835 ε.
603 4771 860 4836 Mariae
882 4768 1402 4835 Theutonicorum
1426 4770 1706 4835 concedit
1729 4769 1992 4833 liberum
2016 4781 2421 4835 commeatum
2438 4790 2557 4855 per
2572 4770 3009 4855 principatum
3030 4788 3231 4831 suum.

582 4910 653 4978 In
696 4912 952 4978 nomine
997 4916 1212 4978 sancte
1257 4915 1323 4977 et
1365 4909 1688 4977 individue
1735 4909 2062 4995 trinitatis,
2108 4910 2310 4997 patris
2358 4914 2422 4976 et
2462 4907 2580 4976 filii
2625 4915 2691 4976 et
2718 4909 2981 4995 spiritus
3012 4909 3231 4975 sancti.

361 5018 586 5087 Amen.
655 5018 890 5085 Notum
937 5018 1024 5084 sit
1068 5017 1359 5085 omnibns
1405 5016 1762 5085 hominibus
1808 5024 1939 5085 tam
1972 5017 2371 5105 presentibus
2403 5036 2596 5104 quam
2621 5015 2873 5101 futuris,
2922 5016 3087 5103 quod
3119 5036 3233 5101 ego
