3892 5609
1385 280 1776 329 valmeu
1823 280 2212 329 canamus
2248 312 2255 316 -
3071 272 3112 343 3
3126 274 3165 343 5
3178 272 3219 341 9

361 439 542 511 476.
585 443 762 510 1244
815 442 1046 530 apalis
1090 442 1180 507 22
1223 442 1548 508 Laterani.
1634 440 2033 507 Innocentius
2077 442 2183 509 IV
2237 446 2457 529 repetit
2512 443 2792 511 Honos-ii
2830 444 2952 511 III
2996 468 3059 511 n.
3092 446 3226 511 323

584 551 662 615 de
705 549 877 617 1221
925 552 1215 615 ianuam‘i
1240 550 1353 615 17.

501 688 506 695 ⁴
583 672 980 739 Innocentius
1040 677 1155 740 etc.
1383 672 1541 739 Cum
1599 692 1638 739 a
1688 622 2125 755 religiosorum
2173 709 2255 719 --
2306 672 2667 760 adimplere.
2760 672 2993 740 Datum
3038 672 3225 742 Late-

361 780 503 847 rani
547 800 592 845 x
636 778 762 845 kal.
795 780 947 846 maii
993 778 1393 866 pontificatus
1437 779 1636 847 nostri
1685 799 1846 846 anno
1892 778 2117 866 primo.

573 903 662 955 Or.
698 902 846 955 valde
893 903 1085 955 laesum
1132 920 1244 954 cum
1289 901 1426 953 bulla
1471 902 1526 953 in
1572 902 1772 953 archivo
1807 902 2194 968 Regimontano.
2257 903 2321 955 R.
2354 902 2425 953 62
2470 904 2603 954 inter
2637 904 3029 970 Ratisponensia
3062 922 3113 956 n.
3139 905 3225 957 22.

359 993 426 1045 Β.
449 993 514 1045 41
565 994 694 1045 inter
730 992 1044 1059 Ellingensia
1087 1010 1138 1043 n.
1165 992 1234 1043 27
1276 992 1329 1041 in
1365 991 1661 1057 apographo
1708 992 2029 1054 transsumti‚
2076 991 2215 1043 cuius
2262 992 2455 1043 initium
2500 1001 2605 1043 est:
2649 992 2737 1057 „In
2784 993 2985 1043 nomine
3021 993 3223 1045 domini.

359 1082 542 1135 Amen.
604 1082 706 1133 Per
739 1082 836 1132 hoc
869 1081 1252 1147 transscriptum
1287 1080 1541 1147 publicum
1575 1088 1750 1146 pateat
1783 1081 2029 1131 universis
2065 1089 2169 1132 tam
2212 1076 2532 1148 presentibus
2568 1098 2717 1147 quam
2752 1082 2932 1132 futuris
2946 1120 2961 1143 ,
3004 1082 3139 1147 quod
3174 1082 3226 1133 in

361 1172 624 1239 presencia
666 1170 766 1221 mei
779 1208 794 1231 ,
839 1169 1181 1222 Bartholomei
1225 1170 1289 1220 de
1325 1170 1490 1221 Firmo
1503 1208 1520 1231 ‚
1565 1169 1749 1221 notarii
1793 1168 1979 1235 publici
2023 1169 2324 1235 infrascripti
2337 1208 2351 1233 ‚
2400 1169 2704 1221 reverendus
2751 1170 2803 1221 in
2842 1170 3037 1222 Christo
3080 1180 3226 1237 pater

362 1261 591 1312 dominus
635 1260 790 1311 frater
827 1259 1045 1311 Thomas
1094 1259 1158 1310 de
1196 1258 1372 1310 ordine
1406 1258 1774 1324 predicatorum
1787 1294 1804 1320 ,
1850 1257 1933 1307 dei
1978 1258 2149 1323 gracia
2186 1258 2471 1325 patriarcha
2504 1258 2927 1311 ierosolimitanus
2967 1260 3226 1326 (scriptum

361 1356 463 1401 est:
505 1348 831 1413 „infirmus“),
866 1348 1094 1399 minister
1129 1347 1339 1398 ecclesie
1367 1347 1693 1407 Acconensis,
1729 1344 2004 1412 apostolice
2040 1346 2175 1397 sedis
2211 1344 2429 1412 legatus,
2457 1347 2581 1398 vidit
2616 1356 2669 1398 et
2703 1347 2971 1413 diligenter
3006 1348 3227 1416 inspexit

361 1437 606 1503 quasdam
647 1436 840 1488 litteras
887 1436 1074 1488 domini
1109 1452 1256 1502 pape
1290 1436 1576 1487 Innocencii
1611 1436 1774 1501 quarti
1821 1452 1971 1486 sanas
2008 1442 2133 1496 etc„
2182 1452 2390 1501 quarum
2425 1446 2569 1509 tenor
2606 1452 2696 1503 per
2732 1436 2899 1488 omnia
2934 1436 3047 1489 talis
3085 1442 3223 1489 est“:

362 1526 645 1593 (sequitur).
699 1524 935 1577 clausula
967 1524 1134 1577 finalis
1169 1534 1342 1577 sonat:
1384 1526 1482 1589 „Et
1515 1541 1611 1591 ego
1637 1522 2019 1575 Bartholomeus
2056 1522 2122 1574 de
2145 1523 2433 1590 Paganellis
2469 1525 2535 1575 de
2558 1523 2743 1586 Firmo,
2779 1525 3025 1591 imperiali
3048 1534 3223 1578 aucto-

359 1614 510 1667 ritate
553 1614 776 1665 notarius
821 1612 1050 1679 publicus
1087 1622 1140 1665 et
1179 1630 1312 1665 nunc
1345 1614 1569 1667 notarius
1605 1614 1742 1665 curie
1776 1612 1991 1679 predicti
2026 1611 2212 1663 domini
2248 1611 2531 1677 patriarche
2565 1612 2749 1680 legati,
2794 1623 2999 1680 rogatus
3036 1634 3069 1667 a
3103 1615 3223 1667 reli-

360 1704 504 1770 gioso
539 1704 644 1755 viro
687 1702 842 1755 statre
877 1702 1102 1754 Iohanne
1148 1720 1332 1769 magno
1381 1710 1678 1769 preceptore
1720 1702 1896 1753 domus
1942 1700 2207 1767 hospitalis
2249 1702 2462 1767 predicti
2496 1702 2749 1769 predictas
2784 1703 2995 1771 papales
3030 1703 3224 1757 litteras

360 1792 582 1844 bullatas
616 1790 758 1844 bulla
789 1792 1034 1857 pendenti
1067 1792 1320 1858 plumbea,
1355 1801 1504 1859 prout
1537 1792 1592 1843 in
1625 1791 1878 1843 autentico
1901 1790 2069 1857 reperi
2092 1807 2153 1841 ac
2177 1789 2243 1841 de
2264 1790 2503 1843 mandato
2523 1791 2709 1857 prefati
2734 1792 2922 1844 domini
2943 1793 3227 1859 patriarche

359 1878 518 1947 legati
563 1878 687 1931 mihi
732 1880 868 1932 facto
916 1898 1010 1947 per
1045 1896 1160 1932 eum
1193 1880 1304 1932 vive
1339 1881 1474 1933 vocis
1519 1880 1720 1933 oraculo
1767 1880 1820 1930 in
1867 1880 2015 1931 domo
2060 1878 2334 1946 episcopali
2378 1880 2431 1931 in
2478 1896 2703 1943 camera,
2752 1880 2943 1931 scilicet
2986 1881 3074 1932 ubi
3113 1882 3225 1947 ipse

361 1970 578 2032 iacebat,
616 1968 832 2021 fideliter
857 1968 1153 2035 exemplavi,
1193 1969 1468 2021 auscultavi
1503 1978 1556 2020 et
1589 1970 1644 2020 in
1679 1970 1810 2020 hanc
1845 1968 2095 2035 publicam
2116 1968 2327 2020 formam
2351 1967 2526 2035 redegi
2548 1968 2619 2019 nil
2644 1968 2855 2031 addens,
2892 1970 3121 2024 minuens
3146 1970 3226 2022 vel

360 2068 561 2110 mutans
574 2096 588 2119 ,
633 2068 804 2124 preter
837 2064 1076 2124 punctum
1113 2056 1193 2109 vel
1227 2057 1482 2119 sillabam,
1524 2075 1623 2124 que
1658 2058 1880 2109 veritatis
1916 2056 2247 2109 substantiam
2281 2074 2382 2108 non
2419 2057 2689 2120 inmutant,
2738 2059 2831 2109 sub
2868 2076 2999 2110 anno
3036 2058 3224 2110 domini

363 2166 396 2201 a
429 2146 690 2199 nativitate
732 2146 865 2201 1277
911 2145 1184 2197 indictione
1229 2156 1373 2197 sexta
1419 2146 1502 2197 die
1549 2147 1704 2198 tercio
1747 2146 1938 2197 decimo
1988 2146 2305 2211 septembris.
2370 2146 2438 2197 Et
2484 2146 2619 2197 idem
2666 2146 2894 2198 dominus
2938 2148 3225 2213 patriarcha

361 2236 560 2302 legatus
595 2235 674 2289 ad
721 2252 897 2302 preces
942 2235 1252 2301 preceptoris
1298 2235 1510 2301 predicti
1556 2235 1670 2286 huic
1715 2220 2042 2300 transscripta
2079 2234 2277 2300 publico
2314 2234 2549 2299 sigillum·
2574 2252 2719 2286 suum
2760 2237 2984 2303 appendi
3018 2237 3138 2288 fecit
3170 2238 3225 2288 in

361 2324 699 2377 testimonium
741 2325 960 2375 omnium
1004 2323 1407 2390 premissorum“.
1475 2325 1851 2375 'l'ranssumtum
1899 2322 2143 2389 originale
2182 2324 2279 2373 sub
2314 2323 2539 2375 eiusdem
2573 2324 2797 2376 Thomas
2830 2326 3097 2377 autoritate
3133 2343 3225 2393 per

361 2413 638 2465 Iohannem
671 2414 903 2465 clericum
939 2414 1284 2465 Acconeusem
1323 2410 1458 2464 1277
1495 2430 1612 2478 aug.
1637 2412 1708 2464 30
1741 2412 1794 2462 in
1831 2412 1979 2464 domo
2017 2411 2290 2479 episcopali
2325 2414 2495 2463 Accon
2532 2412 2838 2476 confectum,
2888 2415 3022 2480 quod
3058 2423 3137 2466 est
3171 2416 3223 2466 in

363 2502 565 2554 archivo
599 2502 788 2554 ordinis
823 2502 1119 2554 Theutonici
1143 2502 1541 2565 vindobonensi,
1579 2501 1660 2555 ed.
1685 2500 1896 2551 Hennes
1932 2500 1975 2562 Ι,
1999 2500 2106 2550 224
2141 2518 2191 2553 n.
2216 2498 2337 2553 257.

365 2688 544 2759 47¹7.
587 2692 762 2757 1244
808 2692 1036 2778 aprilis
1077 2690 1166 2756 22
1209 2692 1520 2758 Laterani
1561 2689 1677 2779 (cf.
1709 2692 1896 2759 1247
1939 2690 2159 2755 martii
2195 2689 2335 2772 12).
2414 2690 2813 2758 Innocentius
2856 2692 2968 2759 IV
3002 2698 3223 2781 repetit

587 2798 868 2863 Honorii
894 2798 1019 2864 III
1053 2823 1116 2861 n.
1150 2798 1284 2864 342
1328 2800 1406 2863 de
1449 2798 1620 2864 1221
1669 2800 1961 2863 ianuarii
1997 2798 2084 2863 21
2131 2797 2456 2863 Laterani.

586 2911 984 2981 Innocentius
1019 2918 1136 2979 etc.
1351 2913 1550 2981 Decet
1575 2912 1914 2999 pastoralis
1945 2948 2029 2958 —-
2064 2913 2355 2981 exeratis.
2425 2911 2661 2979 Datum
2690 2912 2990 2981 Laterani
3019 2935 3064 2980 x
3081 2914 3217 3008 kal.

363 3020 516 3087 maii
561 3019 960 3106 pontificatus
1005 3020 1206 3087 nostri
1251 3038 1413 3086 anno
1460 3020 1684 3106 primo.

578 3134 704 3210 Cum
737 3135 880 3187 dato:
923 3136 988 3186 10
1022 3133 1124 3185 kal.
1149 3134 1266 3185 maii
1301 3150 1352 3199 p.
1380 3152 1426 3185 a.
1456 3134 1481 3184 1
1523 3132 1776 3185 Laterani.
1833 3132 2091 3200 originale
2128 3134 2317 3184 dudum
2352 3142 2406 3184 et
2438 3148 2571 3185 nunc
2596 3133 2998 3187 Vindobonensis
3035 3137 3224 3188 archivi

365 3222 554 3276 ordinis
589 3223 883 3275 'l'heutonici
930 3240 1040 3275 cum
1077 3221 1214 3274 bulla
1260 3222 1312 3273 in
1347 3221 1444 3273 filis
1481 3223 1682 3274 sericeis
1717 3222 1882 3273 rubris
1917 3231 1971 3274 et
2002 3221 2152 3273 luteis
2189 3222 2527 3289 appendente.
2594 3222 2689 3274 Ed.
2715 3223 2941 3276 Duellius
2978 3225 3110 3277 Hist.
3134 3244 3217 3277 or-

366 3311 496 3363 dinis
519 3312 814 3364 'theutonici
847 3312 915 3375 Π,
940 3313 974 3363 6
1009 3330 1059 3363 ιι.
1078 3308 1128 3365 7.
1181 3312 1556 3363 Transsumtum
1591 3312 1658 3363 de
1699 3311 1834 3362 1396
1869 3328 1987 3377 aug.
2012 3310 2077 3361 18
2110 3310 2161 3361 in
2198 3310 2398 3361 archivo
2423 3310 2807 3377 Regimontano‚
2846 3314 2908 3365 cf.
2934 3314 2981 3365 N
2984 3296 3221 3382 apiersky

365 3400 524 3453 Index
558 3401 600 3465 1,
625 3402 657 3452 5
695 3418 745 3455 n.
774 3401 856 3454 16.
879 3400 953 3470 2).
983 3430 1044 3441 —-
1085 3402 1207 3452 Cum
1242 3399 1388 3451 dato:
1426 3399 1660 3468 Lugduni
1695 3400 1731 3451 4
1766 3400 1877 3453 idus
1912 3400 2086 3459 marcii
2120 3416 2171 3467 p.
2196 3416 2248 3451 n.
2274 3416 2321 3451 a.
2346 3399 2382 3450 4
2422 3400 2731 3465 „Venetiis“.
2776 3402 2840 3453 A.
2864 3402 2928 3453 16
2963 3420 3013 3469 p.
3040 3403 3120 3454 14.

367 3588 547 3661 478.
587 3591 768 3658 1244
808 3592 969 3657 maii
993 3592 1039 3656 3
1083 3590 1392 3657 Laterani
1433 3588 1548 3675 (cf.
1582 3589 1808 3655 octobr.
1835 3590 1944 3670 19,
1994 3589 2171 3657 1245
2199 3592 2451 3656 ianuar.
2476 3590 2595 3656 17.
2624 3591 2729 3673 18,
2778 3594 2949 3657 iunii
2974 3593 3079 3659 21.
3106 3593 3216 3675 23,

585 3710 737 3785 sept.
769 3699 834 3778 5,
882 3698 1059 3764 1246
1102 3700 1322 3763 martii
1358 3699 1466 3778 11,
1513 3699 1674 3762 maii
1712 3695 1852 3777 11).
1932 3696 2334 3764 Innocentius
2377 3697 2491 3764 IV
2518 3701 2747 3785 repetit
2788 3698 3067 3765 Honorii
3107 3698 3229 3766 III

585 3831 650 3871 n.
680 3806 814 3872 314
859 3806 934 3870 de
976 3804 1148 3871 1221
1197 3806 1485 3871 ianuarii
1521 3804 1628 3870 16.

587 3920 981 3988 Innocentius
1030 3920 1358 4007 episcopus
1405 3938 1622 3985 servus
1665 3938 1994 3985 servorum
2039 3918 2141 3985 dei
2187 3918 2645 3987 venerabilibus
2685 3920 2985 4005 fratribus
3018 3922 3220 3988 archi-

369 4030 680 4118 episcopis
728 4033 791 4094 et
835 4026 1146 4114 episcopis
1193 4032 1257 4094 et
1299 4026 1542 4093 dilectis
1585 4023 1732 4091 filiis
1779 4024 2147 4111 abbatibus,
2198 4027 2546 4113 prioribus,
2594 4026 2866 4111 decanis,
2914 4028 3220 4095 archidia-

367 4138 539 4204 conis
586 4141 651 4203 et
695 4134 835 4201 aliis
879 4132 1283 4201 ecclesiarum
1329 4132 1610 4220 prelatis,
1658 4132 1738 4199 ad
1784 4152 1940 4217 quos
1984 4132 2194 4201 littere
2238 4136 2358 4200 iste
2392 4136 2813 4220 pervenerint,
2860 4135 3125 4202 salutem
3158 4143 3222 4203 et

369 4242 775 4330 apostolicam
819 4234 1334 4307 benedictionem.
1562 4238 1720 4305 Cum
1767 4238 2011 4306 dilectis
2056 4246 2172 4307 etc.
2204 4240 2396 4307 fuerit
2439 4262 2477 4307 a
2521 4242 3063 4327 predecessoribus
3108 4263 3219 4310 no-

367 4350 515 4418 stris
555 4348 868 4415 indultum
904 4353 968 4414 et
1000 4368 1038 4413 a
1067 4347 1248 4415 nobis
1279 4347 1676 4435 postmodum
1723 4346 2155 4414 confirmatum
2192 4374 2274 4393 —-·
2306 4348 2817 4435 predecessorum
2861 4355 3218 4416 nostrorum

365 4458 647 4541 vestigiis
692 4456 1046 4523 inherentes
1089 4454 1485 4522 universitati
1530 4458 1736 4521 vestre
1781 4475 1897 4540 per
1941 4490 2026 4500 —
2074 4476 2227 4523 sane
2273 4456 2569 4541 quoniam
2612 4454 2689 4522 ab
2722 4456 2954 4523 eisdem
2987 4458 3218 4524 nostris

367 4563 910 4652 predecessoribus
957 4568 1052 4629 est
1095 4567 1400 4629 statutum
1449 4570 1513 4630 et
1554 4564 1919 4630 innovatum
1968 4583 2006 4629 a
2047 4562 2229 4629 nobis
2262 4600 2339 4609 -
2379 4565 2690 4631 amittant.
2762 4562 2995 4630 Datum
3028 4564 3217 4631 Late-

366 4674 505 4740 rani
551 4694 590 4737 v
635 4691 834 4739 nonas
880 4670 1033 4737 maii
1076 4670 1476 4757 pontificatus
1521 4666 1722 4737 nostri
1769 4687 1930 4735 anno
1976 4669 2201 4756 primo.

576 4785 697 4837 Sin'e
734 4786 852 4837 dato
899 4785 1080 4836 citatur
1112 4784 1176 4835 R.
1205 4784 1304 4835 195
1349 4786 1482 4836 inter
1515 4784 1678 4835 bullas
1726 4784 1902 4835 incerti
1946 4783 2071 4846 loci;
2116 4786 2180 4837 R.
2205 4786 2275 4836 42
2321 4786 2501 4837 citatur
2535 4783 2869 4835 Hildebrandi
2906 4784 3219 4851 Eystetensis

367 4874 616 4941 episcopi,
671 4874 999 4941 Moguntiuae
1051 4873 1186 4925 sedis
1239 4874 1522 4925 cancellarii
1536 4911 1552 4935 ,
1604 4881 1963 4925 transsumtum
2016 4875 2146 4925 inter
2198 4874 2509 4942 Ellingensia
2558 4892 2608 4925 n.
2645 4872 2753 4925 28:
2777 4902 2840 4911 ——
2898 4874 3019 4924 Cum
3074 4875 3217 4925 dato:

367 4964 603 5017 Laterani
637 4964 670 5015 5
707 4980 866 5017 nonas
900 4963 1018 5015 maii
1052 4979 1104 5030 p.
1127 4980 1179 5015 n.
1205 4981 1252 5013 a.
1283 4963 1308 5013 1
1347 4970 1702 5015 transsumtum
1737 4963 1829 5014 sub
1867 4961 2031 5029 sigillo
2067 4960 2221 5015 Ulrici
2258 4962 2539 5017 scholastici
2572 4962 2863 5031 Pragensis,
2900 4962 3217 5017 administra-
