3892 5609
1161 376 1390 425 ‘mnan
1435 376 1719 426 sanem.
1789 376 2122 425 samu.
2194 374 2460 424 ornans
3149 364 3191 435 3
3204 366 3245 435 5

379 534 634 602 Acchon
681 541 811 603 tres
857 542 1214 603 carrucatas
1260 543 1428 603 terre
1471 536 1814 603 francesias
1863 540 2019 622 aput
2062 534 2301 620 casale,
2350 535 2516 621 quod
2564 539 2821 602 vocatur
2868 532 3135 621 Saphet,
3182 536 3250 602 in

377 642 696 709 territorio
725 643 941 709 Accon
987 644 1178 710 situm
1227 649 1290 710 et
1333 665 1526 711 unam
1557 644 1810 710 domum
1858 644 1924 709 in
1960 643 2181 709 eodem
2212 642 2424 709 casali.
2493 641 2581 709 Ut
2626 646 2837 709 autem
2881 642 3066 709 huius
3112 662 3253 711 mee

381 748 717 815 elemosine
753 749 1006 817 donatio
1053 756 1196 817 rata
1238 753 1306 818 in
1350 757 1729 839 perpetuum
1775 755 1840 817 et
1884 750 2129 817 stabilis
2174 756 2563 837 permaneat,
2611 756 2969 836 presentem
3012 754 3253 817 cartam

379 855 586 940 sigillo
633 876 773 923 meo
819 864 884 924 et
927 858 1194 925 testibus
1239 859 1611 946 subscriptis
1655 858 2055 924 communivi.
2126 856 2331 923 Huius
2366 859 2460 924 rei
2492 863 2685 925 testes
2717 862 2895 924 sunt:
2944 856 3271 933 Iohannes¹

381 964 642 1045 Tortus3
691 965 1000 1031 Henricus
1031 965 1458 1049 Alamannus3
1507 964 1882 1047 Gotsuinus3
1928 964 2309 1031 Eustachius
2354 965 2433 1031 de
2463 964 2784 1053 Cayphas;
2834 964 3105 1032 Thomas
3150 984 3255 1031 ca-

377 1074 717 1155 merarius;
764 1073 1056 1140 Andreas
1102 1073 1178 1139 de
1210 1073 1441 1155 Vinea;
1492 1072 1799 1139 Iohannes
1849 1071 1926 1139 de
1971 1072 2155 1155 Bort3
2206 1071 2510 1140 Girardus
2557 1072 2635 1138 de
2681 1070 2907 1139 Cabur.
2985 1072 3084 1139 De
3126 1073 3253 1139 fra-

379 1179 582 1247 tribus
626 1180 1076 1247 interfuerunt:
1133 1182 1332 1247 frater
1378 1180 1525 1247 Otto
1541 1230 1559 1263 ,
1619 1180 1752 1247 eius
1798 1180 2023 1246 domus
2070 1181 2403 1265 magister3
2458 1180 2657 1246 frater
2703 1177 3051 1265 Gerardus,
3107 1200 3255 1266 pre-

381 1294 625 1373 ceptor-3
673 1289 869 1355 frater
899 1288 1229 1373 Henricus,
1259 1288 1708 1371 marescalcus;
1755 1288 1954 1354 frater
1982 1288 2314 1372 Henricus,
2348 1292 2557 1355 custos
2586 1285 3011 1370 infirmorum3
3056 1289 3256 1355 frater

379 1393 596 1479 Hug03
641 1396 841 1462 frater
868 1395 1242 1463 Bertoudns.
1313 1396 1544 1463 Actum
1577 1396 1791 1463 Accon
1839 1415 2003 1469 anno
2037 1395 2349 1462 dominice
2390 1392 2851 1461 incarnacionis
2892 1399 2980 1459 m⁰
3003 1402 3096 1462 cc⁰
3120 1396 3255 1461 viii·

380 1520 595 1569 mense
652 1503 1059 1590 septembris,
1114 1503 1368 1570 domino
1413 1502 1689 1570 Iohanne
1735 1503 1812 1569 de
1853 1500 2121 1570 Ybelino
2170 1522 2433 1587 regnum
2480 1500 3049 1593 Ierosqlimitanum
3109 1523 3256 1590 pro-

379 1615 657 1676 curante.

591 1733 634 1795 Ι,
671 1734 741 1785 29
777 1752 827 1785 n.
855 1734 940 1785 63.
996 1734 1092 1785 Ed.
1126 1734 1234 1786 Ioh.
1254 1733 1410 1799 Voigt
1445 1732 1580 1784 Graf
1609 1732 1729 1785 Otto
1765 1752 1862 1785 von
1899 1734 2215 1799 Henneberg
2248 1734 2354 1785 und
2392 1734 2475 1785 die
2514 1733 2829 1785 Botenlaube
2865 1734 2949 1785 bei
2983 1733 3258 1805 Kissingen

377 1820 430 1873 in
455 1822 602 1873 Neue
625 1822 866 1889 Beitrlige
900 1841 990 1873 zur
1014 1820 1318 1873 Geschichte
1347 1822 1622 1873 deutschen
1647 1822 1979 1875 Alterthnms.
2034 1823 2473 1889 Herausgegeben
2498 1839 2597 1873 von
2634 1822 2749 1874 dem
2772 1822 3259 1889 Hennebergischen

379 1910 1012 1963 alterthumsforschenden
1039 1910 1228 1962 Ver-ein
1264 1910 1422 1962 durch
1461 1911 1633 1977 Georg
1667 1910 1949 1964 Brflckner.
2002 1912 2297 1979 Meiningen
2330 1911 2484 1963 1858.
2534 1911 2583 1963 8.
2630 1912 2672 1973 Ι,
2713 1912 2781 1963 68
2806 1930 2881 1978 sq.
3068 1914 3113 1965 1.
3151 1913 3257 1963 Eo-

381 2000 592 2051 rundem
629 2000 850 2067 diploma
887 2001 951 2051 de
981 2000 1116 2051 1208
1152 2001 1374 2051 intrante
1410 2017 1584 2051 mense
1621 2001 1812 2053 octobri
1846 2018 1939 2067 pro
1976 2000 2334 2067 Hospitalariis
2370 2000 2579 2052 exhibet
2613 2000 2762 2053 Pauli
2784 2001 2826 2063 1,
2852 2000 2938 2052 96.
2976 2000 3135 2063 XCII,
3173 2000 3260 2053 ubi

379 2088 514 2139 inter
547 2098 706 2141 testes
730 2090 881 2141 etiam
903 2089 1153 2142 Henricus
1179 2088 1506 2153 Alemannus,
1542 2088 1794 2141 Iohannes
1819 2088 2019 2151 Tortus,
2059 2090 2303 2142 Girardus
2328 2090 2396 2142 de
2422 2090 2603 2153 Cabor,
2639 2088 2905 2141 Eustacius
2932 2090 2996 2141 de
3023 2089 3259 2157 Caiphae.

383 2427 510 2499 44.
560 2431 734 2499 1209
777 2432 1004 2519 septbr.
1037 2434 1099 2498 4.
1171 2433 1586 2499 Boamtmdus
1609 2430 1734 2513 IV,
1780 2430 2157 2497 Antiochiae
2190 2434 2516 2518 princeps,
2566 2432 2765 2497 donat
2792 2432 3013 2497 domui
3038 2433 3257 2519 hospi-

560 2540 707 2606 talis
753 2563 801 2605 s.
833 2540 1090 2605 Mariae
1126 2539 1649 2607 Theutonicorum
1693 2540 2019 2626 quandam
2052 2541 2295 2627 petiam
2341 2552 2545 2605 terrae
2587 2551 2645 2605 et
2672 2551 2795 2605 tres
2830 2552 3031 2606 turres
3076 2540 3257 2627 infra

560 2649 828 2735 burqum
869 2647 1171 2736 Tripolis.

602 2789 838 2858 Notum
883 2790 970 2857 sit
1012 2789 1301 2857 omnibus
1345 2788 1704 2857 hominibus
1749 2793 1882 2856 tam
1923 2789 2326 2876 presentibus
2374 2808 2564 2873 quam
2606 2788 2870 2873 futuris,
2926 2788 3095 2874 quod
3138 2808 3253 2873 ego

379 2896 788 2966 Boamundus
833 2898 934 2965 dei
979 2897 1193 2981 gracia
1234 2897 1528 2983 princeps
1558 2896 1936 2963 Anthiochie
1982 2901 2046 2963 et
2075 2916 2284 2963 comes
2312 2896 2587 2983 Tripolis
2620 2896 2803 2981 dono,
2850 2896 3059 2981 laudo,
3106 2916 3254 2963 con-

381 3006 536 3073 cedo
583 3006 799 3073 domui
828 3003 1160 3091 hospitalis
1189 3009 1406 3071 sancte
1432 3002 1634 3071 Marie
1665 3004 2193 3071 Theutonicorum
2240 3004 2559 3090 quandam
2604 3004 2849 3090 peciam
2894 3009 3082 3089 terre,
3130 3024 3255 3090 que

383 3120 481 3181 est
523 3134 666 3180 mea
709 3117 774 3179 et
817 3117 915 3179 est
956 3112 1124 3177 infra
1163 3112 1434 3195 burgum
1464 3112 1737 3199 Tripolis
1782 3132 1984 3199 prope
2029 3112 2403 3195 magistrum
2448 3132 2699 3178 murum
2742 3111 2935 3196 burgi·
2974 3112 3254 3199 exceptis

381 3220 702 3303 domibus,
757 3239 878 3305 que
923 3224 1072 3285 sunt
1111 3220 1179 3286 in
1223 3220 1366 3305 ipsa
1409 3225 1582 3287 terra
1625 3218 1988 3304 hedificate‚
2044 3218 2155 3285 ubi
2210 3219 2337 3285 mei
2390 3218 2676 3286 homines
2721 3224 2983 3286 manent
3037 3225 3101 3286 et
3146 3240 3254 3286 eas

379 3327 462 3393 de
505 3348 608 3393 me
650 3332 887 3393 tenent.
967 3327 1100 3393 Ista
1139 3332 1312 3393 terra
1357 3328 1450 3393 sic
1493 3329 1892 3412 terminatur,
1940 3325 2236 3394 videlicet
2278 3346 2319 3392 a
2360 3326 2562 3411 gradu
2606 3346 2835 3411 magne
2878 3328 3073 3393 turris
3118 3346 3254 3393 ma-

381 3434 564 3519 gistri
609 3434 777 3500 muri
824 3434 1007 3518 burgi
1053 3433 1358 3521 Tripolis,
1420 3454 1540 3519 que
1601 3438 1698 3501 est
1751 3434 2053 3501 adversus
2109 3434 2415 3501 orientem
2472 3454 2672 3520 usque
2731 3434 2813 3499 ad
2862 3433 3255 3500 territorium

383 3542 665 3629 episcopi
697 3541 1074 3628 Tripolitani
1121 3547 1184 3608 et
1227 3542 1307 3609 de
1351 3542 1670 3609 territorio
1717 3542 1999 3628 episcopi
2042 3560 2241 3627 usque
2286 3542 2368 3607 ad
2406 3562 2657 3608 murum
2690 3539 2958 3627 Templi,
3006 3542 3115 3626 qui
3160 3546 3257 3608 est

383 3650 686 3718 adversus
733 3648 1112 3716 occidentem
1163 3654 1228 3715 et
1256 3648 1517 3715 adheret
1543 3650 1848 3733 magistro
1879 3646 2087 3715 muro¹
2123 3648 2327 3733 burgi,
2376 3649 2540 3716 sicut
2584 3653 2757 3715 terra
2801 3647 2987 3715 debet
3029 3648 3257 3734 partiri

381 3757 548 3826 inter
577 3764 814 3825 terram
844 3776 1052 3823 meam
1099 3763 1163 3823 et
1190 3761 1426 3823 terram
1455 3754 1796 3840 Berengeri
1825 3757 1903 3823 de
1937 3756 2101 3823 Sura
2144 3776 2345 3843 prope
2374 3756 2745 3822 divisionem
2786 3761 2955 3822 terre
2985 3754 3250 3842 Templi.

378 3865 562 3932 Dono
609 3866 808 3931 eciam
854 3864 1134 3950 predicte
1181 3864 1397 3930 domui
1437 3864 1768 3951 hospitalis
1799 3869 2016 3932 sancte
2046 3862 2247 3930 Marie
2278 3863 2805 3931 Theutonicorum
2850 3867 2979 3929 tres
3025 3865 3252 3947 turres,

381 3992 502 4057 que
547 3978 698 4038 sunt
739 3992 782 4038 a
822 3972 1022 4056 gradu
1067 3971 1350 4057 predicto
1393 3991 1595 4056 usque
1649 3971 1730 4037 ad
1775 3976 2011 4038 terram
2062 3970 2285 4037 domus
2331 3970 2580 4057 Templi
2636 3970 2751 4037 tali
2806 3970 3027 4053 modo,
3086 3970 3255 4054 quod

379 4078 574 4145 nichil
619 4076 792 4145 aliud
835 4078 1082 4165 possint
1125 4078 1332 4145 facere
1388 4078 1456 4145 in
1511 4079 1656 4165 ipsa
1699 4084 1871 4147 terra
1925 4083 2139 4165 preter
2184 4078 2403 4145 domos
2452 4079 2531 4145 ad
2577 4098 2793 4145 eorum
2838 4078 3249 4145 mansionem.

383 4185 452 4253 Si
497 4206 644 4253 vero
691 4186 1116 4269 contingeret,
1175 4185 1342 4272 quod
1397 4186 1522 4272 ipsi
1566 4207 1820 4253 murum
1866 4187 2052 4270 burgi
2094 4186 2457 4272 peiorarent
2510 4206 2628 4272 pro
2674 4186 2916 4271 aliquo,
2976 4185 3140 4270 quod
3186 4186 3255 4252 in

380 4292 665 4379 predicta
693 4296 867 4359 terra
899 4293 1198 4378 facerent,
1243 4294 1370 4380 ipsi
1401 4294 1630 4361 debent
1663 4314 1916 4361 murum
1955 4294 2308 4361 emendare.
2379 4292 2511 4360 Hec
2558 4293 2773 4359 omnia
2818 4293 2981 4359 sicut
3022 4293 3093 4359 in
3136 4291 3255 4360 hoc

379 4396 768 4467 continetur²
810 4399 1143 4488 privilegio
1179 4401 1362 4485 dono,
1407 4400 1596 4467 laudo
1644 4406 1708 4468 et
1749 4401 1818 4467 in
1863 4406 2241 4487 perpetuum
2286 4400 2559 4468 tenenda
2604 4406 2669 4468 et
2696 4398 3079 4489 possidenda
3106 4418 3255 4467 con-

379 4507 531 4575 cedo
577 4508 792 4575 domui
835 4507 1167 4595 hospitalis
1213 4515 1430 4576 sancte
1475 4508 1674 4576 Marie
1721 4509 2255 4576 Theutonicorum
2300 4508 2491 4574 salvis
2538 4510 2883 4595 posternis,
2940 4528 3062 4594 que
3106 4513 3255 4574 sunt

377 4615 447 4683 in
491 4636 693 4701 muro,
737 4616 832 4682 ita
861 4616 1027 4700 quod
1059 4635 1173 4700 ego
1221 4622 1284 4683 et
1327 4616 1588 4683 heredes
1633 4617 1761 4683 mei
1807 4622 1872 4683 et
1913 4617 2202 4682 homines
2248 4616 2449 4683 nostri
2494 4616 2807 4702 possimus
2852 4635 2967 4702 per
3009 4620 3255 4701 poster-

377 4744 494 4789 nas
539 4724 779 4790 intrare
825 4729 892 4790 et
933 4724 1128 4807 exire,
1178 4743 1318 4789 cum
1365 4723 1546 4790 nobis
1593 4744 1751 4810 opus
1795 4723 2005 4791 fuerit.
2075 4722 2163 4789 Ut
2208 4728 2419 4789 autem
2464 4723 2581 4789 hoc
2615 4722 2851 4788 donum
2893 4721 3145 4788 firmum
3190 4726 3257 4789 et

377 4836 584 4898 ratum
634 4835 1022 4917 permaneat,
1075 4850 1334 4916 presens
1379 4831 1782 4917 privilegium
1828 4832 2021 4899 scribi
2066 4831 2323 4918 precepi
2368 4835 2433 4897 et
2476 4829 2669 4914 sigilli
2712 4829 2839 4896 mei
2884 4828 3253 4915 principalis

375 4938 793 5025 impressione
837 4937 1104 5005 testibus
1149 4936 1522 5024 subscriptis
1568 4938 1802 5005 muniri
1857 4943 2045 5024 atque
2091 4938 2469 5006 confirmari.
2553 4937 2772 5003 Testes
2830 4942 2981 5004 sunt
3026 4936 3253 5023 Gnido,

380 5046 670 5115 dominus
715 5045 937 5129 Biblii3
991 5044 1322 5130 Plivanus,
1374 5045 1668 5113 dominus
1712 5044 2006 5129 Botroni;
2056 5044 2363 5113 Girardus
2409 5045 2489 5113 de
2532 5042 2699 5112 Ham
2710 5040 2754 5130 ⁸,
2816 5044 3254 5114 conestabulus
3342 5029 3368 5053 '

2744 5158 2829 5214 3st
