3892 5609
1381 326 1772 373 vamscm
1816 325 2210 375 GENERALIA
3081 316 3179 387 24
3192 318 3227 386 1

361 481 542 553 258.
584 484 762 551 1222
807 485 936 549 dec.
985 508 1088 571 ap.
1123 486 1483 552 Precinam.
1555 485 1922 551 F1idericus
1952 486 2041 552 II
2074 490 2423 573 imperator
2450 489 2673 567 sancit,
2723 508 2802 551 ne
2848 490 3010 573 quis,
3058 501 3233 574 post-

585 614 778 677 quam
823 594 1042 658 domus
1090 614 1139 655 s.
1178 592 1272 655 Μ.
1314 590 1454 673 Th„
1518 615 1680 679 quae
1725 596 1834 658 avi
1876 606 1933 659 et
1974 596 2181 681 patris
2226 617 2485 659 suorum
2531 607 2588 660 et
2631 617 2749 660 sua
2792 606 3111 660 structura
3155 598 3239 659 sit

581 699 896 785 specialis,
943 699 1308 784 reli9ionem
1337 702 1748 787 assumpserit
1791 713 1849 766 et
1883 701 2165 767 habitum
2205 706 2559 787 qestaverit,
2608 725 2800 789 super
2832 702 3055 794 debitis
3091 713 3236 774 ante

582 805 746 871 hunc
801 818 1154 892 susceptum
1211 809 1544 873 contractis
1561 854 1582 887 ,
1641 810 2007 893 requiratur
2052 820 2163 873 aut
2210 831 2283 895 ea
2324 794 2571 875 ‘solvere
2626 809 3063 895 compellatur,
3127 809 3237 873 sed

583 912 687 977 illi
721 935 847 998 pro
877 914 1038 999 ipsis
1083 913 1305 978 debitis
1353 926 1698 993 teneantur,
1749 916 1837 979 ad
1881 936 2152 1000 quorum
2182 916 2532 981 dominium
2574 917 2978 981 haereditatis
3026 928 3083 981 et
3128 916 3237 980 bo-

583 1041 810 1085 norum
867 1023 1169 1085 successio
1215 1021 1504 1086 devoluta
1557 1024 1670 1102 sit,
1731 1024 1980 1088 etiamsi
2031 1025 2165 1109 ipsi
2209 1023 2493 1107 fratres,
2556 1046 2749 1110 quum
2803 1024 3086 1089 ordinem
3130 1045 3234 1087 as-

583 1131 983 1213 sumpserint,
1029 1140 1278 1215 partem
1323 1129 1628 1194 bonorum
1671 1150 1929 1195 suorum
1974 1131 2194 1195 domui
2237 1132 2629 1197 contulerint.

573 1266 664 1329 IV,
702 1266 865 1319 267v.
927 1267 1060 1319 Edd.
1095 1266 1323 1317 Duellius
1361 1267 1552 1319 Hister.
1588 1268 1696 1319 ord.
1723 1268 1904 1319 Theut.
1943 1283 2063 1335 app.
2100 1286 2151 1322 ιι.
2184 1268 2264 1321 15.
2328 1268 2539 1321 Hennes
2578 1268 2699 1321 Cod.
2735 1268 2845 1321 ord.
2869 1267 3052 1320 Theut.
3086 1268 3129 1331 I,
3166 1267 3235 1319 67

354 1372 410 1408 ιι.
437 1352 524 1407 62.
585 1354 858 1437 Huillard:
870 1355 1134 1408 Breholles
1171 1356 1240 1416 11,
1277 1356 1398 1407 282.
1462 1356 1537 1408 Of.
1561 1356 1812 1409 Boehmer
1847 1376 1898 1409 ιι.
1921 1356 2047 1411 488.
3136 1384 3143 1389 ·

358 1594 540 1665 259.
583 1598 760 1664 1223
804 1602 935 1664 ian.
986 1597 1258 1684 Capuae.
1336 1599 1704 1664 Fm‘dericus
1738 1598 1823 1663 II
1857 1601 2203 1686 imperator
2248 1598 2615 1665 Hermanno
2659 1602 2965 1685 maqistro
3012 1600 3231 1687 hospi-

581 1705 727 1771 talis
772 1729 822 1771 s.
857 1706 949 1771 Μ.
991 1704 1106 1771 Th.
1153 1709 1224 1771 in
1271 1704 1324 1770 I.
1365 1718 1613 1793 petente
1657 1706 1986 1789 confirmat
2035 1707 2181 1772 huic
2236 1709 2689 1772 concessionem
2733 1731 2775 1772 a
2820 1728 2885 1772 se
2936 1719 3079 1773 ante
3121 1730 3229 1772 su—

581 1826 856 1899 sceptum
910 1816 1246 1899 imperium
1306 1812 1582 1892 (scilicet
1627 1814 1804 1885 1214
1849 1826 2002 1900 sept.
2036 1815 2079 1879 5
2132 1816 2204 1878 in
2259 1817 2479 1879 castris
2540 1814 2720 1899 apud
2763 1813 3077 1878 Iuliacum
3122 1837 3230 1881 su-

575 1942 704 2006 pra
747 1944 810 1983 n.
842 1918 1012 2001 253)
1037 1921 1315 2004 factam,
1365 1943 1441 1985 ea
1484 1942 1632 2006 qua,
1683 1922 2038 2006 quicunque
2084 1922 2334 2007 aliquid
2376 1922 2455 1985 de
2498 1920 2677 1985 bonis
2720 1923 2979 2006 imperii
3011 1923 3227 2008 possi-

579 2028 725 2092 deat
767 2030 1016 2092 nomine
1042 2028 1257 2112 feudi,
1310 2040 1616 2113 quantum
1659 2027 1926 2092 voluerit
1969 2028 2118 2091 inde
2146 2027 2453 2113 hospitali
2494 2028 2683 2093 libere
2727 2040 3031 2114 tanquam
3063 2050 3227 2114 pro-

569 2136 796 2220 prium
839 2134 1124 2217 conferre
1158 2137 1386 2222 possit.
1950 2117 1955 2121 ⁴

568 2272 660 2335 IV,
697 2272 802 2324 268
813 2290 860 2324 v.
898 2271 1006 2324 274
1019 2290 1064 2324 ν.
1127 2274 1190 2325 Β.
1225 2272 1323 2325 109
1361 2290 1390 2323 e
1426 2274 1574 2325 domo
1612 2272 1908 2324 Buckheim.
1974 2272 2105 2325 Edd.
2132 2270 2361 2324 Duellius
2397 2273 2529 2325 Hist.
2554 2272 2661 2325 ord.
2687 2273 2869 2324 Theut.
2908 2289 3028 2340 app.
3063 2290 3115 2323 ιι.
3147 2272 3231 2325 15.

354 2361 584 2427 (Feder)
631 2362 923 2413 Unterricht
968 2380 1020 2413 n.
1056 2362 1107 2413 4.
1148 2392 1211 2401 --
1251 2362 1758 2429 Brundenburgische
1795 2361 2423 2429 Usurpationsgeschichte
2464 2360 2535 2412 94
2581 2378 2633 2413 n.
2657 2360 2744 2413 44.
2808 2360 3044 2414 Huillard
3057 2389 3081 2401 -
3094 2362 3229 2413 Bre-

351 2449 516 2503 holles
552 2450 620 2513 Π,
657 2450 780 2503 294.
843 2450 918 2504 Cf.
943 2450 1195 2502 Boehmer
1229 2470 1280 2502 n.
1305 2450 1428 2502 496.

357 2688 536 2760 260.
577 2694 756 2759 1223
799 2706 986 2760 mart.
1036 2716 1143 2780 ap.
1177 2693 1600 2759 Ferentinum.
1673 2692 2041 2757 Fridericus
2072 2692 2161 2756 II
2192 2694 2538 2778 imperator
2583 2692 3008 2771 considerans,
3060 2693 3232 2777 quod

578 2800 892 2865 Henm'cus
946 2805 1291 2887 imperator
1335 2802 1588 2865 domum
1640 2800 1700 2863 11.
1743 2822 1791 2863 s.
1827 2800 1920 2864 M.
1965 2798 2079 2865 Th.
2116 2799 2169 2864 I.
2212 2801 2595 2884 fundaverit
2653 2812 2709 2863 et
2763 2800 3100 2879 dotaverit,
3160 2800 3231 2863 in

580 2929 708 2993 qua
737 2909 945 2972 divini
976 2909 1219 2973 servitii
1247 2908 1445 2972 cultus
1480 2920 1536 2971 et
1571 2907 1793 2992 reliqio
1827 2921 2286 2987 conserventur,
2328 2928 2689 2993 pauperum
2734 2919 2793 2972 et
2834 2906 3231 2989 infimorum

573 3028 946 3099 procuretur
989 3018 1354 3093 necessitas,
1417 3016 1568 3079 dum
1614 3026 1834 3078 contra
1876 3036 2165 3100 paqanos
2203 3014 2452 3097 fratres
2495 3035 2561 3078 se
2608 3013 2875 3098 offerant
2917 3014 3225 3092 victimas,

580 3143 772 3207 quum
819 3124 1239 3189 coronationis
1284 3143 1434 3186 suae
1480 3122 1582 3185 die
1627 3122 1714 3185 ad
1754 3111 1989 3207 preces'
2013 3143 2161 3185 suas
2196 3121 2489 3187 Romana
2520 3121 2776 3185 ecclesia
2816 3120 3037 3185 domui
3080 3141 3227 3185 con-

576 3228 806 3309 tulerit,
855 3241 925 3293 ut
954 3230 1355 3293 ecclesiarum
1385 3230 1472 3292 ad
1501 3230 2004 3292 sustentationem
2038 3228 2331 3312 fratrum
2361 3229 2878 3293 commorantium
2920 3230 2991 3291 in
3030 3228 3227 3292 servi—

576 3336 664 3399 tio
695 3347 899 3401 terrae
927 3349 1180 3401 sanctae
1211 3356 1660 3413 concessarum,
1688 3336 2009 3419 assiqnato
2039 3335 2299 3399 vicariis
2328 3336 2483 3399 satis
2513 3356 2743 3419 maqno
2766 3345 3077 3419 proventu
3104 3353 3227 3419 pro

575 3444 742 3507 victu
769 3442 1022 3508 honesto
1069 3454 1128 3507 et
1157 3444 1402 3507 iuribus
1439 3441 1921 3528 episcopalibus,
1972 3454 2243 3506 caeteros
2287 3452 2625 3526 proventus
2671 3440 2887 3505 usibus
2934 3442 3067 3504 suis
3113 3440 3229 3504 ha-

577 3549 760 3614 beant
789 3551 1150 3635 deputatos3
1199 3562 1255 3613 et
1297 3552 1434 3635 ipse
1477 3550 1698 3629 sancit,
1747 3559 1819 3613 ut
1859 3570 2124 3635 prorsus
2155 3549 2375 3613 domus
2419 3548 2633 3611 eadem
2676 3550 2747 3611 in
2795 3547 3081 3613 omnibus
3130 3568 3227 3612 ec-

577 3654 778 3719 clesiis
825 3667 955 3721 tam
999 3658 1258 3741 imperii
1300 3674 1493 3741 quam
1546 3656 1923 3740 patrimonii
1964 3656 2396 3740 imperatoris,
2454 3656 2525 3718 in
2571 3654 2796 3739 quibus
2848 3656 2953 3718 ius
3001 3666 3225 3740 patro·

575 3774 761 3827 natus
808 3775 865 3826 et
907 3764 1496 3847 repraesentationis
1539 3765 1886 3847 imperator
1930 3760 2144 3841 habet,
2206 3761 2368 3825 hanc
2426 3760 2649 3825 habeat
2704 3773 3102 3847 potestatem,
3159 3772 3233 3825 ut

571 3868 938 3934 vacantibus
987 3868 1256 3934 ecclesiis
1309 3870 1662 3955 portionem
1713 3867 2039 3931 mobilium
2092 3889 2305 3931 rerum
2362 3868 2449 3931 ad
2505 3890 2663 3953 opus
2718 3871 2980 3954 imperii
3028 3869 3233 3953 recipi

573 3976 826 4041 solitum
871 3976 959 4039 ad
1001 3998 1152 4040 usus
1197 3998 1342 4041 suos
1387 3977 1695 4040 retineant
1753 3986 1810 4038 et
1861 3976 2222 4039 vacantium
2266 3974 2666 4039 ecclesiarum
2711 3987 3056 4061 proventus
3111 3996 3230 4060 per

574 4105 812 4147 annum
833 4106 875 4147 a
898 4084 1000 4147 die
1029 4084 1376 4148 vacationis
1405 4084 1782 4167 percipiant,
1811 4080 2053 4145 clericis
2077 4081 2329 4147 honesto
2360 4095 2615 4168 sumptu
2642 4084 2918 4168 provisO.
2968 4082 3227 4167 Perqit:

347 4260 434 4268 —
471 4258 554 4267 —
593 4242 694 4289 res
744 4226 808 4289 et
851 4222 1016 4289 bona
1062 4222 1484 4289 ecclesiastica
1527 4220 1797 4287 fideliter
1841 4221 2095 4288 interim
2144 4225 2207 4287 et
2252 4222 2589 4289 efficaciter
2634 4227 3065 4309 procuranteS,
3111 4240 3229 4288 nec

347 4330 440 4396 eis
485 4329 867 4416 preiudicet,
928 4331 983 4396 si
1039 4330 1206 4397 infra
1252 4350 1486 4396 annum
1531 4328 1814 4415 prelatus
1859 4328 1924 4395 in
1972 4330 2063 4395 eis
2108 4330 2301 4395 fuerit
2347 4329 2755 4415 constitutae,
2818 4329 2970 4413 quin
3015 4328 3229 4395 omnia

346 4436 716 4523 supradicta
769 4437 1156 4523 percipiant,
1214 4442 1403 4524 prout
1459 4436 1748 4523 superius
1807 4440 1903 4501 est
1958 4456 2345 4523 expressum.
2426 4434 2580 4502 Post
2636 4435 3017 4523 completum
3075 4455 3225 4502 vero

347 4564 582 4609 annum
629 4544 1145 4631 procuracionem
1193 4550 1257 4611 et
1298 4542 1769 4629 percepcionem
1827 4548 2247 4629 proventuum
2295 4548 2359 4609 et
2402 4543 2838 4610 usufructuum
2885 4542 3223 4609 earundem

347 4650 753 4717 ecclesiarum
803 4651 1122 4736 sequentis
1169 4650 1408 4717 scilicet
1461 4649 1766 4736 temporis
1814 4649 2105 4716 manibus
2154 4654 2218 4716 et
2262 4650 2542 4716 custodie
2585 4648 2757 4716 illius
2804 4648 2903 4716 vel
2950 4650 3223 4733 illorum,

347 4756 458 4843 qui
501 4757 572 4822 in
617 4758 708 4824 eis
752 4758 874 4824 rite
917 4758 1155 4824 fuerint
1197 4757 1494 4841 instituti,
1542 4757 1812 4823 debeant
1853 4756 2196 4841 resignare,
2251 4777 2367 4824 nec
2412 4778 2479 4823 se
2523 4756 2670 4823 inde
2715 4756 2979 4823 ulterius
3023 4758 3227 4822 intro·-

345 4862 626 4949 mittant,
657 4864 781 4930 nisi
813 4864 1140 4932 ecclesiam
1169 4884 1396 4931 vacare
1425 4864 1778 4949 contigerit,
1810 4870 1881 4930 ut
1911 4864 2403 4929 iurisdictionem
2432 4869 2765 4931 exerceant
2794 4864 3223 4949 constitutam,

347 4990 538 5056 quam
583 4992 711 5039 non
763 4973 887 5039 nisi
933 4992 1058 5048 uno
1117 4992 1314 5057 anne,
1373 4972 1670 5056 quociens
1726 4971 1938 5057 aliqua
1996 4970 2093 5036 vel
2151 4969 2361 5056 alique
2422 4971 2679 5038 ecclesie
2738 4970 3103 5038 vacaverint
3154 4972 3225 5037 in

2730 5084 2798 5139 16
