3892 5609
1353 341 1746 391 ramme-u
1793 341 2184 391 GnnnnAmA
2912 324 2915 331 ’
3050 330 3145 403 33
3161 332 3195 400 1

327 501 544 567 cesani
590 500 872 587 episcopi
913 501 1008 568 rei
1043 463 1378 569 veritatem¹
1415 502 1880 569 continentibus
1927 502 2271 587 apostolico
2304 523 2371 569 se
2402 504 2765 589 conspectui
2792 470 3203 589 representet.

326 607 567 675 Datum
613 606 910 675 Laterani
959 630 1000 673 x
1047 608 1172 675 kal.
1206 608 1345 677 iulii
1389 606 1792 694 pontificatus
1839 609 2039 674 nostri
2087 629 2250 675 anno
2298 614 2537 676 octava

547 749 712 811 Quum
749 748 972 815 pluribus
1007 748 1129 801 locis
1167 748 1438 799 abhorreat
1472 750 1554 800 hic
1589 758 1756 799 textus
1793 767 1824 799 a
1859 766 1910 800 ιι.
1930 748 2053 812 328,
2090 750 2275 799 utimur
2311 750 2573 801 occasione
2604 748 2809 815 repetiti
2844 747 3111 815 privilegii,
3150 756 3207 799 ut

331 838 486 889 etiam
519 838 655 888 hunc
691 838 922 889 sistamus
960 838 1120 889 secuti
1142 837 1209 899 Π,
1239 838 1339 889 109
1351 856 1397 888 v.
1435 838 1499 888 cf.
1527 838 1820 889 Gaorsinum
1845 846 1896 888 et
1921 837 2203 889 Sannorum
2228 846 2322 887 etc.
2370 838 2588 889 vacillat
2610 838 2742 887 inter
2766 846 3029 902 utrumque
3054 838 3117 887 A.
3137 837 3208 887 20

329 945 381 978 ιι.
403 926 490 978 63.
545 926 694 977 Nunc
729 926 872 977 nobis
909 926 1139 988 refertur,
1177 926 1230 976 id
1267 926 1402 991 quod
1435 926 1666 977 addimus
1693 926 1760 977 ad
1784 944 1834 991 p.
1853 922 1955 976 297
1982 925 2160 987 relata,
2197 926 2489 991 Regimonti
2512 942 2625 977 esse
2651 924 2895 992 originale
2922 942 3033 975 cum
3059 910 3203 977 dato}

329 1014 574 1066 Laterani
609 1032 642 1065 x
677 1013 781 1065 kal.
807 1014 915 1065 iulii
948 1032 998 1081 p.
1025 1032 1076 1066 ιι.
1102 1033 1148 1064 a.
1175 1014 1224 1065 8.
1287 1015 1410 1081 Cum
1447 1014 1590 1066 dato:
1629 1014 1867 1065 Laterani
1889 1016 1940 1065 xi
1980 1014 2169 1081 (errore
2180 1015 2227 1080 ?)
2264 1012 2368 1065 kal.
2394 1014 2501 1065 iulii
2536 1032 2587 1081 p.
2612 1032 2663 1065 n.
2691 1033 2735 1065 a.
2764 1022 2939 1065 octavo
2965 1015 3016 1065 in
3053 1014 3117 1065 A.
3142 1014 3207 1064 16

330 1121 383 1170 p.
409 1103 478 1155 25
505 1122 580 1169 sq.
618 1120 680 1154 ex
715 1112 1054 1169 transsumpto
1091 1102 1319 1154 Venetiis
1357 1112 1643 1165 asservato,
1689 1106 1783 1155 sub
1820 1103 2116 1154 auctoritate
2151 1103 2383 1164 Henrici,
2433 1102 2799 1169 archiepiscopi
2832 1102 3113 1165 Nazareni,
3156 1111 3208 1153 et

331 1192 699 1259 archiepiscopi
723 1192 990 1243 Liddensis
1025 1192 1176 1243 facto.
1235 1191 1520 1243 For-mulam
1558 1194 1905 1255 conclusionis,
1944 1192 2095 1253 diem,
2130 1208 2316 1241 annum
2352 1192 2565 1257 scriptor
2600 1190 2779 1241 omisit.
2810 1222 2870 1229 —
2913 1192 3035 1243 Cum
3058 1191 3205 1241 dato:

330 1280 542 1345 (Tibure
564 1280 618 1333 iii
641 1278 744 1331 kal.
769 1281 872 1331 iun.
898 1298 944 1331 a.
966 1280 1056 1346 9‘2)
1089 1279 1352 1344 „Colonie“
1383 1282 1447 1331 A.
1478 1280 1543 1331 16
1581 1299 1630 1348 p.
1658 1281 1729 1333 74
1751 1298 1826 1347 sq.
1881 1281 2140 1348 originale
2166 1281 2416 1346 quondam
2441 1279 2708 1330 Veteribus
2730 1278 2896 1331 Iuncis
2934 1296 3045 1329 cum
3068 1278 3206 1331 bulla

329 1368 384 1419 in
432 1366 530 1419 filis
577 1368 780 1419 sericeis
824 1368 990 1419 rubris
1034 1376 1086 1419 et
1129 1368 1278 1419 luteis
1319 1386 1454 1421 nunc
1489 1369 1542 1419 in
1579 1370 1780 1421 archivo
1818 1370 2005 1421 ordinis
2042 1349 2337 1421 Theutonici
2371 1368 2766 1419 vindobonensi.
2826 1369 2890 1419 cf.
2923 1383 2975 1434 p:
3000 1366 3105 1418 296
3129 1384 3203 1432 sq.

332 1454 620 1513 Concor-dat
661 1456 788 1508 illud
829 1474 920 1521 per
955 1456 1054 1507 alia
1088 1457 1249 1507 textui
1283 1475 1334 1508 ιι.
1359 1457 1465 1508 328
1507 1460 1864 1524 „patriarchis“
1906 1468 2033 1519 etc.;
2078 1458 2285 1509 multum
2333 1458 2612 1523 praecisum
2656 1464 2709 1507 et
2752 1457 3020 1509 infractum
3054 1456 3204 1507 modo

329 1543 471 1597 bulla
514 1552 679 1606 caret,
726 1545 860 1609 quod
905 1554 1180 1609 sequuntur
1215 1546 1383 1596 omnia
1420 1546 1608 1597 archivi
1643 1546 1868 1597 eiusdem
1901 1554 2224 1597 transsumta.
2288 1546 2348 1596 In
2384 1545 2533 1597 dorso
2579 1545 2629 1596 2.
2672 1545 2799 1597 1281
2842 1545 2965 1596 facti
2994 1544 3203 1609 legitur:

331 1632 654 1699 Rescriptum
698 1632 948 1699 privilegii
993 1633 1058 1684 de
1103 1633 1309 1684 decimis
1354 1651 1455 1685 non
1499 1635 1708 1695 dandis;
1759 1644 1834 1685 et:
1892 1633 2119 1695 Qualiter
2155 1633 2467 1701 privilegium
2518 1634 2581 1684 de
2628 1651 2729 1685 non
2775 1633 2956 1685 dandis
3001 1630 3205 1683 decimis

333 1718 398 1770 sit
441 1720 896 1784 interpretandum,
945 1728 998 1771 et
1044 1721 1164 1786 quid
1209 1739 1345 1788 papa
1389 1722 1625 1788 intelligit
1663 1723 1738 1789 (ἒ)
1786 1740 1878 1790 per
1919 1722 2098 1774 novale
2146 1722 2197 1772 in
2240 1721 2513 1787 privilegiis
2550 1720 2754 1773 ordinis.
2826 1722 3205 1772 Transsumtum

333 1808 384 1859 3.
423 1807 488 1859 de
529 1806 666 1857 1426
702 1826 820 1874 pars
859 1817 1080 1859 actorum
1115 1808 1168 1859 in
1206 1825 1358 1861 causa
1394 1810 1618 1861 decimae
1653 1828 1746 1877 per
1781 1810 2130 1862 Pomeraniam
2166 1809 2455 1871 solvendae,
2494 1810 2639 1861 huius
2676 1818 2755 1861 est
2789 1810 3000 1861 tenoris:
3038 1808 3202 1859 Bern-

331 1896 540 1957 hardus,
577 1896 735 1948 abbas
773 1896 1039 1958 Olirensis,
1075 1906 1312 1949 executor
1345 1898 1626 1950 litterarum
1669 1898 2111 1966 compulsoriarum
2146 1898 2513 1964 subdeputatus
2548 1916 2579 1949 a
2614 1898 2962 1950 commissariis
2997 1905 3202 1963 aposto-

332 1984 468 2045 licis,
517 1985 778 2036 Onuczone
822 1986 1112 2051 praeposito
1149 1985 1471 2037 Olomucensi
1514 1996 1566 2037 et
1610 1987 1854 2051 Iohanne·
1873 1986 2199 2039 Gundissalvi
2242 1987 2480 2039 canonico
2524 1985 2845 2051 Hispalensi,
2892 1986 3205 2037 decretorum

334 2073 621 2125 doctoribus
668 2082 722 2124 et
768 2074 896 2125 sacri
944 2073 1120 2140 palatii
1166 2074 1503 2137 auditoribus,
1546 2076 1792 2127 iudicibus
1841 2092 2102 2127 causarum
2138 2076 2267 2125 inter
2304 2075 2580 2126 Iohannem
2614 2074 2906 2141 episcopum
2929 2073 3204 2125 Wladisla-

333 2161 558 2212 viensem
595 2160 875 2227 (decimam,
914 2178 1043 2226 quae
1068 2161 1218 2227 vulgo
1241 2162 1700 2215 Bischoffsscheffel
1736 2164 1953 2237 dicitur,⁸
1978 2164 2043 2213 de
2079 2164 2214 2229 agris
2252 2163 2439 2214 ordinis
2476 2162 2527 2213 in
2564 2162 2864 2213 Pomerania
2899 2163 3205 2228 exigentem)

334 2256 388 2300 et
423 2248 716 2315 magistrum
753 2248 1202 2315 ordinis,‘partem
1240 2251 1374 2301 dicta
1409 2252 1492 2303 die
1529 2270 1628 2305 non
1667 2260 2039 2320 comparentem
2075 2254 2127 2302 in
2164 2269 2219 2303 se
2256 2260 2597 2303 contumacem
2632 2250 2975 2317 proclamans,
3022 2251 3089 2301 ad
3122 2252 3203 2301 in-

334 2338 572 2388 stantiam
608 2338 848 2389 Andreae
884 2336 1106 2401 Sloman,
1141 2341 1348 2391 rectoris
1375 2340 1675 2407 parochialis
1700 2340 1910 2391 ecclesie
1935 2340 2011 2392 St.
2037 2341 2231 2393 Mariae
2264 2341 2318 2392 in
2344 2340 2579 2401 Gdanzk,
2616 2358 2647 2391 a
2670 2348 2995 2407 procuratore
3017 2340 3205 2391 ordinis

333 2426 620 2489 substituti,
653 2426 848 2479 litteras
877 2426 1090 2478 Honorii
1121 2426 1198 2478 111
1243 2445 1412 2494 papae
1453 2428 1598 2481 datas
1635 2429 1872 2481 Laterani
1907 2448 1939 2480 x
1974 2429 2078 2481 kal.
2104 2429 2211 2481 iulii
2245 2448 2293 2481 a.
2316 2429 2427 2481 viiio
2465 2429 2531 2481 de
2566 2427 2797 2495 originali
2830 2429 2927 2479 sibi
2962 2429 3207 2495 producto

331 2514 544 2566 mandat
587 2516 858 2567 transsumi
893 2523 946 2567 et
991 2516 1142 2582 sigilli
1187 2517 1500 2583 appensione
1537 2518 1720 2569 muniri
1755 2518 1910 2569 iubet.
1964 2518 2264 2569 Valentinus
2302 2518 2367 2569 de
2402 2518 2604 2571 Reddin
2618 2555 2633 2579 ,
2683 2517 2889 2569 clericus
2929 2518 3207 2569 culmensis

334 2603 574 2665 diocesis,
624 2604 852 2671 publicus
899 2623 938 2655 s.
975 2604 1222 2671 imperiali
1268 2606 1564 2657 auctoritate
1611 2608 1862 2668 notarius,
1909 2607 2203 2673 subscripsit
2248 2624 2339 2673 pro
2388 2624 2445 2658 se
2493 2616 2547 2657 et
2593 2607 2787 2673 collega
2832 2624 2923 2659 suo
2964 2605 3205 2658 Iohanne.

331 2692 523 2744 Datum
561 2692 761 2744 Gedani
801 2692 953 2744 1426.
1006 2694 1070 2744 13
1093 2695 1280 2745 marcii.
1527 2692 1538 2703 ⁶

341 2896 517 2968 394.
558 2900 734 2966 1225
779 2902 939 2965 maii
969 2900 1052 2967 31
1111 2898 1361 2966 Tibure.
1432 2902 1759 2967 Honorem
1792 2903 1916 2968 III
1950 2906 2176 2990 repetit
2216 2926 2279 2966 π.
2306 2902 2443 2969 370
2487 2904 2564 2966 de
2594 2901 2769 2968 1223
2814 2904 3066 2966 ianuar.
3095 2902 3156 2965 5.

559 3030 876 3097 Honorius
921 3036 1038 3099 etc.
1264 3034 1367 3100 Ad
1415 3035 1802 3121 eripiendam
1849 3040 1969 3103 etc.
2037 3034 2273 3101 Datum
2305 3033 2536 3125 'IJibure
2572 3033 2620 3100 ii
2648 3033 2775 3101 kal.
2807 3034 2967 3100 iunii
2996 3033 3207 3120 ponti-

335 3137 558 3205 ficatus
605 3139 808 3204 nostri
853 3158 1015 3204 anno
1067 3140 1217 3205 viiii.

342 3358 518 3431 395.
562 3361 738 3427 1225
782 3364 943 3425 maii
968 3362 1053 3428 31
1111 3362 1360 3428 Tibure.
1433 3364 1757 3429 Honorius
1790 3363 1913 3429 III
1945 3366 2170 3450 repetit
2211 3387 2274 3427 π.
2299 3363 2428 3428 311
2479 3364 2557 3427 de
2599 3362 2771 3427 1221
2819 3366 3072 3432 ianuar.
3098 3364 3203 3429 15.

560 3493 876 3559 Honorius
925 3500 1038 3559 etc.
1089 3532 1095 3539 -
1312 3495 1471 3561 Cum
1519 3516 1628 3562 vos
1675 3503 1976 3580 tanquam
2023 3501 2137 3562 etc.
2217 3494 2455 3561 Datum
2502 3494 2733 3562 Tibure
2778 3495 2826 3561 ii
2870 3494 2997 3561 kal.
3046 3494 3204 3563 iunii

337 3599 738 3688 pontificatus
783 3600 984 3667 nostri
1030 3621 1193 3667 anno
1239 3622 1424 3669 nonu.

343 3821 520 3894 396.
561 3824 740 3890 1225
782 3827 944 3888 maii
969 3824 1054 3891 31
1112 3824 1362 3891 Tibure.
1432 3826 1758 3892 Honorius
1789 3826 1914 3891 III
1950 3828 2173 3912 repetit
2214 3850 2277 3889 n.
2312 3825 2447 3890 322
2490 3828 2567 3891 cle
2598 3825 2769 3892 1221
2817 3828 3070 3891 ianuar.
3098 3827 3203 3892 16.

561 3956 878 4022 Honorius
926 3961 1039 4021 etc.
1265 3958 1407 4023 Non
1453 3958 1686 4043 absque
1734 3965 1849 4025 etc.
1917 3958 2153 4024 Datum
2186 3958 2419 4024 Tibure
2449 3958 2495 4023 ii
2525 3958 2828 4024 kalendas
2859 3958 3017 4023 iunii
3050 3977 3208 4044 pon-

337 4063 612 4131 tificatus
659 4064 857 4129 nostri
904 4084 1066 4129 anno
1111 4085 1296 4131 nono.

345 4284 520 4355 397.
561 4286 739 4352 1226
783 4289 952 4352 iunii
981 4288 1070 4351 27
1116 4288 1437 4353 Laterani.
1507 4286 1834 4353 Honorius
1867 4286 1990 4352 III
2025 4290 2248 4375 repetit
2289 4312 2351 4351 n.
2377 4288 2510 4353 305
2555 4291 2633 4353 de
2662 4288 2840 4355 1218
2885 4301 2997 4354 oct.
3028 4292 3085 4353 1.

564 4418 878 4484 Honorius
925 4424 1040 4484 etc.
1291 4418 1448 4485 Cum
1496 4418 1709 4484 dilecti
1757 4424 1872 4486 etc.
1945 4420 2179 4486 Datum
2226 4420 2526 4487 Laterani
2572 4441 2609 4486 v
2656 4420 2782 4487 kal.
2818 4420 2953 4487 iulii
2998 4422 3207 4507 ponti-

293 4624 302 4631 ·
338 4526 562 4593 ficatus
608 4525 810 4591 nostri
855 4545 1017 4591 anno
1063 4545 1124 4591 x.

347 4746 522 4817 398.
564 4748 742 4815 1226
787 4746 935 4813 iulii
977 4748 1016 4814 1
1065 4748 1392 4813 Laterani.
1459 4751 1787 4815 Honom‘us
1819 4749 1943 4815 III
1978 4754 2201 4837 repetit
2242 4775 2305 4813 n.
2332 4751 2464 4815 309
2512 4752 2588 4815 de
2623 4750 2788 4835 1221
2822 4752 3075 4815 ianuar.
3098 4752 3159 4815 9.

563 4880 878 4946 Honorius
923 4884 1039 4946 etc.
1300 4880 1529 4949 Vestra
1573 4882 1794 4966 religio
1842 4886 1958 4948 etc.
2030 4881 2267 4948 Datum
2310 4880 2612 4948 Laterani
2656 4882 2783 4948 kal.
2814 4880 2954 4947 iulii
2999 4881 3209 4968 ponti-

339 4986 562 5053 ficatus
607 4986 810 5053 nostri
857 5006 1018 5051 anno
1064 5006 1128 5051 x.
