3892 5609
1297 370 1686 421 mmmmm
1731 370 2120 423 emmam
2790 334 2797 343 ⁶
2978 362 3125 433 345

279 531 456 597 conis
501 534 566 597 et
611 530 750 597 aliis
795 530 1200 597 ecclesiarum
1245 522 1526 619 prelatis,
1575 532 1654 599 ad
1703 554 1855 618 quos
1899 534 2111 607 littere
2152 535 2273 602 iste
2302 534 2724 621 pervenerint,
2771 532 3041 601 salutem
3072 538 3135 600 et

283 640 690 726 apostolicam
737 638 1251 705 benedictionem.
1476 639 1822 723 Religiosos
1867 642 2038 709 viros
2086 680 2167 689 —
2212 643 2531 730 deputatis
2576 642 2933 728 pedagium,
2985 660 3134 707 ven-

286 747 466 831 dam,
511 747 892 835 passagium,
939 746 1300 829 caucagium
1347 767 1457 813 seu
1500 747 1688 813 aliam
1735 750 2077 833 quamlibet
2128 786 2204 795 —
2252 750 2729 837 presumpcione
2776 770 2891 815 sua
2935 749 3135 814 moni-

284 856 464 922 cione
521 856 830 942 premissa
886 874 1011 921 non
1059 890 1142 899 ——-
1189 855 1569 941 baptismata
1613 892 1696 902 -
1743 857 2127 943 prohibeatis
2187 857 2605 945 appellatione
2650 861 2890 922 remota
2932 854 3137 921 officia

285 1000 372 1009 —
421 964 760 1030 sententias
818 961 1246 1049 appellacione
1302 960 1676 1048 postposita²
1729 965 2159 1051 compescatis
2250 964 2484 1031 Datum
2530 964 2820 1047 Anagnie
2864 960 3134 1031 secundo

283 1070 588 1138 kalendas
635 1070 880 1155 augusti
925 1067 1323 1157 pontificatus
1367 1071 1570 1136 nostri
1616 1091 1779 1137 anno
1825 1072 2049 1159 primo.

501 1212 623 1263 Oum
647 1213 790 1263 dato:
826 1211 858 1261 2
893 1210 996 1261 kal.
1021 1227 1137 1276 aug.
1174 1228 1225 1277 p.
1251 1229 1300 1262 ιι.
1327 1228 1374 1261 a.
1403 1210 1447 1261 1.
1494 1211 1729 1276 Anagnia
1753 1212 1824 1262 VI
1833 1249 1850 1274 ,
1874 1213 1981 1264 354
2015 1214 2145 1263 inter
2168 1212 2481 1263 Frisacensia
2514 1220 2566 1262 et
2586 1209 2931 1263 Leibacensia.
2977 1210 3041 1261 A.
3072 1209 3137 1260 16

283 1301 416 1367 p.21
450 1300 756 1367 „Venetiis“.
773 1331 831 1339 —
861 1300 984 1353 Cum
1007 1300 1150 1351 dato:
1187 1298 1220 1348 2
1247 1316 1361 1350 non.
1387 1316 1502 1365 aug.
1527 1316 1578 1365 p.
1597 1317 1646 1350 n.
1667 1301 1752 1351 a.l
1795 1294 2031 1366 Anagnis
2054 1318 2127 1351 or.
2152 1316 2263 1351 cum
2285 1300 2421 1351 bulla
2445 1300 2496 1351 in
2520 1300 2719 1351 archivo
2744 1298 3136 1365 Regimontan03

287 1390 353 1441 ef.
389 1390 678 1457 Napiersky
713 1389 764 1451 1,
795 1388 858 1439 10
905 1406 956 1440 ιι.
981 1388 1065 1441 33.
1132 1389 1218 1439 Or.
1254 1404 1366 1439 cum
1401 1386 1538 1439 bulla
1577 1388 1630 1439 in
1665 1388 1762 1439 filis
1799 1389 2001 1441 sericeis
2038 1405 2264 1456 appensa
2298 1388 2349 1439 in
2386 1389 2587 1440 archivo
2622 1388 2809 1440 ordinis
2844 1387 3139 1439 'theutonici

283 1479 682 1531 vindobonensi.
701 1508 762 1517 —
792 1479 914 1529 Cum
939 1477 1081 1529 dato:
1119 1495 1276 1528 nonas
1302 1476 1500 1543 augusti
1523 1494 1574 1542 p.
1587 1495 1636 1527 n.
1649 1496 1694 1529 a.
1711 1478 1736 1528 1
1761 1478 1994 1544 Anagnis
2012 1478 2102 1540 IV,
2126 1476 2224 1529 197
2236 1494 2283 1528 v.
2314 1495 2365 1529 n.
2384 1477 2445 1539 63
2480 1478 2545 1529 R.
2562 1476 2633 1531 83
2654 1476 2787 1529 inter
2808 1470 3137 1543 Mergenthe-

283 1568 482 1619 mensis
505 1568 589 1619 36.
735 1568 782 1618 1.
821 1567 892 1618 sic
915 1566 1156 1631 originale
1180 1566 1598 1631 Regimontanum
1611 1584 1627 1625 ;
1666 1567 1941 1617 sententias
1967 1566 2163 1618 sublato
2188 1565 2545 1633 appellacionis
2569 1565 2827 1618 obstaculo
2852 1566 2942 1618 IV.
2966 1565 3053 1617 VI.
3074 1565 3137 1617 R.

286 1844 470 1915 428.
513 1846 687 1913 1227
732 1848 986 1932 anqusti
1009 1845 1056 1910 2
1101 1842 1454 1931 Anaqniae.
1541 1841 1883 1931 Greyorius
1915 1844 2021 1910 IX
2062 1845 2231 1911 iubet
2272 1846 2606 1909 desertores
2653 1846 2893 1911 ordinis
2933 1843 3140 1909 Theu-

437 2000 444 2006 ·
513 1957 708 2019 tonici
749 1976 1010 2019 censura
1055 1954 1466 2019 ecclesiastica
1512 1955 1796 2017 coerceri.
2376 1956 2393 1967 ‘

514 2094 852 2179 Gregorius
909 2094 1238 2181 episcopus
1295 2114 1512 2159 servus
1569 2113 1891 2161 servorum
1941 2092 2044 2158 dei
2088 2091 2547 2159 venerabilibus
2591 2092 2891 2159 frah-ibus
2939 2092 3142 2158 archi-

287 2202 606 2289 episcopis
655 2208 717 2269 et
761 2201 1073 2289 episcopis
1121 2205 1184 2267 et
1229 2200 1472 2267 dilectis
1515 2199 1662 2267 filiis
1711 2200 2070 2283 abbatibuS,
2124 2198 2469 2286 prioribuS,
2515 2199 2786 2283 decanis,
2834 2200 3143 2265 archidia-

288 2312 466 2378 conis
514 2314 578 2375 et
623 2309 762 2374 aliis
810 2308 1210 2375 ecclesiarum
1257 2308 1541 2394 prelatiS,
1589 2308 1668 2373 ad
1714 2328 1868 2393 quos
1913 2306 2124 2373 littere
2165 2307 2287 2373 iste
2315 2307 2733 2393 pervenerint,
2782 2306 3048 2373 salutem
3081 2309 3145 2373 et

287 2416 702 2505 apostolicam
732 2416 1244 2482 benedictionem.
1467 2413 1757 2480 Fratrum
1789 2412 2120 2501 hospitalis
2149 2417 2361 2480 sancte
2390 2412 2589 2480 Marie
2620 2412 3143 2480 Theutonicorum

286 2525 620 2613 professio,
666 2526 831 2590 sicut
871 2526 940 2589 in
986 2524 1235 2610 scriptis
1282 2542 1493 2589 eorum
1543 2526 1606 2588 et
1648 2520 1995 2608 privilegiis
2040 2520 2413 2605 continetur,
2459 2526 2556 2587 est
2598 2520 2765 2605 talis,
2809 2526 2881 2587 ut
2923 2541 3003 2587 ne
3042 2522 3145 2587 cui

287 2638 440 2721 post
464 2633 698 2699 factam
729 2632 1180 2718 professionem
1211 2629 1404 2695 semel
1428 2634 1812 2714 assumptam
1837 2648 2082 2695 crucem
2109 2624 2513 2694 dominicam¹
2540 2632 2605 2694 et
2632 2628 2913 2695 habitum
2943 2629 3144 2715 ipsius

293 2742 542 2807 abicere
599 2739 700 2807 vel
753 2739 832 2807 ad
879 2738 1071 2805 alium
1116 2738 1320 2803 locum
1367 2756 1478 2801 seu
1524 2736 1722 2801 eciam
1765 2736 2217 2802 monasterium
2261 2736 2517 2802 maioris
2563 2736 2694 2803 sive
2740 2736 3001 2802 minoris
3045 2756 3146 2802 re-

291 2848 547 2931 ligionis
594 2847 853 2914 obtentu
895 2846 1109 2911 invitis
1153 2846 1285 2911 sive
1328 2843 1696 2911 inconsultis
1740 2843 2042 2909 fratribus
2089 2847 2198 2908 aut
2240 2863 2333 2925 eo,
2380 2846 2484 2928 qui
2516 2843 2815 2927 magister
2846 2844 3146 2929 extiterit,

292 2956 484 3022 liceat
549 2955 998 3037 transmigrare
1063 2952 1344 3036 nullique
1410 2950 1826 3017 ecclesiastice
1879 2950 2223 3016 secularive
2280 2970 2549 3035 persone
2600 2950 2772 3037 ipsos
2830 2952 3147 3038 suscipere

290 3065 484 3131 liceat
527 3062 628 3129 vel
671 3066 905 3128 tenere.
973 3060 1131 3126 Cum
1179 3060 1343 3125 enim
1389 3059 1514 3145 ipsi
1561 3057 1640 3123 ad
1685 3057 2138 3123 defendendam
2185 3056 2547 3123 orientalem
2584 3057 2911 3125 ecclesiam
2942 3064 3006 3125 et
3033 3078 3148 3144 pa·

293 3190 600 3257 ganorum
661 3168 952 3234 seviciam
1009 3166 1474 3252 reprimendam
1527 3165 1760 3231 relictis
1819 3165 2067 3251 pompis
2128 3164 2510 3231 secularibus
2565 3165 2667 3230 dei
2713 3166 2841 3231 sint
2884 3166 3147 3232 servicio

294 3277 662 3364 mancipati,
709 3276 762 3340 si
809 3273 1173 3340 transeundi
1220 3272 1297 3338 ad
1345 3272 1470 3338 alia
1513 3274 1650 3339 loca
1695 3278 1759 3339 et
1802 3278 2123 3359 sumptum
2155 3271 2439 3338 habitum
2471 3270 2865 3357 relinquendi
2894 3271 3149 3339 daretur

297 3387 390 3452 eis
433 3384 716 3467 licencia,
763 3402 1060 3465 magnum
1106 3380 1362 3447 ecclesie
1407 3380 1507 3446 dei
1553 3386 1768 3466 posset
1811 3380 2035 3446 exinde
2066 3380 2425 3463 contingere
2456 3364 2929 3461 detrimentum3
2973 3379 3148 3445 ideo-

299 3514 422 3578 que
477 3490 872 3557 universitati
927 3494 1134 3555 vestre
1193 3508 1305 3574 per
1361 3484 1704 3573 apostolica
1748 3488 1986 3572 scripta
2020 3487 2429 3573 ¹precipiendo
2476 3487 2877 3571 mandamus,
2934 3491 3037 3570 ut,
3094 3486 3151 3553 si

300 3601 442 3685 quis
499 3620 576 3665 ex
632 3597 791 3684 ipsis
844 3598 914 3663 in
970 3594 1318 3682 parrochiis
1379 3596 1603 3662 vestris
1656 3594 1758 3661 vel
1810 3594 1966 3660 locis
2023 3593 2199 3661 vobis
2256 3595 2606 3661 commissis
2661 3595 2728 3660 id
2776 3597 3149 3680 attemptare

302 3706 790 3795 presumpserit,
846 3710 978 3771 tam
1022 3704 1230 3792 ipsum
1277 3724 1466 3790 quam
1515 3704 1622 3788 qui
1668 3723 1808 3768 eum
1856 3722 2012 3768 ausu
2055 3702 2390 3769 temerario
2435 3702 2706 3767 retinere
2749 3702 3153 3787 temptaverit

300 3815 475 3883 omni
520 3813 842 3880 occasione
885 3816 1128 3878 remota
1172 3809 1840 3878 excommunicacionis
1885 3808 2137 3876 vinculo
2180 3809 2513 3876 innodetis.
2584 3807 2820 3875 Datum
2864 3808 3151 3891 Anagnie

299 3923 394 3988 iiii
440 3941 637 3987 nonas
684 3920 933 4004 augusti
976 3918 1376 4005 pontificatus
1418 3918 1622 3983 nostri
1668 3936 1830 3982 anno
1877 3916 2105 4003 primo.

513 4062 567 4125 Ι,
593 4062 657 4113 81
697 4080 747 4113 ιι.
773 4062 858 4113 61.
906 4061 992 4111 Or.
1042 4077 1105 4111 ex
1150 4060 1297 4111 domo
1333 4057 1690 4125 Eoflugensm
1737 4058 1792 4109 in
1829 4057 2030 4109 archivo
2065 4057 2252 4129 ordinis
2288 4056 2583 4111 Theutonici
2617 4054 3011 4109 vindobonensi.
3076 4052 3149 4106 Cf.

301 4172 354 4205 n.
381 4152 502 4204 439.
651 4152 694 4202 1.
732 4150 976 4216 supplevi.

303 4322 485 4395 429.
525 4324 708 4390 1227
753 4325 1008 4409 anquam·
1033 4324 1078 4389 4
1107 4321 1443 4407 Anaqniae
1477 4318 1593 4405 (cf.
1623 4320 1796 4387 1231
1845 4330 1999 4405 cept.
2030 4316 2169 4398 18).
2245 4312 2587 4403 Greyom‘us
2619 4314 2725 4381 IX
2763 4318 2987 4403 repetit
3014 4314 3152 4381 Ho-

525 4434 698 4497 norii
725 4430 847 4495 ΙΙΙ
881 4454 944 4495 n.
976 4430 1108 4496 367
1153 4432 1230 4495 de
1275 4430 1452 4497 1222
1476 4428 1649 4513 febr.
1683 4426 1788 4491 20.

529 4572 869 4657 Gregorius
928 4572 1259 4659 episcopus
1316 4590 1532 4638 servus
1589 4588 1912 4637 servorum
1960 4566 2061 4633 dei
2104 4564 2565 4635 venerabilibus
2608 4564 2909 4632 fratribus
2956 4563 3156 4631 archi-

308 4681 618 4769 episcopis
665 4688 730 4749 et
773 4680 1083 4767 episcopis
1131 4684 1194 4745 et
1238 4678 1480 4744 dilectis
1517 4676 1661 4743 filiis
1693 4674 2021 4742 abbatibus
2051 4680 2167 4741 etc.
2391 4672 2720 4751 Querelam
2750 4691 3005 4757 gravem
3038 4675 3153 4738 etc.

305 4790 542 4857 Datum
589 4788 878 4873 Anagnis
922 4788 970 4853 ii
1017 4806 1162 4853 non.
1198 4784 1446 4869 augusti
1489 4782 1888 4870 pontificatus
1933 4782 2135 4849 nostri
2180 4801 2343 4847 anno
2389 4781 2612 4867 prime.

522 4932 643 4981 Cum
681 4929 824 4981 dato:
871 4927 908 4979 2
943 4945 1060 4979 non.
1094 4944 1209 4993 aug.
1246 4944 1298 4992 p.
1322 4944 1370 4977 a.
1399 4926 1426 4977 1
1465 4926 1745 4992 Anagniae.
1803 4924 1866 4975 A.
1889 4923 1957 4975 16
1992 4940 2043 4990 p.
2061 4922 2132 4975 48
2173 4922 2424 4989 „Baruli“.
2463 4952 2523 4960 —-
2574 4921 2697 4973 Cum
2732 4920 2876 4973 dato:
2923 4919 3161 4971 Laterani

313 5022 382 5073 14
413 5020 518 5073 kal.
544 5020 700 5072 octbr.
733 5036 783 5087 p.
809 5036 856 5070 a.
882 5018 932 5069 5.
969 5015 1212 5082 originale
1249 5014 1498 5081 quondam
1521 5014 1836 5081 Efflingense
1847 5014 1892 5081 7)
1931 5012 1983 5063 ἱιι
2016 5012 2217 5064 archivo
2240 5010 2428 5063 ordinis
2452 5010 2746 5065 Theutonici
2764 5008 3160 5063 vindobonensi.

601 5100 630 5135 e
