3892 5609
1269 307 1280 314 ’
1341 327 1729 377 emmae-u
1773 326 2159 376 ansanum
3016 313 3183 382 449·

327 486 630 569 magistro
690 489 754 553 et
795 485 1096 554 fratribus
1143 506 1182 554 a
1223 487 1372 554 sede
1415 485 1760 573 apostolica
1803 505 1916 572 per
1963 483 2261 571 specialia
2306 483 2581 550 eiusdem
2628 483 2795 550 sedis
2841 482 3173 570 privilegia

325 591 640 658 indultum
687 593 946 676 existat,
993 592 1159 679 quod
1205 593 1284 660 ad
1329 593 1600 661 dandum
1648 597 1758 660 aut
1800 591 2167 659 solvendum
2210 589 2500 657 collectas
2546 590 2646 657 vel
2690 589 3021 658 caritativa
3064 594 3174 657 aut

327 698 456 766 alia
511 699 792 766 subsidia
843 719 954 767 seu
1013 700 1398 785 exactiones,
1467 699 1959 786 quibuscumque
2012 697 2369 765 nominibus
2426 704 2826 783 censeantur,
2893 697 3171 765 locorum

329 806 665 873 ordinariis
709 804 810 874 vel
867 805 1187 891 quibusvis
1245 807 1384 874 aliis
1439 807 1724 894 personis
1767 806 1869 874 vel
1910 805 1993 872 ad
2038 805 2551 872 contribuendum
2597 805 2663 871 in
2706 804 2983 872 collectis
3026 804 3172 871 sub-

327 912 509 980 sidiis
555 919 664 980 aut
707 913 1136 982 exactionibus
1180 913 1536 981 huiusmodi
1579 914 1838 980 minime
1882 917 2212 979 teneantur
2254 931 2369 979 nec
2410 911 2490 978 ad
2519 911 2585 978 id
2614 911 2900 999 compelli
2929 912 3175 999 possint

325 1019 534 1104 inviti,
580 1041 818 1107 nosque
863 1021 1082 1105 eciam,
1129 1041 1271 1087 cum
1317 1021 1512 1107 aliqui
1554 1020 1833 1089 locorum
1881 1018 2180 1086 ordinarii
2225 1017 2292 1082 in
2337 1018 2623 1104 partibus
2652 1019 2983 1086 Alamanie
3026 1038 3173 1085 con-

327 1126 534 1194 stituti
602 1148 828 1195 novum
899 1133 962 1194 et
1023 1127 1310 1194 illicitum
1381 1128 1764 1212 gravaminis
1823 1131 1886 1194 et
1938 1125 2285 1194 exactionis
2340 1125 2593 1192 modum
2650 1131 2869 1193 contra
2923 1125 3171 1192 eosdem

327 1234 698 1318 magistrum
746 1240 812 1301 et
849 1235 1080 1302 fratres
1125 1235 1522 1320 exquirentes
1566 1255 1866 1322 personas
1912 1253 2027 1320 per
2070 1233 2243 1319 ipsos
2290 1232 2369 1299 ad
2413 1232 2832 1318 parrochiales
2878 1232 3173 1300 ecclesias

327 1347 394 1406 et
421 1339 718 1409 beneficia
746 1341 1188 1426 ecclesiastica,
1219 1341 1284 1408 in
1317 1340 1540 1426 quibus
1569 1343 1666 1408 ius
1697 1340 1982 1408 obtinent
2008 1343 2396 1427 patronatus,
2427 1344 2818 1426 presentatas
2844 1339 3173 1406 admittere

328 1451 396 1514 et
435 1447 504 1514 in
544 1448 794 1515 illorum
839 1454 1111 1515 rectores
1141 1449 1470 1516 instituere
1498 1447 1775 1515 indebite
1805 1451 2187 1531 recusarent,
2234 1446 2357 1513 nisi
2386 1446 2601 1514 eedem
2636 1467 2899 1534 persone
2932 1445 3166 1513 medie-

325 1559 523 1621 tatem
579 1555 678 1622 vel
722 1555 910 1624 aliam
957 1561 1194 1624 certam
1237 1560 1482 1641 partem
1526 1554 1624 1620 vel
1669 1559 1951 1639 quottam
1998 1553 2186 1640 primi
2230 1554 2380 1620 anni
2426 1555 2829 1622 ecclesiarum
2874 1559 2939 1620 et
2982 1553 3169 1621 bene-

325 1659 610 1728 ficiorum
662 1662 943 1748 ipsorum
997 1663 1181 1731 dictis
1239 1661 1605 1744 ordinariis,
1666 1660 1746 1727 ad
1798 1681 1953 1745 quos
1996 1660 2355 1726 huiusmodi
2394 1661 2713 1728 institucio
2760 1662 3171 1728 communiter

325 1766 428 1835 vel
457 1769 710 1836 divisim
740 1770 1113 1856 pertinebat,
1143 1768 1572 1856 persolverent
1599 1767 1834 1835 eisdem
1863 1768 2199 1834 ordinariis
2228 1766 2489 1836 ubilibet
2508 1769 2885 1852 constitutis,
2918 1768 3171 1836 eciamsi

327 1875 844 1963 archiepiscopali
888 1876 988 1944 vel
1043 1876 1384 1963 episcopali
1441 1881 1552 1942 aut
1605 1874 1732 1942 alia
1787 1874 2007 1959 quavis
2062 1875 2457 1961 prefulgeant
2500 1877 2833 1960 dignitate,
2892 1875 2969 1940 ad
3016 1895 3171 1960 quos

326 1981 624 2049 admissio
669 2002 1080 2068 personarum
1125 1989 1188 2050 et
1231 1983 1551 2050 institucio
1597 1985 1908 2050 rectorum
1955 1981 2308 2049 huiusmodi
2353 1983 2713 2068 pertineret,
2762 1983 3175 2050 communiter

327 2088 428 2155 vel
485 2089 738 2156 divisim
793 2110 908 2177 per
961 2096 1208 2158 nostras
1264 2090 1480 2157 literas
1536 2089 1906 2157 auctoritate
1962 2089 2305 2176 apostolica
2348 2088 2463 2155 sub
2508 2089 3173 2156 excommunicacionis

326 2215 522 2282 pena,
591 2216 778 2281 quam
834 2199 1212 2264 contrarium
1268 2198 1569 2266 facientes
1624 2215 1696 2262 eo
1753 2196 1893 2282 ipso
1949 2196 2369 2280 incurrerent,
2439 2195 2719 2264 districte
2774 2196 3172 2283 precipiendo

217 2369 230 2380 ,
327 2302 830 2370 mandaverimus
843 2355 862 2387 ,
921 2309 1224 2390 quatenus
1283 2305 1361 2372 ab
1415 2303 1654 2370 illicitis
1710 2302 2139 2370 exactionibus
2198 2309 2261 2370 et
2303 2303 2773 2387 gravaminibus
2816 2303 3172 2370 huiusmodi

325 2409 578 2495 penitus
634 2409 1016 2480 abstinentes
1075 2419 1139 2480 et
1193 2411 1472 2498 qualibet
1528 2411 1897 2478 difficultate
1954 2415 2243 2478 cessante
2296 2429 2597 2497 personas
2654 2411 2961 2498 ydoneas,
3018 2431 3172 2496 quas

326 2517 556 2601 prefati
597 2517 899 2601 magister
939 2524 1002 2585 et
1029 2519 1256 2587 fratres
1286 2519 1368 2586 ad
1399 2519 1690 2587 ecclesias
1721 2525 1786 2588 et
1817 2518 2116 2586 beneficia
2144 2517 2523 2605 supradicta,
2567 2519 2633 2586 in
2666 2518 2889 2604 quibus
2917 2517 3173 2606 pacifice

329 2628 394 2688 et
437 2623 676 2708 quiete,
735 2630 806 2691 ut
847 2625 1187 2712 prefertur,
1241 2627 1340 2693 ius
1387 2627 1741 2696 obtinerent
1782 2631 2182 2713 patronatus,
2240 2630 2389 2693 tunc
2434 2626 2727 2693 vacancia
2772 2633 2836 2692 et
2876 2627 2945 2692 in
2990 2631 3174 2692 antea

326 2733 626 2796 vacatura
667 2730 965 2800 ducerent
1007 2734 1457 2819 presentandas
1503 2739 1690 2821 prout
1734 2734 1813 2801 ad
1857 2754 1965 2800 eos
2010 2733 2423 2800 communiter
2451 2732 2549 2800 vel
2578 2732 2829 2800 divisim
2859 2733 3177 2819 pertinent

327 2833 638 2920 legittimo
681 2839 1129 2926 impedimento
1175 2847 1457 2910 cessante
1501 2862 1658 2928 pure
1693 2847 1756 2908 et
1782 2840 1979 2908 libere
2008 2845 2073 2906 et
2102 2840 2336 2926 absque
2368 2839 2577 2926 aliqua
2606 2841 2932 2907 exactione
2959 2841 3175 2908 huius-

325 2943 500 3010 modi
557 2945 886 3014 admittere
943 2953 1007 3014 et
1048 2947 1116 3014 in
1162 2948 1530 3033 eorundem,
1591 2948 1674 3014 ad
1717 2968 1837 3032 que
1881 2947 1975 3014 sic
2017 2951 2376 3033 presentato
2418 2947 2626 3014 forent
2668 2947 3068 3014 ecclesiarum
3113 2953 3177 3014 et

329 3049 770 3118 beneficiorum
823 3057 1097 3121 rectores
1152 3055 1481 3123 instituere
1537 3060 1831 3122 curarent
1885 3060 1952 3122 et
2004 3053 2476 3138 nichilominus,
2534 3053 2589 3120 si
2634 3073 2778 3121 cum
2823 3053 3035 3122 debita
3078 3054 3175 3120 in·

327 3158 570 3226 stancia
613 3160 898 3246 requisiti
941 3161 1109 3228 idem
1153 3162 1320 3229 infra
1364 3183 1642 3230 mensem
1687 3183 1728 3228 a
1771 3167 2053 3248 tempore
2096 3160 2531 3244 requisicionis
2573 3159 2930 3228 huiusmodi
2974 3161 3175 3227 racio-

325 3265 524 3332 nabili
589 3286 780 3334 causa
836 3273 1123 3336 cessante
1174 3269 1380 3337 facere
1435 3273 1798 3337 recusarent
1849 3268 1950 3335 vel
2003 3267 2355 3352 differrent,
2424 3273 2653 3334 extunc
2706 3273 3175 3334 conservatores

327 3372 562 3440 eisdem
607 3374 908 3457 magistro
954 3380 1019 3442 et
1058 3376 1358 3444 fratribus
1404 3381 1624 3443 contra
1665 3376 2003 3443 inferentes
2049 3375 2139 3442 eis
2181 3376 2248 3442 in
2296 3373 2473 3440 bonis
2518 3379 2628 3440 aut
2671 3373 2874 3464 rebus„
2890 3373 2986 3441 vel
3033 3394 3173 3461 per-

325 3479 496 3546 sonis
540 3480 822 3566 ipsorum
867 3480 1129 3550 iniurias
1174 3481 1274 3550 vel
1316 3483 1589 3550 iacturas
1635 3503 1674 3549 a
1718 3481 1864 3550 sede
1909 3481 2192 3568 deputati
2235 3480 2521 3567 predicta
2564 3479 2664 3548 vel
2693 3480 3035 3566 deputandi
3066 3485 3175 3548 aut

325 3607 486 3652 unus
544 3606 758 3654 eorum
814 3608 928 3675 per
981 3609 1050 3656 se
1094 3589 1194 3656 vel
1236 3611 1351 3676 per
1397 3589 1552 3656 alios
1596 3589 1953 3656 huiusmodi
1999 3589 2091 3656 sic
2132 3591 2525 3675 presentatus
2570 3607 2873 3672 personas
2919 3609 2994 3656 ea
3038 3589 3175 3655 vice

325 3694 694 3762 auctoritate
725 3695 1032 3762 dictarum
1064 3695 1416 3763 litterarum
1445 3694 1582 3762 loco
1611 3694 1969 3762 huiusmodi
1998 3695 2474 3779 ordinariorum,
2520 3695 2576 3760 si
2608 3694 2777 3762 aliud
2807 3694 3171 3762 canonicum

322 3820 450 3867 non
495 3800 790 3887 obstaret,
839 3803 1243 3871 admitterent
1280 3801 1378 3869 vel
1424 3802 1781 3870 admitteret
1823 3821 1896 3870 ac
1938 3801 2339 3868 instituerent
2380 3822 2493 3868 seu
2533 3802 2915 3883 institueret3
2962 3820 3037 3868 ac
3065 3800 3172 3866 de-

323 3907 638 3976 cernimus
683 3909 932 3976 irritum
977 3914 1042 3976 et
1084 3909 1301 3992 inane,
1360 3909 1414 3976 si
1471 3930 1648 3978 secus
1693 3929 1880 3996 super
1926 3908 2049 3976 hiis
2096 3929 2135 3976 a
2180 3929 2491 3995 quoquam
2536 3909 2755 3994 quavis
2802 3911 3172 3977 auctoritate

325 4014 594 4082 scienter
637 4015 738 4082 vel
779 4017 1139 4101 ignoranter
1183 4015 1572 4100 contingeret
1615 4016 1999 4102 attemptari,
2048 4020 2235 4102 prout
2277 4017 2344 4081 in
2390 4016 2624 4083 eisdem
2663 4015 2893 4084 litteris
2925 4015 3169 4103 plenius

325 4121 695 4189 continetur.
797 4122 1034 4190 Tamen
1103 4121 1476 4191 venerabilis
1549 4122 1746 4190 frater
1811 4126 2023 4189 noster
2088 4121 2488 4190 Burckardus
2556 4124 2887 4210 episcopus
2952 4122 3170 4206 Augu-

325 4229 590 4313 stensis,
649 4229 748 4296 cui
815 4235 880 4296 et
943 4229 1404 4296 successoribus
1467 4229 1598 4296 suis
1665 4229 1977 4315 episcopis
2036 4229 2535 4314 Augustensibus
2604 4233 2712 4317 qui
2780 4235 2991 4298 essent
3054 4249 3168 4316 pro

323 4341 636 4422 tempore,
694 4335 872 4403 iuxta
925 4335 1404 4403 consuetudines
1449 4337 1737 4421 antiquas
1783 4335 1980 4404 eciam
2028 4357 2067 4402 a
2110 4341 2421 4423 tempore,
2478 4337 2654 4406 cuius
2698 4336 2996 4404 contrarii
3040 4357 3169 4402 me·-

325 4443 546 4527 moria,
589 4449 662 4510 ut
697 4443 836 4530 ipse
861 4440 1262 4510 Burckardus
1293 4442 1618 4529 episcopus
1650 4443 1988 4526 asserebat,
2034 4463 2159 4509 non
2189 4443 2464 4528 extabat,
2487 4444 2831 4512 'collectam
2870 4464 2981 4511 seu
3010 4443 3169 4510 cari-

325 4551 590 4616 tativum
635 4548 976 4617 subsidium
1025 4550 1348 4617 annuatim
1393 4549 1712 4618 moderate
1754 4555 1967 4616 tamen
2014 4571 2053 4616 a
2097 4550 2585 4636 quibuscumque
2630 4551 2913 4638 personis
2972 4551 3169 4620 eccle-

325 4655 594 4722 siasticis
639 4655 1022 4723 secularibus
1068 4664 1132 4725 et
1175 4656 1560 4740 regularibus
1607 4657 1914 4743 exemptis
1962 4663 2027 4724 et
2068 4678 2195 4725 non
2234 4659 2543 4745 exemptis
2575 4658 2770 4726 eciam
2802 4659 2869 4724 in
2900 4657 3169 4742 dignita-

323 4763 522 4846 tibus,
583 4762 1020 4848 personatibus
1077 4769 1142 4831 et
1195 4763 1416 4831 officiis
1471 4763 1824 4832 constitutis
1869 4763 1938 4830 in
1982 4765 2238 4832 civitate
2284 4771 2347 4834 et
2390 4766 2623 4834 diocesi
2667 4765 3167 4849 Augustensibus

323 4867 622 4938 beneficia
666 4869 1086 4938 ecclesiastica
1131 4870 1550 4938 obtinentibus
1598 4889 1672 4938 ac
1716 4871 1912 4939 eciam
1958 4877 2255 4940 annatam
2296 4893 2408 4940 seu
2438 4872 2674 4940 medios
2704 4873 2943 4938 fructus
2975 4871 3167 4958 primi

325 4977 474 5044 anni
521 4997 558 5045 a
603 4975 948 5063 beneficiis,
1004 4997 1126 5064 que
1169 4977 1562 5046 monasteriis
1607 4997 1848 5046 necnon
1893 4977 2221 5047 abbatibus
2266 4986 2331 5048 et
2374 4979 2885 5074 conventualibus
2932 4979 3165 5046 mensis

2676 5094 2747 5148 29
