3892 5609
1351 245 1622 294 aranu.
1688 244 1905 295 ROMA.
1975 215 2276 297 imon
3099 240 3244 310 145

604 400 670 468 ÷
710 401 847 486 Ego
892 400 1152 470 Iacobus
1198 403 1277 470 de
1318 402 1700 473 Potenciano
1744 407 1927 474 testis
1971 427 2130 474 sum.

604 506 670 574 ÷
709 507 846 593 Ego
890 509 1223 578 Albericus
1266 508 1577 580 Paruzola
1622 512 1801 580 testis
1846 533 2007 580 sum.

603 615 669 683 ÷
712 614 1069 703 Stephanus
1112 617 1338 685 iudex.-

592 737 635 802 1,
672 738 741 790 42
776 757 827 791 n.
852 725 940 792 93.
1155 741 1202 792 1.
1237 739 1421 792 nauclii
1456 739 1517 794 B.
1554 784 1561 794 .
1704 741 1757 794 2.
1791 742 2200 796 ihohannoccarii
2222 743 2266 796 B
2301 742 2337 796 l.
2361 743 2600 797 Iohannis
2635 744 2850 796 notarii?
3042 745 3092 797 3.
3130 744 3245 812 plu-

374 823 565 920 blicum
598 825 659 880 Β.
872 829 925 883 4.
958 833 987 882 7
1022 827 1225 882 auclerii
1260 828 1419 882 Iohan
1454 829 1639 882 notarii
1674 829 1735 883 Β.

383 1031 563 1104 148.
606 1033 781 1102 1220
813 1038 985 1102 iunii
1009 1037 1097 1102 15
1140 1039 1319 1124 apud
1362 1035 1585 1104 Urbem
1618 1035 1907 1105 Veterem.
1979 1037 2306 1104 Honorius
2341 1060 2529 1125 papa
2559 1037 2684 1104 III
2719 1039 3027 1126 hospitale
3072 1019 3248 1107 eoetra

596 1151 855 1228 portam
898 1141 1142 1230 Foyiae
1183 1144 1297 1210 sub
1342 1167 1462 1210 sua
1496 1147 1884 1231 protectione
1928 1146 2210 1230 suscipit.

600 1271 918 1341 Honorius
950 1280 1067 1342 cet.
1102 1275 1350 1343 dilectis
1393 1276 1541 1342 filiis
1587 1276 1891 1360 magistro
1938 1283 2004 1344 et
2045 1276 2349 1343 fratribus
2394 1276 2727 1364 hospitalis
2771 1283 2952 1346 extra
2997 1284 3248 1366 portam

374 1377 577 1464 Fogie
618 1380 687 1445 in
730 1379 1027 1448 suburbio
1074 1382 1153 1449 de
1182 1381 1467 1450 Vassano
1512 1382 1779 1450 salutem
1826 1388 1892 1450 et
1935 1382 2346 1470 apostolicam
2391 1383 2908 1451 benedictionem.
3091 1385 3249 1452 Cum

377 1505 421 1552 a
449 1486 633 1554 nobis
676 1487 933 1575 petitur,
981 1489 1145 1574 quod
1188 1488 1425 1557 iustum
1474 1495 1571 1557 est
1615 1495 1681 1557 et
1722 1491 2077 1573 honestum,
2125 1494 2258 1556 tam
2291 1491 2470 1575 vigor
2517 1491 2813 1575 equitatis
2861 1511 3049 1576 quam
3097 1492 3250 1558 ordo

378 1593 583 1677 exigit
623 1594 921 1680 rationis,
978 1600 1050 1662 ut
1091 1596 1160 1662 id
1203 1617 1319 1683 per
1362 1594 1849 1664 sollicitudinem
1896 1595 2086 1663 officii
2140 1597 2342 1662 nostri
2398 1597 2481 1663 ad
2533 1597 2815 1664 debitum
2872 1598 3251 1684 perducatur

377 1699 692 1768 effectum.
765 1702 1152 1790 Eapropter,
1212 1703 1424 1771 dilecti
1466 1704 1537 1770 in
1582 1703 1835 1770 domino
1880 1701 2027 1787 filii,
2088 1705 2313 1771 vestris
2367 1705 2550 1770 iustis
2606 1704 2898 1790 precibus
2945 1703 3251 1788 inclinati,

374 1827 685 1894 personas
730 1814 795 1876 et
835 1809 1147 1895 hospitale
1192 1815 1473 1877 vestrum
1518 1830 1662 1877 cum
1707 1809 1998 1878 omnibus
2045 1811 2256 1895 bonis,
2314 1831 2436 1895 que
2479 1811 3011 1896 inpresentiarum
3057 1813 3253 1879 ratio-

374 1915 678 1982 nabiliter
744 1917 1079 2002 possidetis
1137 1924 1247 1984 aut
1298 1918 1368 1984 in
1422 1919 1703 1984 futurum
1771 1922 2096 2004 prestante
2150 1916 2404 1983 domino
2458 1916 2644 1984 iustis
2699 1917 2906 1984 modis
2963 1919 3253 2005 poteritis

378 2021 682 2108 adipisci,
736 2023 852 2090 sub
898 2023 1065 2092 beati
1108 2023 1283 2092 Petri
1316 2024 1393 2092 ‘et
1436 2030 1655 2092 nostra
1698 2025 2088 2110 protectione
2133 2024 2510 2110 suscipimus
2558 2029 2624 2090 et
2675 2025 2988 2111 presentis
3036 2027 3254 2111 scripti

374 2129 731 2224 patrocinio
799 2131 1278 2198 communimus.
1358 2132 1532 2199 Nulli
1588 2152 1735 2216 ergo
1804 2133 2058 2198 omnino
2113 2131 2438 2196 hominum
2494 2131 2684 2198 liceat
2736 2131 2900 2197 han‘c
2917 2119 2934 2136 ’
2956 2132 3252 2218 paginam

376 2238 596 2301 nostre
639 2237 1047 2321 protectionis
1092 2237 1435 2322 infringere
1464 2239 1565 2306 vel
1609 2243 1727 2306 cet.
1801 2238 1869 2305 Si
1916 2239 2056 2325 quis
2104 2243 2316 2305 autem
2359 2243 2478 2305 cet.
2549 2237 2788 2304 Datum
2821 2238 2988 2325 apud
3018 2237 3252 2305 Urbem

376 2347 661 2408 veterem
706 2343 838 2410 xvii
868 2343 984 2412 cal.
1019 2344 1155 2411 iulii
1201 2344 1603 2432 pontificatus
1648 2346 1853 2412 nostri
1898 2366 2063 2412 anno
2109 2353 2354 2430 quarto.

598 2467 720 2518 Cum
746 2465 864 2518 dato
888 2467 952 2518 A.
976 2468 1041 2518 16
1075 2484 1127 2533 p.
1147 2467 1216 2518 38
1257 2467 1510 2533 „Baruli“.
1564 2470 1623 2520 In
1647 2469 1899 2534 margine:
1936 2468 2192 2521 Honorius
2215 2467 2332 2519 111⁹.
2390 2469 2512 2519 Cum
2544 2467 2870 2533 inscriptione
2901 2469 3168 2534 „magistro
3202 2477 3254 2520 et

376 2555 444 2606 fr.
470 2555 521 2606 h.
548 2554 601 2606 S.
626 2553 698 2605 M.
724 2554 817 2606 Th.
840 2555 971 2606 Ihr.“
1014 2565 1067 2606 et
1092 2555 1211 2607 dato
1236 2557 1475 2608 Laterani
1502 2555 1566 2608 17
1592 2557 1685 2608 cal.
1711 2557 1911 2624 augusti
1946 2575 1998 2624 p.
2017 2574 2068 2608 n.
2095 2575 2141 2608 a.
2167 2556 2200 2608 5
2239 2555 2402 2622 (1220
2424 2555 2510 2608 iul.
2533 2555 2618 2622 16)
2657 2557 2720 2607 A.
2745 2556 2811 2607 16
2846 2573 2897 2622 p.
2917 2556 2981 2606 41
3019 2556 3246 2621 „Baruli'·‘

377 2643 692 2695 confirmat-io
728 2644 1011 2697 donationis
1047 2645 1197 2696 castri
1234 2644 1435 2696 Mezani
1448 2684 1462 2707 ,
1511 2645 1598 2696 ubi
1634 2647 1906 2698 communis
1942 2645 2103 2697 forma
2137 2644 2382 2710 repetitur
2430 2653 2482 2695 et
2527 2643 2638 2697 loco
2674 2646 2938 2696 verborum
2981 2661 3252 2711 „personas

378 2741 435 2784 et
468 2732 721 2798 hospitale
744 2735 991 2784 vestrum“
1022 2733 1204 2786 dicitur
1238 2751 1509 2800 „personas
1534 2742 1727 2786 vestras
1763 2743 1817 2786 et
1850 2733 2032 2797 locum,
2067 2733 2118 2784 in
2157 2750 2255 2798 quo
2293 2732 2460 2784 divino
2497 2733 2620 2784 estis
2657 2732 2896 2799 obsequio
2931 2735 3252 2800 mancipati‘·‘.

380 2820 777 2873 communicavit
809 2821 1068 2874 nobiscum
1103 2840 1150 2874 v.
1174 2821 1236 2874 cl.
1260 2821 1612 2889 Meckelburg.

389 3032 563 3103 149.
607 3035 777 3103 1221
827 3038 1029 3124 aprili
1078 3038 1356 3104 Tarenti.
1438 3037 1805 3104 Foede-ioue
1843 3037 1927 3103 II
1961 3041 2306 3124 imperator
2351 3037 2606 3101 domum
2649 3037 2708 3100 Ιι.
2741 3059 2793 3101 ε.
2825 3038 2918 3101 Μ.
2961 3035 3079 3101 Th.
3111 3040 3154 3102 i.
3196 3036 3248 3102 I.
3295 3087 3302 3096 .

608 3165 746 3208 cum
778 3145 1063 3210 omnihus
1094 3145 1273 3210 bonis
1302 3145 1414 3212 sub
1452 3149 1837 3231 protectione
1864 3167 1983 3210 sua
2011 3146 2236 3230 recipit
2257 3156 2326 3212 ‚et
2355 3143 2521 3208 bona
2551 3145 2682 3208 eiua
2714 3147 2928 3208 omnia
2957 3145 3027 3208 in
3057 3165 3250 3230 reyno

611 3249 874 3318 Siciliae
918 3253 1259 3334 confirmat.

606 3390 975 3459 Fredericus
999 3392 1217 3458 divina
1235 3391 1486 3459 favente
1508 3391 1848 3459 clemencia
1860 3389 2287 3457 Romanorum
2311 3391 2654 3477 imperator
2678 3408 2927 3475 semper
2950 3393 3251 3473 augustus

382 3503 449 3565 et
492 3517 607 3565 rex
637 3497 870 3565 Sicilie.
937 3498 1079 3564 Etsi
1123 3498 1359 3565 caduca
1404 3502 1551 3564 sunt
1594 3499 1809 3564 omnia
1853 3501 1917 3564 et
1961 3497 2264 3583 temporis
2305 3497 2717 3564 diuturnitate
2745 3496 3060 3581 labantur,
3105 3502 3255 3563 sunt

378 3609 598 3670 tamen
644 3625 723 3670 ex
767 3604 1057 3671 omnibus
1104 3603 1317 3689 aliqua
1358 3610 1665 3691 perpetue
1709 3602 2042 3671 stabilitati
2085 3623 2370 3670 connexa
2384 3653 2404 3687 ,
2460 3603 2573 3670 illa
2615 3602 2940 3686 videlicet,
2989 3623 3110 3687 que
3156 3602 3250 3668 di-

378 3711 549 3780 vinis
595 3712 810 3781 addita
852 3710 1125 3778 cultibus
1167 3711 1533 3779 hereditatis
1578 3711 1680 3779 dei
1724 3709 2074 3777 funiculum
2121 3710 2442 3797 applicant
2453 3707 2490 3796 ¹,
2537 3715 2688 3776 tunc
2731 3710 3059 3795 precipue,
3107 3729 3252 3775 cum

380 3818 522 3886 loca
565 3817 977 3902 venerabilia,
1023 3818 1091 3884 in
1138 3818 1363 3902 quibus
1408 3814 1697 3904 placens²
1742 3817 1996 3883 domino
2043 3817 2280 3884 milicia
2323 3817 2585 3902 militat,
2629 3816 3001 3882 muniuntur
3045 3815 3251 3881 muni-

378 3925 555 3992 mine
598 3924 1003 4011 Mperatorie
1046 3925 1397 3992 maiestatis
1450 3930 1513 3992 et
1558 3919 1683 3992 eis’
1730 3925 2149 4008 monimenta,
2207 3944 2328 4009 que
2384 3927 2772 4010 temporum,
2785 3927 3066 3989 vetustas
3122 3941 3252 3987 non

382 4029 597 4116 diluit,
652 4032 1151 4099 consideratione
1196 4031 1463 4119 provida
1504 4031 1877 4114 largiuntur.
1960 4030 2318 4117 Eapropter
2363 4035 2582 4097 notum
2627 4028 2894 4096 facimus
2939 4027 3251 4095 universis

380 4139 617 4205 nostris
662 4137 950 4207 fidelibus
994 4138 1391 4224 presentibus
1437 4143 1501 4204 et
1544 4138 1772 4205 futuris
1786 4187 1805 4221 ,
1865 4137 2032 4222 quod
2075 4157 2191 4202 nos
2245 4136 2656 4204 meditatione
2715 4135 3004 4222 piissima
3049 4141 3251 4202 atten-

382 4244 636 4330 dentes,
696 4245 964 4328 qualiter
1008 4265 1189 4312 sacra
1232 4245 1455 4311 domus
1509 4243 1839 4330 hospitalis
1888 4247 2104 4309 sancte
2149 4242 2350 4310 Maris
2395 4243 2923 4310 Theutonicorum
2968 4243 3035 4307 in
3079 4242 3252 4308 Ieru-

382 4349 584 4417 salem
615 4370 655 4416 a
682 4350 827 4416 divo
874 4351 1191 4436 quondam
1237 4357 1500 4436 augusto
1547 4349 1800 4416 domino
1833 4348 2190 4434 Frederico,
2237 4370 2352 4416 avo
2399 4355 2614 4416 nostro
2629 4345 2672 4433 ⁴,
2717 4349 2974 4435 pietatis
3017 4349 3253 4415 intuitu

379 4461 737 4545 propagata
779 4457 846 4523 in
906 4457 1285 4544 multiplices
1340 4459 1579 4524 fructus
1624 4455 1863 4543 prodiit
1904 4455 2094 4522 laude
2150 4456 2374 4540 dignos
2419 4461 2485 4522 et
2528 4475 2567 4521 a
2623 4455 2876 4520 domino
2936 4454 3250 4540 quondam

380 4564 767 4651 imperatore
810 4563 1112 4648 Henrico,
1168 4564 1499 4632 recolende
1553 4562 1855 4630 memorie
1909 4567 2093 4649 patre
2149 4568 2364 4629 nostro
2379 4558 2421 4646 ⁴,
2481 4562 2668 4629 rebus
2728 4582 2802 4628 ac
2853 4559 3252 4627 libertatibus

379 4671 743 4756 premunita
788 4676 853 4736 et
894 4671 1351 4738 incrementum
1398 4671 1677 4757 suscepit
1722 4669 2138 4755 spiritualiter
2183 4675 2248 4738 et
2276 4669 2707 4757 temporaliter
2752 4667 3002 4734 domino
3049 4666 3252 4732 famu—

379 4776 571 4844 lando
604 4783 669 4845 et
708 4777 977 4844 fratrum
1006 4777 1239 4844 ibidem
1268 4777 1686 4844 militancium
1716 4776 1903 4844 Ihesu
1934 4775 2184 4843 Christo
2217 4797 2368 4860 erga
2397 4781 2681 4844 nostram
2717 4771 3253 4858 magnificenciam

381 4901 529 4952 cum
569 4883 696 4951 fide
740 4884 997 4952 devocio
1052 4905 1302 4971 semper
1356 4885 1583 4968 crevit3
1642 4885 2112 4952 considerantes
2165 4883 2364 4950 eciam
2421 4883 2729 4950 celebrem
2776 4881 2970 4948 vitam
3027 4886 3092 4947 et
3141 4878 3253 4943 ho-

2760 4995 2829 5050 10
