3892 5609
1342 373 1733 423 Prummu
1779 374 2169 423 sanamur
2526 394 2552 404 -
2696 451 2702 459 ι
3040 364 3083 436 3
3096 364 3190 436 35

315 531 408 599 sit
445 532 630 599 irrita
672 532 924 619 penitus
971 536 1036 599 et
1079 532 1304 599 inanis.
1361 520 1537 599 Nulji
1577 553 1727 618 ergo
1759 534 2089 600 hominum
2117 532 2309 600 liceat
2336 532 2503 599 hanc
2532 538 2746 599 nostre
2776 534 3195 601 concessionis

315 637 661 723 infringere
715 638 816 705 vel
873 640 931 705 ei
997 660 1157 706 ausu
1212 640 1552 707 temerario
1611 642 1944 707 contraire.
2042 640 2111 707 Si
2170 641 2311 725 quis
2370 644 2579 706 autem
2644 640 2761 707 hoc
2814 646 3195 726 attemptare

314 747 794 831 presumpserit,
840 746 1344 830 indignacionem
1391 747 1840 833 omnipotentis
1887 746 1990 813 dei
2036 752 2100 813 et
2144 747 2469 815 beatorum
2506 746 2687 813 Petri
2729 753 2794 814 et
2827 746 3007 814 Pauli
3042 768 3195 834 apo·

316 852 625 921 stolorum
673 854 806 921 eius
851 874 920 919 se
963 854 1213 921 noverit
1257 854 1673 921 incursurum.
1743 852 1981 921 Datum
2030 859 2148 921 etc.

532 992 654 1045 Sine
692 994 833 1045 dato:
870 992 937 1055 11,
960 994 1056 1057 905
1094 995 1159 1045 Α.
1178 994 1248 1044 20
1282 1012 1333 1045 n.
1359 994 1393 1044 2
1428 994 1609 1046 Latine
1645 1003 1698 1045 et
1725 994 2025 1045 Germanice
2060 1010 2172 1045 cum
2208 1003 2353 1045 nota:
2396 996 2519 1058 „Est
2552 995 2605 1045 in
2629 994 2921 1062 Martpurg;
2959 996 3195 1047 Urbanus

317 1080 438 1133 huic
471 1082 632 1134 simile
666 1082 718 1133 in
742 1083 946 1133 Treveri
983 1091 1036 1133 et
1059 1082 1351 1134 Alexander
1386 1083 1440 1133 in
1463 1082 1806 1135 Frankinford
1841 1092 1895 1133 et
1930 1084 2151 1133 cetera“.
2205 1081 2270 1133 D.
2296 1082 2613 1134 Germanice.
2760 1084 2806 1135 1.
2844 1084 2895 1134 in
2931 1084 2995 1134 A.
3014 1084 3099 1134 20.

319 1374 502 1445 406.
545 1375 752 1457 (Inter
795 1378 973 1443 1216
1017 1377 1166 1442 iulii
1205 1378 1293 1443 24
1339 1389 1398 1443 et
1438 1376 1628 1442 1227
1672 1378 1893 1440 maa-tii
1935 1374 2079 1456 18.)
2147 1376 2472 1442 Honorius
2511 1377 2636 1441 III
2670 1390 2835 1443 vetat
2870 1378 3195 1464 praelatos

543 1507 584 1548 a
629 1484 973 1570 capellania
1019 1484 1414 1548 ecclesiarum
1462 1484 1678 1547 ordini
1727 1481 2105 1547 Theutonico
2146 1484 2338 1569 pleno
2384 1486 2525 1549 iure
2569 1506 2999 1549 concessarum
3026 1486 3193 1568 fide-

545 1590 777 1656 litatem
823 1604 934 1657 aut
980 1590 1392 1656 obedientiam
1437 1593 1680 1675 emiqere
1689 1612 1712 1665 ,⁸
1761 1589 1930 1654 iubet
1973 1588 2247 1655 aliorum
2293 1590 2639 1655 obedientia
2686 1614 2815 1655 esse
2858 1605 3191 1657 contentos.

543 1729 861 1798 Honorius
908 1732 1242 1818 episcopus
1301 1752 1518 1798 servus
1581 1751 1907 1797 servorum
1956 1730 2055 1797 dei
2114 1730 2573 1797 venerabilibus
2630 1732 2931 1799 fratribus
2994 1732 3197 1798 archi-

320 1836 636 1922 episcopis
680 1842 745 1903 et
789 1838 1102 1924 episcopis
1148 1844 1213 1905 et
1254 1838 1498 1904 dilectis
1544 1837 1691 1903 filiis
1738 1835 2102 1920 abbatibus,
2156 1837 2503 1923 prioribuS,
2552 1838 3039 1923 archidiaconis,
3088 1839 3195 1906 de-

319 1941 497 2009 canis
545 1949 608 2009 et
653 1943 793 2010 aliis
840 1943 1242 2011 ecclesiarum
1289 1945 1570 2031 prelatis,
1618 1944 1698 2009 ad
1745 1964 1901 2029 quos
1941 1942 2152 2010 littere
2182 1944 2303 2010 iste
2350 1944 2769 2030 pervenerint,
2816 1945 3085 2012 salutem
3131 1950 3195 2011 et

319 2048 732 2135 apostolicam
761 2050 1279 2118 benedictionem.
1505 2050 1737 2117 Dilecti
1764 2046 1908 2116 filii¹
1940 2100 1956 2115 .
1986 2101 2000 2115 .
2045 2051 2347 2133 magister
2378 2056 2443 2115 et
2469 2050 2697 2117 fratres
2730 2050 2950 2117 domus
2981 2052 3195 2138 hospi-

318 2156 470 2223 talis
525 2164 740 2225 sancte
795 2155 993 2223 Marie
1049 2157 1570 2224 Theotonicorum
1631 2156 2111 2223 lerosolimitani
2169 2162 2316 2243 post
2370 2157 2700 2223 concilium
2760 2158 3197 2245 multipliciter

317 2262 589 2347 fatigati,
635 2270 710 2330 ut
751 2270 1062 2347 asserunt,
1109 2284 1331 2348 graves
1375 2264 1798 2348 querimonias
1843 2269 2152 2346 coguntur
2179 2265 2248 2330 in
2278 2269 2492 2330 nostro
2527 2264 2835 2329 auditorio
2865 2265 3190 2351 replicare.

318 2370 382 2435 A
413 2370 752 2457 capellanis
800 2370 1052 2456 quidem
1097 2366 1366 2437 illorum‘
1395 2369 1760 2437 fidelitatem
1810 2375 1873 2436 et
1919 2370 2347 2437 obedienciam
2380 2377 2593 2456 preter
2622 2372 2876 2436 solitum
2909 2372 3192 2455 queritis,

322 2482 417 2559 et,
466 2478 614 2561 quia
657 2483 864 2545 vestre
908 2477 1133 2544 nolunt
1177 2478 1538 2544 satisfacere
1584 2477 1928 2561 voluntati,
1978 2496 2083 2543 eos
2128 2496 2245 2563 pro
2292 2482 2499 2543 vestre
2544 2477 2885 2543 voluntatis
2933 2477 3193 2544 arbitrio

318 2583 673 2650 molestatis
727 2605 853 2651 non
914 2584 1339 2668 attendenteS,
1397 2589 1701 2669 quantum
1760 2585 1845 2649 sit
1900 2584 2028 2649 iam
2088 2582 2271 2649 dictis
2327 2582 2629 2649 fratribus
2684 2584 3192 2652 consideracione

321 2690 638 2775 obsequii,
699 2691 866 2775 quod
912 2690 1358 2757 christianitati
1412 2692 1477 2756 in
1521 2692 1810 2777 partibus
1857 2690 2297 2757 transmarinis
2345 2689 2671 2773 exhibent,
2731 2690 3138 2757 deferendum
3150 2687 3191 2757 ².

321 2795 485 2874 Quia
527 2798 719 2881 igitur
747 2818 1087 2881 gravamen
1135 2817 1349 2863 corum
1381 2799 1691 2864 sustinere
1723 2798 1788 2863 in
1822 2797 2146 2883 paciencia
2174 2816 2301 2862 non
2331 2798 2650 2879 debemuS,
2701 2798 2947 2881 quibus,
2996 2819 3194 2883 quan·

319 2908 457 2969 tum
514 2924 656 2969 cum
703 2904 819 2971 deo
877 2926 1243 2992 possumne,
1299 2904 1631 2991 prescripti
1691 2904 1976 2989 obsequii
2022 2910 2085 2970 et
2130 2924 2239 2969 sue
2286 2904 2643 2969 devocionis
2688 2904 2921 2970 intuitu
2966 2906 3034 2972 in
3078 2926 3194 2971 sua

319 3014 610 3078 tenemur
639 3011 893 3077 iusticia
936 3012 1289 3097 providere,
1336 3011 1734 3077 universitati
1765 3016 1973 3077 vestre
2019 3030 2131 3095 per
2162 3010 2507 3095 apostolica
2552 3010 2791 3096 scripta
2821 3011 3193 3077 mandamus

322 3123 514 3203 atque
560 3118 974 3205 precipimuS,
1023 3119 1317 3202 quatinus
1365 3139 1404 3183 a
1448 3117 1790 3205 capellanis
1838 3117 2264 3199 ecclesiarum,
2314 3136 2435 3201 que
2465 3117 2648 3204 pleno
2682 3118 2820 3183 iure
2849 3118 2977 3183 iam
3010 3118 3194 3184 dictis

315 3224 621 3291 fratribus
668 3230 816 3291 sunt
861 3245 1173 3308 concesse,
1221 3245 1336 3291 nec
1380 3224 1748 3291 fidelitatem
1795 3244 1912 3289 nec
1958 3222 2385 3289 obedienciam
2434 3222 2721 3306 exigatis,
2770 3225 2919 3308 qnia
2946 3229 3190 3290 tantum

317 3328 604 3397 Romano
649 3330 932 3419 pontifici
977 3338 1125 3398 sunt
1169 3333 1468 3415 subiecti,
1525 3331 1602 3398 ab
1649 3332 1788 3396 aliis
1835 3350 1989 3397 vero
2031 3330 2457 3395 iuramentum
2501 3329 2821 3396 fidelitatis
2870 3351 2997 3396 non
3043 3352 3193 3415 que-
3280 3345 3287 3353 ’

316 3437 498 3520 ratic,
544 3438 654 3504 sed
699 3438 1060 3505 obediencie
1105 3438 1246 3505 sitis
1283 3438 1702 3523 promissione
1731 3437 2039 3519 contenti,
2086 3436 2337 3519 scituri,
2386 3435 2583 3520 quod,
2632 3436 2687 3503 si
2718 3458 2825 3503 eos
2854 3444 3001 3523 post
3028 3438 3195 3503 inhi-

318 3542 626 3611 bicionem
674 3548 957 3611 nostram
1001 3544 1279 3612 indebite
1308 3544 1742 3629 gravaveritis,
1787 3564 1916 3609 non
1947 3544 2085 3610 sine
2114 3542 2342 3609 rubore
2373 3539 2618 3609 vestro*
2646 3544 2803 3630 ipsis
2834 3544 3193 3613 curabimus

320 3656 577 3717 auctore
607 3651 860 3718 domino
891 3652 1244 3738 providere.
1291 3649 1698 3735 Privilegium
1731 3646 1935 3718 enim⁴
1964 3655 2243 3717 meretur
2274 3650 2649 3734 ammittere,
2682 3652 2790 3735 qui
2824 3650 3193 3718 commissa⁵

318 3758 444 3825 sibi
491 3756 770 3825 abutitur
815 3764 1146 3846 potestate.
1215 3758 1451 3824 Datum
1499 3764 1615 3825 etc.
2868 3744 2878 3753 ’

531 3898 654 3951 Sine
691 3898 836 3951 dato:
871 3898 914 3961 1,
939 3899 1095 3961 cem
1130 3899 1199 3961 11,
1225 3897 1293 3951 97
1330 3915 1380 3948 n.
1407 3898 1506 3959 25;
1542 3899 1608 3949 A.
1629 3899 1699 3952 20
1733 3916 1784 3949 n.
1805 3898 1873 3949 25
1910 3898 2091 3949 Latine
2130 3906 2182 3949 et
2217 3898 2517 3950 Germanice
2554 3916 2665 3950 cum
2700 3908 2847 3951 nota:
2884 3899 3193 3952 Allexander

317 3987 546 4040 eiusdem
581 3987 769 4039 tenoris
805 3986 857 4037 in
892 3986 1082 4050 Methi;
1119 3988 1182 4038 D.
1204 3988 1274 4037 24
1311 3988 1628 4038 Germanice.
1822 3987 1865 4037 1.
1903 3986 2113 4037 Dilectis
2150 3986 2265 4037 filiis
2303 3988 2366 4038 A.
2387 3988 2471 4038 20.
2651 3988 2701 4037 2.
2740 3988 3115 4040 defendendum
3150 3988 3191 4040 Ι.

317 4076 370 4127 3.
406 4076 590 4127 rubore
613 4084 780 4127 vestro
805 4076 1028 4143 ipsorum
1052 4076 1350 4127 curabimus.
1405 4076 1472 4127 ib.
1498 4076 1665 4141 Trspt.
1691 4075 1756 4126 de
1787 4072 1938 4127 1277.
1992 4076 2071 4128 19.
2096 4077 2253 4128 octbr.
2280 4076 2591 4143 repetitionis
2627 4076 2799 4128 Innoc.
2823 4076 2913 4128 IV.
2952 4077 3001 4128 d.
3029 4078 3193 4143 Lugd.

322 4162 478 4217 1246.
509 4164 630 4215 maii
653 4162 686 4215 6
722 4163 893 4215 habet.
1033 4162 1086 4214 4.
1122 4163 1324 4230 quidem
1358 4164 1426 4215 ib.
1457 4174 1468 4184 ·
1571 4163 1623 4214 5.
1659 4163 1904 4229 permissa
1940 4164 2009 4217 ib.

317 4438 500 4509 407.
544 4438 750 4521 (Inter
795 4441 971 4507 1216
1014 4442 1163 4505 iulii
1189 4442 1278 4507 24
1325 4454 1382 4507 et
1427 4442 1605 4506 1227
1650 4444 1870 4507 martii
1909 4441 2051 4523 18.)
2120 4442 2449 4508 Honorius
2479 4442 2604 4507 ΙΙΙ
2639 4444 2911 4508 decimas
2958 4444 3034 4509 ab
3084 4466 3189 4509 or-

542 4548 690 4613 dine
743 4546 1121 4615 Theutonico
1169 4550 1340 4634 exiqt'
1376 4560 1559 4613 vetat.
1610 4545 2058 4627 (Simillimum
2104 4549 2185 4633 qf.
2217 4550 2388 4615 1221
2437 4552 2691 4614 ianuar.
2716 4551 2805 4615 15
2848 4574 2910 4615 n.
2938 4549 3128 4632 319.)

540 4687 858 4754 Honorius
903 4693 1019 4755 etc.
1069 4688 1558 4775 archiepiscopis
1605 4692 1668 4754 et
1713 4689 2025 4775 episcopis
2074 4694 2189 4755 etc.
2444 4690 2546 4755 Ex
2591 4696 2777 4777 parte
2820 4690 3190 4757 dilectorum

313 4792 590 4861 filiorum
633 4794 902 4860 fratrum
949 4793 1280 4882 hospitalis
1319 4802 1534 4862 sancte
1563 4794 1764 4861 Marie
1793 4794 2321 4863 Theutonicorum
2353 4796 2837 4863 lerosolimitani
2881 4797 3063 4864 nobis
3094 4803 3192 4864 est

317 4900 532 4968 oblata
561 4901 846 4986 querela,
893 4902 1061 4987 quod
1092 4902 1346 4986 quidam
1375 4908 1652 4969 vestrum
1685 4923 1801 4989 pro
1835 4923 1945 4969 suc
1977 4902 2319 4969 voluntatis
2354 4902 2617 4969 arbitrio
2648 4904 2974 4970 occasione
3001 4901 3191 4970 Late-

315 5008 606 5075 ranensis
651 5009 900 5076 concilii
945 5009 1218 5077 decimas
1267 5015 1332 5076 et
1370 5009 1690 5096 primicias
1734 5010 2056 5094 laborum,
2104 5030 2259 5094 quos
2302 5010 2429 5095 ipsi
2474 5012 2745 5097 propriis
2792 5010 3081 5078 manibus
3126 5015 3192 5078 et
