3892 5609
729 430 881 501 260
1448 438 1954 489 IMPERATORUM
1996 439 2087 487 m*
2129 436 2371 487 uncum
2412 433 2859 485 Roumoanu

719 604 834 705 tag
879 599 1170 686 baptiste,
1217 620 1478 667 unserer
1520 599 1692 667 riche
1737 597 1846 666 des
1876 598 2305 683 Ungerischen
2334 603 2452 665 etc.
2482 598 2552 665 in
2597 596 2741 665 dem
2776 592 3591 677 newnundczwenczigsten

725 707 854 774 und
898 707 1008 773 des
1053 704 1426 774 Romischen
1470 708 1538 773 in
1582 707 1724 774 dem
1767 704 2033 775 funfften
2072 706 2275 791 jaren.

935 847 1025 910 IV,
1061 848 1183 900 315.
1237 848 1332 899 Ed.
1359 848 1618 901 schannat
1653 848 1947 914 Sammlung
1983 844 2111 899 alter
2144 846 2467 899 historischer
2494 844 2760 897 Schrifften
2796 844 2901 895 und
2936 843 3301 895 Documenwn.
3354 840 3587 893 Franck-

723 936 827 988 fnrt
861 954 942 987 am
977 936 1134 1004 Mayn
1175 936 1326 989 172⁷.
1375 937 1424 989 4.
1471 937 1513 1001 1,
1545 936 1642 989 127
1679 954 1731 989 n.
1755 936 2022 989 XXXVII.
2241 937 2287 988 1.
2324 935 2551 987 munchen
2586 934 2647 987 Β.

729 1204 904 1276 293.
947 1208 1124 1274 1415
1176 1210 1309 1273 iun.
1343 1209 1430 1273 19
1475 1205 1858 1273 Comana-ie.
1943 1205 2423 1293 Siqismundus,
2483 1204 2915 1270 Romanorum
2970 1217 3027 1268 et
3085 1200 3404 1291 Unqariae
3444 1225 3585 1284 rex,

946 1316 1322 1401 praecedens
1370 1315 1651 1402 diploma
1697 1314 1926 1380 Latine
1968 1316 2299 1379 redditum.

946 1455 1077 1521 Nos
1119 1454 1577 1540 sigismundus,
1624 1456 1726 1523 dei
1769 1456 1984 1540 gracia
2010 1454 2436 1521 Romanorum
2478 1474 2591 1520 rex
2636 1473 2889 1541 semper
2932 1456 3233 1537 augustus
3281 1454 3349 1518 et
3371 1450 3589 1535 Unga-

725 1563 850 1647 rie,
896 1561 1081 1633 Dalm
1089 1563 1220 1629 acie
1234 1612 1253 1647 ,
1298 1561 1555 1630 Croacie
1601 1569 1716 1631 etc.
1763 1584 1909 1648 rex,
1954 1562 2457 1646 recognoscimus
2502 1566 2567 1627 et
2608 1566 2829 1627 notum
2872 1560 3137 1627 facimus
3182 1559 3427 1627 litteras
3472 1578 3591 1645 per

726 1676 1050 1756 presentes
1095 1670 1334 1737 cunctis
1379 1670 1518 1737 illas
1568 1671 1798 1737 visuris
1843 1675 1907 1737 et
1952 1669 2290 1753 audituris,
2348 1668 2516 1755 quod
2572 1669 2947 1735 constitutus
2990 1687 3205 1735 coram
3250 1667 3433 1733 nobis
3482 1686 3591 1731 ve-

724 1776 1024 1843 nerabilis
1069 1776 1392 1843 Conradus
1436 1776 1516 1843 de
1557 1775 1979 1865 Egloffsteyn,
2034 1777 2335 1861 magister
2378 1776 2699 1860 religionis
2744 1774 3263 1843 Theotonicornm
3318 1774 3389 1839 in
3432 1773 3589 1840 Ala-

725 1885 936 1950 manie
981 1889 1046 1950 et
1090 1883 1269 1951 Italie
1313 1883 1630 1970 partibus,
1676 1890 1889 1951 noster
1933 1884 2329 1952 consiliarius
2376 1882 2637 1951 dilectus
2684 1887 2750 1951 et
2792 1882 3084 1968 devotus,
3131 1881 3311 1951 nobis
3356 1900 3589 1968 propo-

728 1992 884 2074 suit,
947 1991 1110 2075 quod
1157 1992 1413 2077 quidam
1460 1992 1730 2077 domini,
1787 1992 2073 2059 civitates
2126 1998 2191 2059 et
2232 1990 2711 2059 communitates
2766 1992 2833 2057 in
2878 2010 3056 2058 sacro
3100 1988 3370 2077 imperio
3414 2008 3585 2055 com-

726 2104 1045 2165 morantes
1091 2104 1156 2164 et
1197 2099 1521 2165 constituti
1567 2118 1714 2165 suos
1760 2104 1826 2166 et
1854 2100 2019 2167 dicte
2065 2099 2385 2183 religionis
2428 2098 2878 2185 proprietarios
2925 2097 3002 2165 ab
3040 2098 3129 2165 eis
3174 2096 3475 2181 fugitivos
3518 2097 3589 2163 in

725 2206 1066 2290 burgenses
1098 2206 1410 2293 recipiunt
1439 2212 1503 2274 et
1533 2212 1880 2291 assumunt,
1927 2212 2011 2291 et,
2058 2206 2342 2293 quamvis
2387 2206 2530 2272 illos
2576 2226 2654 2271 ex
2688 2204 2844 2292 ipsis
2890 2210 3181 2291 repetant
3224 2204 3394 2272 infra
3436 2202 3586 2271 anni

728 2314 1008 2401 spacium
1057 2314 1237 2380 iuxta
1281 2319 1564 2381 tenorem
1611 2334 1798 2381 auree
1843 2314 2012 2382 bulle
2026 2364 2044 2399 ‚
2090 2316 2215 2402 ipsi
2259 2313 2700 2382 nichilominus
2746 2312 2997 2379 eosdem
3042 2312 3322 2379 detinere
3366 2332 3585 2399 presu-

726 2428 928 2506 munt,
975 2421 1264 2507 quodque
1308 2420 1502 2487 iidem
1547 2421 1806 2507 domini,
1853 2423 2139 2489 civitates
2186 2429 2249 2488 et
2278 2420 2759 2488 communitates
2805 2419 3139 2487 eorundem
3187 2419 3481 2502 magistri
3524 2424 3585 2485 et

724 2527 1046 2613 religionis
1091 2528 1404 2612 subditos,
1451 2530 1874 2616 ascripticios,
1919 2529 2295 2613 familiareS,
2342 2528 2677 2594 servitores
2722 2532 2787 2595 et
2830 2526 3157 2610 officiales,
3214 2528 3325 2613 qui
3368 2527 3451 2595 ab
3496 2526 3582 2593 eis

727 2636 864 2702 sine
906 2634 1191 2719 legitima
1233 2655 1442 2719 causa,
1489 2635 1664 2703 nulla
1705 2636 1875 2703 facta
1904 2636 1983 2703 de
2014 2636 2469 2704 administratis
2503 2635 2755 2701 racione
2798 2640 2865 2701 et
2908 2634 3064 2701 alias
3107 2634 3373 2718 fugitive
3416 2652 3581 2701 rece-

734 2741 892 2809 dunt
934 2763 1048 2810 nec
1093 2763 1282 2829 super
1325 2743 1448 2810 hiis
1493 2764 1562 2810 se
1607 2750 1981 2831 expurgant,
2025 2744 2093 2811 in
2124 2743 2464 2827 burgenses
2496 2747 2823 2810 assumunt
2851 2748 2917 2810 et
2942 2742 3257 2829 recipiunt
3284 2740 3581 2825 volentes,

735 2850 920 2935 qnod,
967 2850 1022 2916 si
1067 2851 1368 2933 magister
1413 2855 1478 2917 et
1519 2851 1739 2935 religio
1783 2851 2053 2938 predicti
2098 2856 2319 2919 contra
2362 2871 2469 2919 eos
2515 2850 2843 2936 querulare
2886 2849 3179 2932 habeant,
3226 2870 3419 2935 super
3462 2848 3581 2914 hiis

733 2978 942 3025 coram
975 2956 1210 3023 eisdem
1243 2956 1532 3042 dominis,
1579 2958 1936 3026 civitatibus
1984 2964 2048 3025 et
2091 2957 2641 3026 communitatibus
2673 2958 2751 3025 de
2780 2958 2915 3025 iure
2944 2958 3214 3025 debeant
3246 2952 3580 3043 experiri¹3

731 3064 1030 3131 nonnulle
1059 3065 1254 3130 eciam
1287 3084 1554 3150 persone
1583 3063 1732 3132 dicti
1764 3066 2015 3152 imperii
2045 3066 2389 3153 impetrant
2429 3065 2764 3153 privilegia
2790 3064 2973 3133 villas
3018 3084 3165 3132 suas
3206 3063 3581 3131 fortificandi

733 3173 952 3256 muris,
996 3172 1250 3238 fossatis
1281 3177 1344 3237 et
1371 3170 1512 3239 aliis
1541 3172 2004 3240 municionibus
2050 3180 2131 3258 et,
2176 3179 2251 3239 nt
2286 3174 2747 3241 immunitatem
2774 3172 3036 3239 liberam
3073 3172 3305 3239 habere
3334 3171 3583 3238 valeant

731 3279 967 3347 ibidem
1013 3277 1486 3365 pretendentes,
1533 3280 1698 3364 quod
1741 3281 1985 3367 proprii
2028 3279 2311 3349 homines
2355 3281 2644 3365 magistri
2688 3286 2755 3347 et
2794 3279 3115 3364 religionis
3158 3278 3579 3365 predictorum

733 3387 802 3453 in
845 3386 971 3454 illis
1015 3392 1472 3453 commorantes
1519 3387 1598 3454 ab
1643 3388 1734 3455 eis
1777 3388 2033 3455 inantea
2076 3387 2345 3455 debeant
2386 3409 2523 3455 esse
2565 3386 2749 3455 liberi
2794 3384 3005 3471 sique'
3050 3387 3383 3472 quisquam
3426 3386 3581 3472 ipsis

733 3495 801 3560 in
846 3514 1063 3561 eorum
1122 3494 1300 3560 bonis
1353 3494 1591 3561 fossata
1640 3494 1927 3561 faciendo
1985 3500 2094 3562 aut
2141 3496 2297 3562 alias
2356 3494 2707 3562 invadendo
2723 3489 2747 3523 ⁸
2802 3494 3265 3561 immunitatem
3323 3494 3581 3561 eandem

733 3601 1012 3687 dampna
1051 3602 1304 3686 inferat,
1349 3600 1473 3667 illis
1519 3601 1600 3668 ad
1642 3602 2023 3669 refusionem
2071 3603 2347 3688 aliquam
2392 3602 2649 3669 minime
2683 3602 2906 3685 teneri,
2952 3622 3073 3687 que
3116 3606 3333 3667 tamen
3376 3602 3583 3669 omnia

733 3727 875 3775 cum
907 3706 1213 3775 violencia
1255 3714 1473 3776 contra
1515 3708 1828 3775 iusticiam
1875 3715 1939 3775 et
1982 3730 2196 3777 eorum
2228 3708 2611 3777 voluntatem
2655 3709 3011 3776 inferuntur
3054 3707 3312 3775 eisdem.
3382 3708 3582 3787 Quare

735 3835 776 3880 a
818 3814 998 3882 nobis
1053 3815 1446 3902 imploravit,
1510 3821 1815 3901 quatenus
1872 3817 1963 3883 eis
2020 3838 2211 3904 super
2264 3817 2383 3884 hoc
2435 3816 2768 3903 providere
2824 3816 3105 3901 graciose
3159 3816 3577 3900 dignaremur.

735 3920 893 3988 Cum
938 3922 1130 4005 igitur
1174 3924 1474 4007 magistro
1521 3930 1585 3989 et
1627 3924 1918 4007 religioni
1976 3924 2266 4012 prefatiS,
2322 3931 2513 4010 prout
2562 3924 2644 3990 ad
2688 3944 2802 3991 nos
2860 3930 2925 3991 et
2965 3924 3199 3990 dictum
3246 3924 3579 4011 imperinm

732 4026 1102 4115 pertinent⁴,
1150 4031 1340 4105 etiam
1371 4031 1584 4098 omnia
1613 4050 1826 4098 eorum
1857 4031 2018 4116 iura,
2066 4030 2415 4117 privilegia,
2460 4031 2717 4115 gratias,
2758 4030 3233 4098 consuetudines
3264 4037 3329 4097 et
3358 4032 3581 4097 immu-

732 4136 985 4221 nitates,
1033 4156 1153 4222 que
1181 4137 1303 4223 ipsi
1337 4160 1375 4203 a
1401 4136 1824 4205 Romanorum
1853 4138 2340 4225 imperatoribus
2376 4144 2441 4205 et
2468 4139 2717 4223 regibus
2761 4139 2993 4205 nostris
3036 4138 3579 4225 predecessoribus

731 4241 800 4308 in
842 4242 1108 4328 imperio
1154 4245 1436 4330 predicto
1469 4244 1770 4313 hactenus
1799 4246 2221 4333 impetrarunt
2249 4252 2312 4313 et
2341 4244 2762 4331 obtinuerunt,
2806 4246 3314 4335 innovarerimus
3344 4252 3411 4313 et
3438 4266 3579 4313 con·-

731 4348 1218 4436 firmaverimus,
1274 4352 1670 4419 intendentes
1715 4373 1821 4419 eos
1864 4354 2045 4419 iuxta
2096 4352 2206 4420 illa
2250 4351 2611 4441 defendere,
2668 4374 3037 4421 conservare
3094 4360 3158 4421 et
3212 4372 3579 4441 permanere

733 4456 988 4541 debere;
1044 4457 1275 4525 idcirco
1321 4458 1663 4528 deliberato
1710 4460 1952 4543 animo,
2010 4480 2163 4527 sano
2209 4460 2470 4527 consilio
2524 4467 2587 4527 et
2639 4480 2717 4527 ex
2772 4467 2943 4528 certa
2996 4461 3269 4528 sciencia
3314 4460 3577 4528 auctori-

731 4570 862 4631 tate
907 4566 1082 4648 regia
1123 4570 1338 4633 tenore
1383 4567 1775 4653 presencium
1822 4568 2157 4635 statuimus
2204 4572 2268 4635 et
2310 4566 2691 4651 ordinamus,
2748 4568 2914 4654 quod
2958 4569 3238 4656 prefatus
3282 4569 3579 4655 magister

611 4725 622 4733 .
733 4678 798 4739 et
839 4673 940 4738 sui
984 4692 1370 4740 successores
1415 4694 1632 4742 omnes
1677 4695 1822 4742 suos
1867 4680 1932 4741 et
1963 4676 2127 4742 dicte
2158 4675 2483 4759 religionis
2528 4676 2815 4761 proprios
2858 4675 3166 4761 homines,
3213 4677 3323 4762 qni
3370 4676 3449 4744 ab
3492 4676 3577 4743 eis

729 4778 1048 4863 fugierunt
1091 4786 1200 4847 aut
1242 4782 1502 4866 fugient,
1547 4784 1614 4848 in
1647 4802 2016 4868 quocunque
2059 4781 2127 4848 id
2166 4783 2429 4865 eveniet,
2474 4783 2640 4849 infra
2671 4782 2823 4849 anni
2848 4784 3131 4869 spacium
3162 4788 3448 4870 repetere
3476 4782 3576 4849 de-

729 4884 920 4953 beant
963 4893 1026 4955 et
1069 4890 1316 4975 possint
1357 4886 1574 4975 illique
1617 4889 1774 4976 ipsis
1818 4890 2069 4957 restitui
2101 4889 2370 4957 debeant
2412 4892 2548 4957 sine
2590 4910 2773 4957 mora
2816 4894 2881 4957 et
2910 4890 3403 4958 contradictione
3432 4910 3577 4975 qua·

729 5014 1015 5080 cumque,
1074 4997 1362 5083 quodque
1403 4997 1726 5082 religionis
1773 4998 2049 5065 eiusdem
2096 4996 2352 5083 subditi,
2408 4997 2772 5084 ascripticii,
2824 4998 3189 5083 familiares,
3248 4998 3575 5067 servitores

731 5101 830 5169 vel
875 5102 1172 5175 officiales
1217 5104 1296 5173 ab
1344 5104 1434 5173 eis
1478 5124 1594 5193 pro
1641 5112 1924 5195 tempore
1966 5106 2276 5191 fugientes
2306 5106 2741 5191 delinquentes
2786 5110 2897 5173 aut
2939 5105 3097 5174 alias
3142 5104 3471 5173 inhoneste
3510 5124 3574 5171 se
