<?xml version="1.0" encoding="UTF-8"?>
<!DOCTYPE html PUBLIC "-//W3C//DTD XHTML 1.0 Transitional//EN"
    "http://www.w3.org/TR/xhtml1/DTD/xhtml1-transitional.dtd">
<html xmlns="http://www.w3.org/1999/xhtml" xml:lang="en" lang="en">
 <head>
  <title>
</title>
<meta http-equiv="Content-Type" content="text/html;charset=utf-8" />
  <meta name='ocr-system' content='tesseract 3.04.00' />
  <meta name='ocr-capabilities' content='ocr_page ocr_carea ocr_par ocr_line ocrx_word'/>
</head>
<body>
  <div class='ocr_page' id='page_1' title='image "./tabulaeordinist00stregoog_0208.png"; bbox 0 0 3892 5609; ppageno 0'>
   <div class='ocr_carea' id='block_1_1' title="bbox 699 304 2523 375">
    <p class='ocr_par' dir='ltr' id='par_1_1' title="bbox 699 304 2523 375">
     <span class='ocr_line' id='line_1_1' title="bbox 699 304 2523 375; baseline -0.008 0"><span class='ocrx_word' id='word_1_1' title='bbox 699 306 735 374; x_wconf 92' lang='lat'>1</span> <span class='ocrx_word' id='word_1_2' title='bbox 751 304 844 375; x_wconf 87' lang='grc'><strong>92</strong></span> <span class='ocrx_word' id='word_1_3' title='bbox 1720 315 2141 363; x_wconf 61' lang='lat' dir='ltr'><strong>ammaum.</strong></span> <span class='ocrx_word' id='word_1_4' title='bbox 2211 314 2523 363; x_wconf 62' lang='lat' dir='ltr'><strong>nonnula</strong></span> 
     </span>
    </p>
   </div>
   <div class='ocr_carea' id='block_1_2' title="bbox 687 471 3555 877">
    <p class='ocr_par' dir='ltr' id='par_1_2' title="bbox 687 471 3555 877">
     <span class='ocr_line' id='line_1_2' title="bbox 691 471 3555 559; baseline 0.001 -20"><span class='ocrx_word' id='word_1_5' title='bbox 691 472 1041 540; x_wconf 76' lang='lat' dir='ltr'>auscultavi</span> <span class='ocrx_word' id='word_1_6' title='bbox 1097 477 1470 559; x_wconf 89' lang='lat' dir='ltr'><strong>repertaque</strong></span> <span class='ocrx_word' id='word_1_7' title='bbox 1522 473 1882 540; x_wconf 88' lang='lat' dir='ltr'><strong>omnimoda</strong></span> <span class='ocrx_word' id='word_1_8' title='bbox 1935 472 2287 541; x_wconf 89' lang='lat' dir='ltr'><strong>eorundem·</strong></span> <span class='ocrx_word' id='word_1_9' title='bbox 2328 474 2741 557; x_wconf 83' lang='lat' dir='ltr'><strong>registrorum</strong></span> <span class='ocrx_word' id='word_1_10' title='bbox 2796 492 2909 538; x_wconf 89' lang='lat' dir='ltr'><strong>seu</strong></span> <span class='ocrx_word' id='word_1_11' title='bbox 2962 471 3351 540; x_wconf 85' lang='lat' dir='ltr'><strong>voluminum</strong></span> <span class='ocrx_word' id='word_1_12' title='bbox 3410 492 3555 541; x_wconf 80' lang='lat' dir='ltr'><strong>cum</strong></span> 
     </span>
     <span class='ocr_line' id='line_1_3' title="bbox 688 579 3553 667; baseline 0 -21"><span class='ocrx_word' id='word_1_13' title='bbox 688 580 848 667; x_wconf 91' lang='lat' dir='ltr'><strong>ipsis</strong></span> <span class='ocrx_word' id='word_1_14' title='bbox 893 580 1050 647; x_wconf 85' lang='lat' dir='ltr'><strong>meis</strong></span> <span class='ocrx_word' id='word_1_15' title='bbox 1103 580 1536 665; x_wconf 85' lang='lat' dir='ltr'><strong>transscriptis</strong></span> <span class='ocrx_word' id='word_1_16' title='bbox 1592 583 1656 646; x_wconf 90' lang='lat' dir='ltr'><strong>et</strong></span> <span class='ocrx_word' id='word_1_17' title='bbox 1711 580 2058 667; x_wconf 85' lang='lat' dir='ltr'><strong>excopiatis</strong></span> <span class='ocrx_word' id='word_1_18' title='bbox 2116 579 2568 647; x_wconf 87' lang='lat' dir='ltr'><strong>concordancia</strong></span> <span class='ocrx_word' id='word_1_19' title='bbox 2625 579 2841 645; x_wconf 88' lang='lat' dir='ltr'><strong>eadem</strong></span> <span class='ocrx_word' id='word_1_20' title='bbox 2895 580 2963 645; x_wconf 87' lang='lat' dir='ltr'><strong>in</strong></span> <span class='ocrx_word' id='word_1_21' title='bbox 3016 579 3179 645; x_wconf 88' lang='lat' dir='ltr'><strong>hanc</strong></span> <span class='ocrx_word' id='word_1_22' title='bbox 3235 579 3553 666; x_wconf 75' lang='lat' dir='ltr'><strong>publicam</strong></span> 
     </span>
     <span class='ocr_line' id='line_1_4' title="bbox 687 684 3553 773; baseline 0.001 -21"><span class='ocrx_word' id='word_1_23' title='bbox 687 686 956 753; x_wconf 85' lang='lat' dir='ltr'><strong>formam</strong></span> <span class='ocrx_word' id='word_1_24' title='bbox 1001 708 1102 754; x_wconf 93' lang='lat' dir='ltr'><strong>me</strong></span> <span class='ocrx_word' id='word_1_25' title='bbox 1147 687 1250 753; x_wconf 89' lang='lat' dir='ltr'><strong>hic</strong></span> <span class='ocrx_word' id='word_1_26' title='bbox 1292 707 1488 753; x_wconf 89' lang='lat' dir='ltr'><strong>manu</strong></span> <span class='ocrx_word' id='word_1_27' title='bbox 1532 688 1791 773; x_wconf 88' lang='lat' dir='ltr'><strong>propria</strong></span> <span class='ocrx_word' id='word_1_28' title='bbox 1821 686 2268 754; x_wconf 87' lang='lat' dir='ltr'><strong>subscribendo</strong></span> <span class='ocrx_word' id='word_1_29' title='bbox 2313 686 2468 751; x_wconf 84' lang='lat' dir='ltr'><strong>duxi</strong></span> <span class='ocrx_word' id='word_1_30' title='bbox 2495 684 2837 769; x_wconf 83' lang='lat' dir='ltr'><strong>redigenda</strong></span> <span class='ocrx_word' id='word_1_31' title='bbox 2882 691 2947 753; x_wconf 92' lang='lat' dir='ltr'><strong>et</strong></span> <span class='ocrx_word' id='word_1_32' title='bbox 2987 686 3203 771; x_wconf 83' lang='lat' dir='ltr'><strong>redegi</strong></span> <span class='ocrx_word' id='word_1_33' title='bbox 3247 686 3553 771; x_wconf 78' lang='lat' dir='ltr'><strong>signoque</strong></span> 
     </span>
     <span class='ocr_line' id='line_1_5' title="bbox 689 791 3547 877; baseline 0 -18"><span class='ocrx_word' id='word_1_34' title='bbox 689 796 755 861; x_wconf 89' lang='lat' dir='ltr'><strong>et</strong></span> <span class='ocrx_word' id='word_1_35' title='bbox 795 793 1050 861; x_wconf 90' lang='lat' dir='ltr'><strong>nomine</strong></span> <span class='ocrx_word' id='word_1_36' title='bbox 1093 794 1250 859; x_wconf 89' lang='lat' dir='ltr'><strong>meis</strong></span> <span class='ocrx_word' id='word_1_37' title='bbox 1296 793 1500 860; x_wconf 88' lang='lat' dir='ltr'><strong>solitis</strong></span> <span class='ocrx_word' id='word_1_38' title='bbox 1547 797 1612 860; x_wconf 90' lang='lat' dir='ltr'><strong>et</strong></span> <span class='ocrx_word' id='word_1_39' title='bbox 1665 793 1979 860; x_wconf 86' lang='lat' dir='ltr'><strong>consuetis</strong></span> <span class='ocrx_word' id='word_1_40' title='bbox 2031 794 2276 877; x_wconf 81' lang='lat' dir='ltr'><strong>signavi</strong></span> <span class='ocrx_word' id='word_1_41' title='bbox 2318 794 2386 858; x_wconf 89' lang='lat' dir='ltr'><strong>in</strong></span> <span class='ocrx_word' id='word_1_42' title='bbox 2430 791 2617 859; x_wconf 90' lang='lat' dir='ltr'><strong>fidem</strong></span> <span class='ocrx_word' id='word_1_43' title='bbox 2666 796 2730 860; x_wconf 90' lang='lat' dir='ltr'><strong>et</strong></span> <span class='ocrx_word' id='word_1_44' title='bbox 2782 794 3210 861; x_wconf 86' lang='lat' dir='ltr'><strong>testimonium</strong></span> <span class='ocrx_word' id='word_1_45' title='bbox 3270 794 3547 860; x_wconf 86' lang='lat' dir='ltr'><strong>omnium</strong></span> 
     </span>
    </p>
   </div>
   <div class='ocr_carea' id='block_1_3' title="bbox 689 899 2779 986">
    <p class='ocr_par' dir='ltr' id='par_1_3' title="bbox 689 899 2779 986">
     <span class='ocr_line' id='line_1_6' title="bbox 689 899 2779 986; baseline 0 -19"><span class='ocrx_word' id='word_1_46' title='bbox 689 904 754 967; x_wconf 92' lang='lat' dir='ltr'><strong>et</strong></span> <span class='ocrx_word' id='word_1_47' title='bbox 795 900 1186 984; x_wconf 84' lang='lat' dir='ltr'><strong>singulorum</strong></span> <span class='ocrx_word' id='word_1_48' title='bbox 1229 900 1681 986; x_wconf 89' lang='lat' dir='ltr'><strong>premissorum</strong></span> <span class='ocrx_word' id='word_1_49' title='bbox 1724 905 1983 983; x_wconf 87' lang='lat' dir='ltr'><strong>rogatus</strong></span> <span class='ocrx_word' id='word_1_50' title='bbox 2028 901 2269 986; x_wconf 87' lang='lat' dir='ltr'><strong>pariter</strong></span> <span class='ocrx_word' id='word_1_51' title='bbox 2312 905 2377 967; x_wconf 91' lang='lat' dir='ltr'><strong>et</strong></span> <span class='ocrx_word' id='word_1_52' title='bbox 2418 899 2779 984; x_wconf 87' lang='lat' dir='ltr'><strong>requisitus.</strong></span> 
     </span>
    </p>
   </div>
   <div class='ocr_carea' id='block_1_4' title="bbox 687 1004 3549 1143">
    <p class='ocr_par' dir='ltr' id='par_1_4' title="bbox 687 1004 3549 1143">
     <span class='ocr_line' id='line_1_7' title="bbox 897 1004 3549 1072; baseline -0.001 -16"><span class='ocrx_word' id='word_1_53' title='bbox 897 1005 988 1067; x_wconf 83' lang='lat' dir='ltr'><strong>IV,</strong></span> <span class='ocrx_word' id='word_1_54' title='bbox 1023 1005 1128 1057; x_wconf 84' lang='lat'><strong>317</strong></span> <span class='ocrx_word' id='word_1_55' title='bbox 1140 1023 1188 1056; x_wconf 88' lang='lat' dir='ltr'><strong>v.</strong></span> <span class='ocrx_word' id='word_1_56' title='bbox 1335 1005 1380 1057; x_wconf 91' lang='lat'><strong>1.</strong></span> <span class='ocrx_word' id='word_1_57' title='bbox 1419 1005 1639 1056; x_wconf 72' lang='lat' dir='ltr'><strong>Constafi</strong></span> <span class='ocrx_word' id='word_1_58' title='bbox 1675 1004 1734 1055; x_wconf 90' lang='lat' dir='ltr'><strong>B.</strong></span> <span class='ocrx_word' id='word_1_59' title='bbox 1842 1004 1892 1057; x_wconf 89' lang='grc'><strong>2.</strong></span> <span class='ocrx_word' id='word_1_60' title='bbox 1927 1005 2029 1057; x_wconf 90' lang='lat' dir='ltr'><strong>Pro</strong></span> <span class='ocrx_word' id='word_1_61' title='bbox 2070 1005 2271 1072; x_wconf 74' lang='lat'><strong>[*—*]</strong></span> <span class='ocrx_word' id='word_1_62' title='bbox 2310 1004 2345 1057; x_wconf 91' lang='lat' dir='ltr'><strong>l.</strong></span> <span class='ocrx_word' id='word_1_63' title='bbox 2368 1004 2655 1072; x_wconf 79' lang='lat' dir='ltr'><strong>sigillatum.</strong></span> <span class='ocrx_word' id='word_1_64' title='bbox 2769 1005 2819 1057; x_wconf 80' lang='lat'><strong>3.</strong></span> <span class='ocrx_word' id='word_1_65' title='bbox 2858 1020 3063 1057; x_wconf 85' lang='lat' dir='ltr'><strong>succure</strong></span> <span class='ocrx_word' id='word_1_66' title='bbox 3100 1004 3159 1057; x_wconf 91' lang='lat' dir='ltr'><strong>B.</strong></span> <span class='ocrx_word' id='word_1_67' title='bbox 3270 1007 3324 1057; x_wconf 84' lang='lat'><strong>4.</strong></span> <span class='ocrx_word' id='word_1_68' title='bbox 3361 1021 3455 1057; x_wconf 81' lang='lat' dir='ltr'><strong>nec</strong></span> <span class='ocrx_word' id='word_1_69' title='bbox 3488 1004 3549 1055; x_wconf 92' lang='lat' dir='ltr'><strong>B.</strong></span> 
     </span>
     <span class='ocr_line' id='line_1_8' title="bbox 687 1074 2231 1143; baseline 0.001 -17"><span class='ocrx_word' id='word_1_70' title='bbox 687 1076 738 1127; x_wconf 85' lang='lat'><strong>5.</strong></span> <span class='ocrx_word' id='word_1_71' title='bbox 773 1075 950 1143; x_wconf 77' lang='lat' dir='ltr'><strong>redegi</strong></span> <span class='ocrx_word' id='word_1_72' title='bbox 985 1076 1046 1128; x_wconf 89' lang='grc' dir='ltr'><strong>Β.</strong></span> <span class='ocrx_word' id='word_1_73' title='bbox 1099 1076 1375 1129; x_wconf 84' lang='lat' dir='ltr'><strong>Praeterea</strong></span> <span class='ocrx_word' id='word_1_74' title='bbox 1411 1074 1658 1143; x_wconf 78' lang='lat' dir='ltr'><strong>quaedam</strong></span> <span class='ocrx_word' id='word_1_75' title='bbox 1693 1074 1882 1127; x_wconf 76' lang='lat' dir='ltr'><strong>leviora</strong></span> <span class='ocrx_word' id='word_1_76' title='bbox 1915 1076 2231 1128; x_wconf 85' lang='lat' dir='ltr'><strong>mutavimus.</strong></span> 
     </span>
    </p>
   </div>
   <div class='ocr_carea' id='block_1_5' title="bbox 673 1240 3555 5069">
    <p class='ocr_par' dir='ltr' id='par_1_5' title="bbox 673 1240 3555 5069">
     <span class='ocr_line' id='line_1_9' title="bbox 696 1240 3549 1333; baseline -0.001 -20"><span class='ocrx_word' id='word_1_77' title='bbox 696 1242 732 1312; x_wconf 93' lang='grc'>1</span> <span class='ocrx_word' id='word_1_78' title='bbox 747 1240 870 1313; x_wconf 83' lang='grc'><strong>99.</strong></span> <span class='ocrx_word' id='word_1_79' title='bbox 910 1248 1088 1313; x_wconf 80' lang='grc'><strong>1445</strong></span> <span class='ocrx_word' id='word_1_80' title='bbox 1131 1248 1360 1333; x_wconf 74' lang='lat' dir='ltr'><strong>apr-ilis</strong></span> <span class='ocrx_word' id='word_1_81' title='bbox 1405 1248 1490 1313; x_wconf 82' lang='lat'><strong>21</strong></span> <span class='ocrx_word' id='word_1_82' title='bbox 1543 1244 1759 1314; x_wconf 74' lang='lat' dir='ltr'><strong>Grecz.</strong></span> <span class='ocrx_word' id='word_1_83' title='bbox 1841 1245 2151 1313; x_wconf 52' lang='lat' dir='ltr'><strong>Notarius</strong></span> <span class='ocrx_word' id='word_1_84' title='bbox 2208 1250 2575 1312; x_wconf 73' lang='lat' dir='ltr'><strong>transsumit</strong></span> <span class='ocrx_word' id='word_1_85' title='bbox 2618 1248 2933 1332; x_wconf 78' lang='lat' dir='ltr'><strong><em>quaedam</em></strong></span> <span class='ocrx_word' id='word_1_86' title='bbox 2978 1248 3223 1312; x_wconf 68' lang='lat' dir='ltr'><strong>ordinis</strong></span> <span class='ocrx_word' id='word_1_87' title='bbox 3276 1244 3549 1312; x_wconf 61' lang='lat' dir='ltr'><strong>{meanto-</strong></span> 
     </span>
     <span class='ocr_line' id='line_1_10' title="bbox 907 1354 2649 1439; baseline 0.001 -22"><span class='ocrx_word' id='word_1_88' title='bbox 907 1356 1045 1419; x_wconf 77' lang='lat' dir='ltr'><strong>nici</strong></span> <span class='ocrx_word' id='word_1_89' title='bbox 1080 1354 1438 1439; x_wconf 73' lang='lat' dir='ltr'><strong>privileyia.</strong></span> <span class='ocrx_word' id='word_1_90' title='bbox 2641 1428 2649 1437; x_wconf 33' lang='grc' dir='ltr'>Ι</span> 
     </span>
     <span class='ocr_line' id='line_1_11' title="bbox 909 1464 3554 1551; baseline -0.001 -18"><span class='ocrx_word' id='word_1_91' title='bbox 909 1464 982 1533; x_wconf 90' lang='lat' dir='ltr'><strong>In</strong></span> <span class='ocrx_word' id='word_1_92' title='bbox 1028 1468 1282 1535; x_wconf 91' lang='lat' dir='ltr'><strong>nomine</strong></span> <span class='ocrx_word' id='word_1_93' title='bbox 1328 1467 1566 1534; x_wconf 89' lang='lat' dir='ltr'><strong>domini</strong></span> <span class='ocrx_word' id='word_1_94' title='bbox 1624 1488 1826 1535; x_wconf 89' lang='lat' dir='ltr'><strong>amen.</strong></span> <span class='ocrx_word' id='word_1_95' title='bbox 1908 1466 2095 1534; x_wconf 87' lang='lat' dir='ltr'><strong>Anno</strong></span> <span class='ocrx_word' id='word_1_96' title='bbox 2140 1466 2491 1535; x_wconf 85' lang='lat' dir='ltr'><strong>nativitatis</strong></span> <span class='ocrx_word' id='word_1_97' title='bbox 2546 1466 2822 1535; x_wconf 88' lang='lat' dir='ltr'><strong>eiusdem</strong></span> <span class='ocrx_word' id='word_1_98' title='bbox 2868 1466 3203 1533; x_wconf 85' lang='lat' dir='ltr'><strong>millesimo</strong></span> <span class='ocrx_word' id='word_1_99' title='bbox 3250 1464 3554 1551; x_wconf 89' lang='lat' dir='ltr'><strong>quadrin-</strong></span> 
     </span>
     <span class='ocr_line' id='line_1_12' title="bbox 688 1572 3553 1660; baseline -0.001 -21"><span class='ocrx_word' id='word_1_100' title='bbox 688 1573 1033 1657; x_wconf 84' lang='lat' dir='ltr'><strong>gentesimo</strong></span> <span class='ocrx_word' id='word_1_101' title='bbox 1090 1574 1568 1660; x_wconf 88' lang='lat' dir='ltr'><strong>quadragesimo</strong></span> <span class='ocrx_word' id='word_1_102' title='bbox 1627 1573 1845 1658; x_wconf 90' lang='lat' dir='ltr'><strong>quinto</strong></span> <span class='ocrx_word' id='word_1_103' title='bbox 1912 1573 2252 1641; x_wconf 76' lang='lat' dir='ltr'><strong>indictione</strong></span> <span class='ocrx_word' id='word_1_104' title='bbox 2308 1581 2531 1641; x_wconf 88' lang='lat' dir='ltr'><strong>octava</strong></span> <span class='ocrx_word' id='word_1_105' title='bbox 2587 1573 2690 1641; x_wconf 90' lang='lat' dir='ltr'><strong>die</strong></span> <span class='ocrx_word' id='word_1_106' title='bbox 2744 1593 2893 1640; x_wconf 88' lang='lat' dir='ltr'><strong>vero</strong></span> <span class='ocrx_word' id='word_1_107' title='bbox 2947 1572 3243 1640; x_wconf 79' lang='lat' dir='ltr'><strong>Mercurii</strong></span> <span class='ocrx_word' id='word_1_108' title='bbox 3312 1572 3553 1639; x_wconf 86' lang='lat' dir='ltr'><strong>mensis</strong></span> 
     </span>
     <span class='ocr_line' id='line_1_13' title="bbox 688 1676 3551 1767; baseline -0.001 -22"><span class='ocrx_word' id='word_1_109' title='bbox 688 1680 908 1767; x_wconf 80' lang='lat' dir='ltr'><strong>aprilis</strong></span> <span class='ocrx_word' id='word_1_110' title='bbox 953 1680 1252 1747; x_wconf 89' lang='lat' dir='ltr'><strong>vicesima</strong></span> <span class='ocrx_word' id='word_1_111' title='bbox 1295 1681 1534 1767; x_wconf 84' lang='lat' dir='ltr'><strong>prima,</strong></span> <span class='ocrx_word' id='word_1_112' title='bbox 1580 1680 1983 1748; x_wconf 87' lang='lat' dir='ltr'><strong>serenissimo</strong></span> <span class='ocrx_word' id='word_1_113' title='bbox 2029 1681 2315 1767; x_wconf 80' lang='lat' dir='ltr'><strong>principe</strong></span> <span class='ocrx_word' id='word_1_114' title='bbox 2362 1685 2426 1747; x_wconf 89' lang='lat' dir='ltr'><strong>et</strong></span> <span class='ocrx_word' id='word_1_115' title='bbox 2469 1679 2721 1747; x_wconf 91' lang='lat' dir='ltr'><strong>domino</strong></span> <span class='ocrx_word' id='word_1_116' title='bbox 2764 1686 2983 1747; x_wconf 88' lang='lat' dir='ltr'><strong>nostro</strong></span> <span class='ocrx_word' id='word_1_117' title='bbox 3028 1680 3283 1746; x_wconf 90' lang='lat' dir='ltr'><strong>domino</strong></span> <span class='ocrx_word' id='word_1_118' title='bbox 3326 1676 3551 1744; x_wconf 87' lang='lat' dir='ltr'><strong>Fride-</strong></span> 
     </span>
     <span class='ocr_line' id='line_1_14' title="bbox 686 1784 3551 1872; baseline -0.001 -19"><span class='ocrx_word' id='word_1_119' title='bbox 686 1786 817 1853; x_wconf 90' lang='lat' dir='ltr'><strong>rico</strong></span> <span class='ocrx_word' id='word_1_120' title='bbox 862 1786 1287 1854; x_wconf 89' lang='lat' dir='ltr'><strong>Romanorum</strong></span> <span class='ocrx_word' id='word_1_121' title='bbox 1332 1806 1482 1871; x_wconf 86' lang='lat' dir='ltr'><strong>rege</strong></span> <span class='ocrx_word' id='word_1_122' title='bbox 1527 1792 1642 1853; x_wconf 91' lang='lat' dir='ltr'><strong>etc.</strong></span> <span class='ocrx_word' id='word_1_123' title='bbox 1689 1786 2087 1853; x_wconf 89' lang='lat' dir='ltr'><strong>inclitissimo</strong></span> <span class='ocrx_word' id='word_1_124' title='bbox 2141 1787 2409 1854; x_wconf 80' lang='lat' dir='ltr'><strong>feliciter</strong></span> <span class='ocrx_word' id='word_1_125' title='bbox 2466 1792 2768 1871; x_wconf 83' lang='lat' dir='ltr'><strong>regnante</strong></span> <span class='ocrx_word' id='word_1_126' title='bbox 2822 1806 2985 1854; x_wconf 90' lang='lat' dir='ltr'><strong>anno</strong></span> <span class='ocrx_word' id='word_1_127' title='bbox 3030 1790 3242 1872; x_wconf 82' lang='lat' dir='ltr'><strong>sexto,</strong></span> <span class='ocrx_word' id='word_1_128' title='bbox 3296 1786 3365 1851; x_wconf 91' lang='lat' dir='ltr'><strong>in</strong></span> <span class='ocrx_word' id='word_1_129' title='bbox 3418 1784 3551 1851; x_wconf 89' lang='lat' dir='ltr'><strong>mei</strong></span> 
     </span>
     <span class='ocr_line' id='line_1_15' title="bbox 685 1892 3553 1980; baseline -0.001 -21"><span class='ocrx_word' id='word_1_130' title='bbox 685 1894 921 1960; x_wconf 90' lang='lat' dir='ltr'><strong>notarii</strong></span> <span class='ocrx_word' id='word_1_131' title='bbox 963 1892 1200 1980; x_wconf 85' lang='lat' dir='ltr'><strong>publici</strong></span> <span class='ocrx_word' id='word_1_132' title='bbox 1245 1893 1627 1978; x_wconf 82' lang='lat' dir='ltr'><strong>testiumque</strong></span> <span class='ocrx_word' id='word_1_133' title='bbox 1669 1892 2217 1979; x_wconf 72' lang='lat' dir='ltr'><strong>infrascriptarum</strong></span> <span class='ocrx_word' id='word_1_134' title='bbox 2261 1894 2341 1960; x_wconf 88' lang='lat' dir='ltr'><strong>ad</strong></span> <span class='ocrx_word' id='word_1_135' title='bbox 2384 1894 2504 1962; x_wconf 90' lang='lat' dir='ltr'><strong>hoc</strong></span> <span class='ocrx_word' id='word_1_136' title='bbox 2530 1900 2897 1960; x_wconf 88' lang='lat' dir='ltr'><strong>vocatorum</strong></span> <span class='ocrx_word' id='word_1_137' title='bbox 2935 1892 3293 1980; x_wconf 83' lang='lat' dir='ltr'><strong>specialiter</strong></span> <span class='ocrx_word' id='word_1_138' title='bbox 3338 1898 3403 1958; x_wconf 88' lang='lat' dir='ltr'><strong>et</strong></span> <span class='ocrx_word' id='word_1_139' title='bbox 3442 1910 3553 1956; x_wconf 89' lang='lat' dir='ltr'><strong>ro-</strong></span> 
     </span>
     <span class='ocr_line' id='line_1_16' title="bbox 687 1997 3551 2088; baseline -0 -22"><span class='ocrx_word' id='word_1_140' title='bbox 687 2005 978 2083; x_wconf 86' lang='lat' dir='ltr'><strong>gatorum</strong></span> <span class='ocrx_word' id='word_1_141' title='bbox 1036 2002 1366 2088; x_wconf 85' lang='lat' dir='ltr'><strong>presencia</strong></span> <span class='ocrx_word' id='word_1_142' title='bbox 1420 2000 1798 2068; x_wconf 85' lang='lat' dir='ltr'><strong>constitutus</strong></span> <span class='ocrx_word' id='word_1_143' title='bbox 1855 2001 2271 2087; x_wconf 88' lang='lat' dir='ltr'><strong>personaliter</strong></span> <span class='ocrx_word' id='word_1_144' title='bbox 2325 2000 2698 2068; x_wconf 87' lang='lat' dir='ltr'><strong>venerabilis</strong></span> <span class='ocrx_word' id='word_1_145' title='bbox 2749 2001 2851 2066; x_wconf 85' lang='lat' dir='ltr'><strong>vir</strong></span> <span class='ocrx_word' id='word_1_146' title='bbox 2902 2000 3195 2067; x_wconf 89' lang='lat' dir='ltr'><strong>dominus</strong></span> <span class='ocrx_word' id='word_1_147' title='bbox 3242 1997 3551 2065; x_wconf 80' lang='lat' dir='ltr'><strong>Iohannes</strong></span> 
     </span>
     <span class='ocr_line' id='line_1_17' title="bbox 686 2104 3551 2191; baseline -0.001 -18"><span class='ocrx_word' id='word_1_148' title='bbox 686 2106 1009 2191; x_wconf 86' lang='lat' dir='ltr'><strong>Magencz,</strong></span> <span class='ocrx_word' id='word_1_149' title='bbox 1057 2108 1529 2175; x_wconf 87' lang='lat' dir='ltr'><strong>commendator</strong></span> <span class='ocrx_word' id='word_1_150' title='bbox 1573 2106 1795 2173; x_wconf 91' lang='lat' dir='ltr'><strong>domus</strong></span> <span class='ocrx_word' id='word_1_151' title='bbox 1842 2107 1911 2172; x_wconf 91' lang='lat' dir='ltr'><strong>in</strong></span> <span class='ocrx_word' id='word_1_152' title='bbox 1957 2104 2153 2174; x_wconf 89' lang='lat' dir='ltr'><strong>Grecz</strong></span> <span class='ocrx_word' id='word_1_153' title='bbox 2202 2106 2440 2173; x_wconf 87' lang='lat' dir='ltr'><strong>ordinis</strong></span> <span class='ocrx_word' id='word_1_154' title='bbox 2492 2107 2673 2174; x_wconf 87' lang='lat' dir='ltr'><strong>beate</strong></span> <span class='ocrx_word' id='word_1_155' title='bbox 2715 2106 2915 2174; x_wconf 86' lang='lat' dir='ltr'><strong>Marie</strong></span> <span class='ocrx_word' id='word_1_156' title='bbox 2956 2106 3226 2173; x_wconf 83' lang='lat' dir='ltr'><strong>fratrum</strong></span> <span class='ocrx_word' id='word_1_157' title='bbox 3272 2104 3551 2171; x_wconf 88' lang='lat' dir='ltr'><strong>Theutu-</strong></span> 
     </span>
     <span class='ocr_line' id='line_1_18' title="bbox 685 2212 3550 2300; baseline -0.001 -19"><span class='ocrx_word' id='word_1_158' title='bbox 685 2214 992 2299; x_wconf 84' lang='lat' dir='ltr'><strong>nicorum‚</strong></span> <span class='ocrx_word' id='word_1_159' title='bbox 1037 2214 1275 2281; x_wconf 87' lang='lat' dir='ltr'><strong>habens</strong></span> <span class='ocrx_word' id='word_1_160' title='bbox 1323 2220 1388 2283; x_wconf 89' lang='lat' dir='ltr'><strong>et</strong></span> <span class='ocrx_word' id='word_1_161' title='bbox 1429 2218 1650 2281; x_wconf 89' lang='lat' dir='ltr'><strong>tenens</strong></span> <span class='ocrx_word' id='word_1_162' title='bbox 1693 2213 1760 2279; x_wconf 90' lang='lat' dir='ltr'><strong>in</strong></span> <span class='ocrx_word' id='word_1_163' title='bbox 1809 2212 1940 2279; x_wconf 87' lang='lat' dir='ltr'><strong>suis</strong></span> <span class='ocrx_word' id='word_1_164' title='bbox 1984 2213 2273 2281; x_wconf 87' lang='lat' dir='ltr'><strong>manibus</strong></span> <span class='ocrx_word' id='word_1_165' title='bbox 2320 2213 2621 2299; x_wconf 85' lang='lat' dir='ltr'><strong>quasdam</strong></span> <span class='ocrx_word' id='word_1_166' title='bbox 2672 2218 2959 2300; x_wconf 88' lang='lat' dir='ltr'><strong>patentes</strong></span> <span class='ocrx_word' id='word_1_167' title='bbox 3003 2212 3248 2280; x_wconf 88' lang='lat' dir='ltr'><strong>litteras</strong></span> <span class='ocrx_word' id='word_1_168' title='bbox 3294 2216 3550 2299; x_wconf 86' lang='lat' dir='ltr'><strong>aposto-</strong></span> 
     </span>
     <span class='ocr_line' id='line_1_19' title="bbox 683 2318 3549 2406; baseline -0.001 -19"><span class='ocrx_word' id='word_1_169' title='bbox 683 2318 841 2387; x_wconf 88' lang='lat' dir='ltr'><strong>licas</strong></span> <span class='ocrx_word' id='word_1_170' title='bbox 895 2324 961 2387; x_wconf 91' lang='lat' dir='ltr'><strong>et</strong></span> <span class='ocrx_word' id='word_1_171' title='bbox 1013 2319 1265 2388; x_wconf 85' lang='lat' dir='ltr'><strong>ducales</strong></span> <span class='ocrx_word' id='word_1_172' title='bbox 1317 2320 1712 2387; x_wconf 88' lang='lat' dir='ltr'><strong>dominorum</strong></span> <span class='ocrx_word' id='word_1_173' title='bbox 1761 2319 1991 2387; x_wconf 90' lang='lat' dir='ltr'><strong>ducum</strong></span> <span class='ocrx_word' id='word_1_174' title='bbox 2036 2319 2298 2387; x_wconf 89' lang='lat' dir='ltr'><strong>Austrie</strong></span> <span class='ocrx_word' id='word_1_175' title='bbox 2350 2320 2537 2387; x_wconf 89' lang='lat' dir='ltr'><strong>bullis</strong></span> <span class='ocrx_word' id='word_1_176' title='bbox 2593 2320 2905 2406; x_wconf 87' lang='lat' dir='ltr'><strong>plumbeis</strong></span> <span class='ocrx_word' id='word_1_177' title='bbox 2960 2320 3234 2388; x_wconf 87' lang='lat' dir='ltr'><strong>cordulis</strong></span> <span class='ocrx_word' id='word_1_178' title='bbox 3288 2321 3549 2406; x_wconf 81' lang='lat' dir='ltr'><strong>canapis</strong></span> 
     </span>
     <span class='ocr_line' id='line_1_20' title="bbox 686 2425 3549 2513; baseline -0 -20"><span class='ocrx_word' id='word_1_179' title='bbox 686 2426 1010 2494; x_wconf 85' lang='lat' dir='ltr'><strong>ducalibus</strong></span> <span class='ocrx_word' id='word_1_180' title='bbox 1069 2432 1133 2493; x_wconf 89' lang='lat' dir='ltr'><strong>et</strong></span> <span class='ocrx_word' id='word_1_181' title='bbox 1187 2427 1426 2495; x_wconf 87' lang='lat' dir='ltr'><strong>sericiis</strong></span> <span class='ocrx_word' id='word_1_182' title='bbox 1469 2425 1979 2513; x_wconf 86' lang='lat' dir='ltr'><strong>impendentibus</strong></span> <span class='ocrx_word' id='word_1_183' title='bbox 2024 2447 2198 2494; x_wconf 90' lang='lat' dir='ltr'><strong>more</strong></span> <span class='ocrx_word' id='word_1_184' title='bbox 2242 2426 2523 2494; x_wconf 86' lang='lat' dir='ltr'><strong>Romane</strong></span> <span class='ocrx_word' id='word_1_185' title='bbox 2566 2427 2738 2494; x_wconf 89' lang='lat' dir='ltr'><strong>curie</strong></span> <span class='ocrx_word' id='word_1_186' title='bbox 2790 2433 2856 2493; x_wconf 91' lang='lat' dir='ltr'><strong>et</strong></span> <span class='ocrx_word' id='word_1_187' title='bbox 2898 2425 3105 2494; x_wconf 88' lang='lat' dir='ltr'><strong>ducali</strong></span> <span class='ocrx_word' id='word_1_188' title='bbox 3150 2426 3549 2494; x_wconf 90' lang='lat' dir='ltr'><strong>dominorum</strong></span> 
     </span>
     <span class='ocr_line' id='line_1_21' title="bbox 673 2532 3553 2620; baseline -0.001 -20"><span class='ocrx_word' id='word_1_189' title='bbox 673 2533 915 2600; x_wconf 53' lang='lat' dir='ltr'><strong>‘ducum</strong></span> <span class='ocrx_word' id='word_1_190' title='bbox 944 2532 1204 2601; x_wconf 90' lang='lat' dir='ltr'><strong>Austrie</strong></span> <span class='ocrx_word' id='word_1_191' title='bbox 1247 2532 1540 2618; x_wconf 84' lang='lat' dir='ltr'><strong>bullatas,</strong></span> <span class='ocrx_word' id='word_1_192' title='bbox 1587 2554 1743 2620; x_wconf 88' lang='lat' dir='ltr'><strong>quas</strong></span> <span class='ocrx_word' id='word_1_193' title='bbox 1790 2533 2045 2619; x_wconf 88' lang='lat' dir='ltr'><strong>quidem</strong></span> <span class='ocrx_word' id='word_1_194' title='bbox 2088 2533 2334 2601; x_wconf 87' lang='lat' dir='ltr'><strong>litteras</strong></span> <span class='ocrx_word' id='word_1_195' title='bbox 2368 2533 2523 2600; x_wconf 90' lang='lat' dir='ltr'><strong>mihi</strong></span> <span class='ocrx_word' id='word_1_196' title='bbox 2554 2534 2799 2600; x_wconf 87' lang='lat' dir='ltr'><strong>notario</strong></span> <span class='ocrx_word' id='word_1_197' title='bbox 2830 2534 3233 2619; x_wconf 85' lang='lat' dir='ltr'><strong>infrascripto</strong></span> <span class='ocrx_word' id='word_1_198' title='bbox 3264 2532 3553 2600; x_wconf 87' lang='lat' dir='ltr'><strong>exhibuit</strong></span> 
     </span>
     <span class='ocr_line' id='line_1_22' title="bbox 687 2640 3547 2727; baseline -0.001 -20"><span class='ocrx_word' id='word_1_199' title='bbox 687 2645 753 2707; x_wconf 91' lang='lat' dir='ltr'><strong>et</strong></span> <span class='ocrx_word' id='word_1_200' title='bbox 794 2640 1185 2727; x_wconf 86' lang='lat' dir='ltr'><strong>presentavit</strong></span> <span class='ocrx_word' id='word_1_201' title='bbox 1224 2660 1451 2725; x_wconf 90' lang='lat' dir='ltr'><strong>meque</strong></span> <span class='ocrx_word' id='word_1_202' title='bbox 1481 2640 1692 2708; x_wconf 86' lang='lat' dir='ltr'><strong>debita</strong></span> <span class='ocrx_word' id='word_1_203' title='bbox 1738 2660 1880 2708; x_wconf 90' lang='lat' dir='ltr'><strong>cum</strong></span> <span class='ocrx_word' id='word_1_204' title='bbox 1925 2640 2233 2707; x_wconf 86' lang='lat' dir='ltr'><strong>instantia</strong></span> <span class='ocrx_word' id='word_1_205' title='bbox 2276 2641 2469 2727; x_wconf 90' lang='lat' dir='ltr'><strong>peciit</strong></span> <span class='ocrx_word' id='word_1_206' title='bbox 2508 2646 2572 2708; x_wconf 90' lang='lat' dir='ltr'><strong>et</strong></span> <span class='ocrx_word' id='word_1_207' title='bbox 2598 2640 2946 2726; x_wconf 85' lang='lat' dir='ltr'><strong>requisivit,</strong></span> <span class='ocrx_word' id='word_1_208' title='bbox 2992 2648 3067 2708; x_wconf 89' lang='lat' dir='ltr'><strong>ut</strong></span> <span class='ocrx_word' id='word_1_209' title='bbox 3108 2640 3364 2707; x_wconf 87' lang='lat' dir='ltr'><strong>easdem</strong></span> <span class='ocrx_word' id='word_1_210' title='bbox 3404 2645 3547 2705; x_wconf 85' lang='lat' dir='ltr'><strong>tan-</strong></span> 
     </span>
     <span class='ocr_line' id='line_1_23' title="bbox 687 2745 3547 2833; baseline 0 -20"><span class='ocrx_word' id='word_1_211' title='bbox 687 2766 879 2832; x_wconf 86' lang='lat' dir='ltr'><strong>quam</strong></span> <span class='ocrx_word' id='word_1_212' title='bbox 921 2746 1177 2833; x_wconf 88' lang='lat' dir='ltr'><strong>publica</strong></span> <span class='ocrx_word' id='word_1_213' title='bbox 1222 2756 1285 2814; x_wconf 89' lang='lat' dir='ltr'><strong>et</strong></span> <span class='ocrx_word' id='word_1_214' title='bbox 1328 2748 1646 2814; x_wconf 87' lang='lat' dir='ltr'><strong>autentica</strong></span> <span class='ocrx_word' id='word_1_215' title='bbox 1689 2766 1961 2833; x_wconf 87' lang='lat' dir='ltr'><strong>persona</strong></span> <span class='ocrx_word' id='word_1_216' title='bbox 2002 2747 2333 2831; x_wconf 83' lang='lat' dir='ltr'><strong>transumi,</strong></span> <span class='ocrx_word' id='word_1_217' title='bbox 2380 2745 2726 2833; x_wconf 86' lang='lat' dir='ltr'><strong>exemplari</strong></span> <span class='ocrx_word' id='word_1_218' title='bbox 2769 2752 2834 2814; x_wconf 88' lang='lat' dir='ltr'><strong>et</strong></span> <span class='ocrx_word' id='word_1_219' title='bbox 2878 2746 3197 2833; x_wconf 86' lang='lat' dir='ltr'><strong>excopiari</strong></span> <span class='ocrx_word' id='word_1_220' title='bbox 3237 2766 3547 2830; x_wconf 79' lang='lat' dir='ltr'><strong>curarem,</strong></span> 
     </span>
     <span class='ocr_line' id='line_1_24' title="bbox 687 2852 3550 2941; baseline -0 -22"><span class='ocrx_word' id='word_1_221' title='bbox 687 2852 922 2938; x_wconf 90' lang='lat' dir='ltr'><strong>volens,</strong></span> <span class='ocrx_word' id='word_1_222' title='bbox 968 2858 1042 2919; x_wconf 91' lang='lat' dir='ltr'><strong>ut</strong></span> <span class='ocrx_word' id='word_1_223' title='bbox 1085 2854 1373 2937; x_wconf 85' lang='lat' dir='ltr'><strong>asseruit,</strong></span> <span class='ocrx_word' id='word_1_224' title='bbox 1421 2854 1618 2921; x_wconf 87' lang='lat' dir='ltr'><strong>dictas</strong></span> <span class='ocrx_word' id='word_1_225' title='bbox 1664 2854 1909 2921; x_wconf 88' lang='lat' dir='ltr'><strong>litteras</strong></span> <span class='ocrx_word' id='word_1_226' title='bbox 1955 2854 2119 2921; x_wconf 89' lang='lat' dir='ltr'><strong>sicut</strong></span> <span class='ocrx_word' id='word_1_227' title='bbox 2161 2854 2550 2941; x_wconf 89' lang='lat' dir='ltr'><strong>premittitur</strong></span> <span class='ocrx_word' id='word_1_228' title='bbox 2578 2858 3041 2940; x_wconf 87' lang='lat' dir='ltr'><strong>transsumptas</strong></span> <span class='ocrx_word' id='word_1_229' title='bbox 3086 2854 3219 2921; x_wconf 89' lang='lat' dir='ltr'><strong>suis</strong></span> <span class='ocrx_word' id='word_1_230' title='bbox 3264 2854 3550 2940; x_wconf 87' lang='lat' dir='ltr'><strong>superio-</strong></span> 
     </span>
     <span class='ocr_line' id='line_1_25' title="bbox 685 2958 3551 3047; baseline 0 -22"><span class='ocrx_word' id='word_1_231' title='bbox 685 2958 862 3039; x_wconf 83' lang='lat' dir='ltr'><strong>ribus</strong></span> <span class='ocrx_word' id='word_1_232' title='bbox 907 2960 1241 3027; x_wconf 85' lang='lat' dir='ltr'><strong>destinare.</strong></span> <span class='ocrx_word' id='word_1_233' title='bbox 1311 2958 1447 3043; x_wconf 87' lang='lat' dir='ltr'><strong>Ego</strong></span> <span class='ocrx_word' id='word_1_234' title='bbox 1496 2981 1642 3028; x_wconf 88' lang='lat' dir='ltr'><strong>vero</strong></span> <span class='ocrx_word' id='word_1_235' title='bbox 1688 2960 2092 3028; x_wconf 86' lang='lat' dir='ltr'><strong>considerans</strong></span> <span class='ocrx_word' id='word_1_236' title='bbox 2136 2962 2514 3047; x_wconf 90' lang='lat' dir='ltr'><strong>peticionem</strong></span> <span class='ocrx_word' id='word_1_237' title='bbox 2558 2966 2624 3027; x_wconf 92' lang='lat' dir='ltr'><strong>et</strong></span> <span class='ocrx_word' id='word_1_238' title='bbox 2664 2960 3144 3045; x_wconf 88' lang='lat' dir='ltr'><strong>requisicionem</strong></span> <span class='ocrx_word' id='word_1_239' title='bbox 3189 2958 3551 3026; x_wconf 88' lang='lat' dir='ltr'><strong>huiusmodi</strong></span> 
     </span>
     <span class='ocr_line' id='line_1_26' title="bbox 686 3064 3549 3154; baseline 0 -23"><span class='ocrx_word' id='word_1_240' title='bbox 686 3064 822 3133; x_wconf 86' lang='lat' dir='ltr'><strong>fore</strong></span> <span class='ocrx_word' id='word_1_241' title='bbox 867 3066 1064 3133; x_wconf 88' lang='lat' dir='ltr'><strong>iustas</strong></span> <span class='ocrx_word' id='word_1_242' title='bbox 1111 3071 1176 3133; x_wconf 89' lang='lat' dir='ltr'><strong>et</strong></span> <span class='ocrx_word' id='word_1_243' title='bbox 1205 3085 1509 3134; x_wconf 85' lang='lat' dir='ltr'><strong>consonas</strong></span> <span class='ocrx_word' id='word_1_244' title='bbox 1538 3066 1778 3133; x_wconf 88' lang='lat' dir='ltr'><strong>racioni</strong></span> <span class='ocrx_word' id='word_1_245' title='bbox 1821 3074 2146 3153; x_wconf 87' lang='lat' dir='ltr'><strong>presentes</strong></span> <span class='ocrx_word' id='word_1_246' title='bbox 2181 3067 2425 3136; x_wconf 87' lang='lat' dir='ltr'><strong>litteras</strong></span> <span class='ocrx_word' id='word_1_247' title='bbox 2457 3066 2665 3134; x_wconf 88' lang='lat' dir='ltr'><strong>debite</strong></span> <span class='ocrx_word' id='word_1_248' title='bbox 2694 3067 2845 3152; x_wconf 85' lang='lat' dir='ltr'><strong>vidi,</strong></span> <span class='ocrx_word' id='word_1_249' title='bbox 2891 3067 3132 3154; x_wconf 80' lang='lat' dir='ltr'><strong>perlegi</strong></span> <span class='ocrx_word' id='word_1_250' title='bbox 3170 3073 3235 3134; x_wconf 87' lang='lat' dir='ltr'><strong>et</strong></span> <span class='ocrx_word' id='word_1_251' title='bbox 3262 3067 3549 3153; x_wconf 78' lang='lat' dir='ltr'><strong>inspexi:</strong></span> 
     </span>
     <span class='ocr_line' id='line_1_27' title="bbox 689 3172 3553 3259; baseline 0 -20"><span class='ocrx_word' id='word_1_252' title='bbox 689 3172 801 3239; x_wconf 89' lang='lat' dir='ltr'><strong>sed</strong></span> <span class='ocrx_word' id='word_1_253' title='bbox 846 3172 994 3258; x_wconf 89' lang='lat' dir='ltr'><strong>quia</strong></span> <span class='ocrx_word' id='word_1_254' title='bbox 1036 3172 1280 3239; x_wconf 88' lang='lat' dir='ltr'><strong>litteras</strong></span> <span class='ocrx_word' id='word_1_255' title='bbox 1327 3173 1684 3241; x_wconf 88' lang='lat' dir='ltr'><strong>huiusmodi</strong></span> <span class='ocrx_word' id='word_1_256' title='bbox 1730 3194 1937 3259; x_wconf 83' lang='lat' dir='ltr'><strong>sanas,</strong></span> <span class='ocrx_word' id='word_1_257' title='bbox 1998 3174 2227 3258; x_wconf 75' lang='lat' dir='ltr'><strong>salvae,</strong></span> <span class='ocrx_word' id='word_1_258' title='bbox 2286 3174 2584 3258; x_wconf 84' lang='lat' dir='ltr'><strong>integras,</strong></span> <span class='ocrx_word' id='word_1_259' title='bbox 2630 3194 2758 3240; x_wconf 92' lang='lat' dir='ltr'><strong>non</strong></span> <span class='ocrx_word' id='word_1_260' title='bbox 2802 3174 3087 3259; x_wconf 75' lang='lat' dir='ltr'><strong>viciatus,</strong></span> <span class='ocrx_word' id='word_1_261' title='bbox 3131 3194 3260 3240; x_wconf 91' lang='lat' dir='ltr'><strong>non</strong></span> <span class='ocrx_word' id='word_1_262' title='bbox 3305 3172 3553 3240; x_wconf 88' lang='lat' dir='ltr'><strong>cancel-</strong></span> 
     </span>
     <span class='ocr_line' id='line_1_28' title="bbox 687 3277 3553 3375; baseline 0.001 -31"><span class='ocrx_word' id='word_1_263' title='bbox 687 3277 870 3363; x_wconf 88' lang='lat' dir='ltr'><strong>latas,</strong></span> <span class='ocrx_word' id='word_1_264' title='bbox 916 3298 1043 3345; x_wconf 91' lang='lat' dir='ltr'><strong>non</strong></span> <span class='ocrx_word' id='word_1_265' title='bbox 1091 3280 1370 3365; x_wconf 83' lang='lat' dir='ltr'><strong>abrasas,</strong></span> <span class='ocrx_word' id='word_1_266' title='bbox 1417 3280 1527 3347; x_wconf 92' lang='lat' dir='ltr'><strong>sed</strong></span> <span class='ocrx_word' id='word_1_267' title='bbox 1573 3280 1746 3347; x_wconf 93' lang='lat' dir='ltr'><strong>omni</strong></span> <span class='ocrx_word' id='word_1_268' title='bbox 1790 3300 2050 3367; x_wconf 88' lang='lat' dir='ltr'><strong>prorsus</strong></span> <span class='ocrx_word' id='word_1_269' title='bbox 2093 3281 2255 3347; x_wconf 90' lang='lat' dir='ltr'><strong>vicio</strong></span> <span class='ocrx_word' id='word_1_270' title='bbox 2286 3285 2366 3375; x_wconf 71' lang='lat' dir='ltr'><strong>⁸et</strong></span> <span class='ocrx_word' id='word_1_271' title='bbox 2410 3280 2766 3367; x_wconf 88' lang='lat' dir='ltr'><strong>suspicione</strong></span> <span class='ocrx_word' id='word_1_272' title='bbox 2805 3286 3089 3347; x_wconf 84' lang='lat' dir='ltr'><strong>carentes</strong></span> <span class='ocrx_word' id='word_1_273' title='bbox 3132 3280 3361 3367; x_wconf 85' lang='lat' dir='ltr'><strong>reperi,</strong></span> <span class='ocrx_word' id='word_1_274' title='bbox 3406 3279 3553 3346; x_wconf 89' lang='lat' dir='ltr'><strong>ideo</strong></span> 
     </span>
     <span class='ocr_line' id='line_1_29' title="bbox 688 3384 3555 3474; baseline 0.001 -23"><span class='ocrx_word' id='word_1_275' title='bbox 688 3384 940 3451; x_wconf 88' lang='lat' dir='ltr'><strong>easdem</strong></span> <span class='ocrx_word' id='word_1_276' title='bbox 995 3391 1140 3471; x_wconf 89' lang='lat' dir='ltr'><strong>post</strong></span> <span class='ocrx_word' id='word_1_277' title='bbox 1181 3386 1544 3471; x_wconf 83' lang='lat' dir='ltr'><strong>diligentem</strong></span> <span class='ocrx_word' id='word_1_278' title='bbox 1592 3386 1999 3454; x_wconf 86' lang='lat' dir='ltr'><strong>collacionem</strong></span> <span class='ocrx_word' id='word_1_279' title='bbox 2040 3387 2275 3455; x_wconf 86' lang='lat' dir='ltr'><strong>factam</strong></span> <span class='ocrx_word' id='word_1_280' title='bbox 2319 3387 2659 3471; x_wconf 84' lang='lat' dir='ltr'><strong>transumi,</strong></span> <span class='ocrx_word' id='word_1_281' title='bbox 2717 3386 3063 3473; x_wconf 86' lang='lat' dir='ltr'><strong>exemplari</strong></span> <span class='ocrx_word' id='word_1_282' title='bbox 3122 3392 3186 3454; x_wconf 91' lang='lat' dir='ltr'><strong>et</strong></span> <span class='ocrx_word' id='word_1_283' title='bbox 3230 3386 3555 3474; x_wconf 84' lang='lat' dir='ltr'><strong>excopiari</strong></span> 
     </span>
     <span class='ocr_line' id='line_1_30' title="bbox 688 3490 3555 3581; baseline 0.001 -24"><span class='ocrx_word' id='word_1_284' title='bbox 688 3492 920 3558; x_wconf 85' lang='lat' dir='ltr'><strong>curavi.</strong></span> <span class='ocrx_word' id='word_1_285' title='bbox 989 3490 1270 3570; x_wconf 85' lang='lat' dir='ltr'><strong>Quarum</strong></span> <span class='ocrx_word' id='word_1_286' title='bbox 1300 3493 1553 3577; x_wconf 90' lang='lat' dir='ltr'><strong>quidem</strong></span> <span class='ocrx_word' id='word_1_287' title='bbox 1597 3493 1953 3561; x_wconf 86' lang='lat' dir='ltr'><strong>litterarum</strong></span> <span class='ocrx_word' id='word_1_288' title='bbox 1987 3494 2470 3581; x_wconf 88' lang='lat' dir='ltr'><strong>apostolicarum</strong></span> <span class='ocrx_word' id='word_1_289' title='bbox 2502 3501 2568 3562; x_wconf 91' lang='lat' dir='ltr'><strong>et</strong></span> <span class='ocrx_word' id='word_1_290' title='bbox 2597 3492 2914 3560; x_wconf 88' lang='lat' dir='ltr'><strong>ducalium</strong></span> <span class='ocrx_word' id='word_1_291' title='bbox 2956 3496 3205 3561; x_wconf 88' lang='lat' dir='ltr'><strong>tenores</strong></span> <span class='ocrx_word' id='word_1_292' title='bbox 3249 3494 3329 3561; x_wconf 89' lang='lat' dir='ltr'><strong>de</strong></span> <span class='ocrx_word' id='word_1_293' title='bbox 3358 3492 3555 3561; x_wconf 87' lang='lat' dir='ltr'><strong>verbo</strong></span> 
     </span>
     <span class='ocr_line' id='line_1_31' title="bbox 689 3596 2381 3687; baseline 0.002 -23"><span class='ocrx_word' id='word_1_294' title='bbox 689 3596 770 3664; x_wconf 87' lang='lat' dir='ltr'><strong>ad</strong></span> <span class='ocrx_word' id='word_1_295' title='bbox 815 3598 1076 3665; x_wconf 88' lang='lat' dir='ltr'><strong>verbum</strong></span> <span class='ocrx_word' id='word_1_296' title='bbox 1121 3606 1418 3666; x_wconf 89' lang='lat' dir='ltr'><strong>secuntur</strong></span> <span class='ocrx_word' id='word_1_297' title='bbox 1461 3606 1527 3667; x_wconf 92' lang='lat' dir='ltr'><strong>et</strong></span> <span class='ocrx_word' id='word_1_298' title='bbox 1569 3604 1718 3667; x_wconf 88' lang='lat' dir='ltr'><strong>sunt</strong></span> <span class='ocrx_word' id='word_1_299' title='bbox 1761 3600 1938 3667; x_wconf 86' lang='lat' dir='ltr'><strong>tales.</strong></span> <span class='ocrx_word' id='word_1_300' title='bbox 2016 3600 2103 3667; x_wconf 91' lang='lat' dir='ltr'><strong>Et</strong></span> <span class='ocrx_word' id='word_1_301' title='bbox 2144 3601 2381 3687; x_wconf 89' lang='lat' dir='ltr'><strong>prime:</strong></span> 
     </span>
     <span class='ocr_line' id='line_1_32' title="bbox 1004 3703 3506 3791; baseline 0.001 -21"><span class='ocrx_word' id='word_1_302' title='bbox 1004 3703 1321 3773; x_wconf 87' lang='lat' dir='ltr'><strong>Honorius</strong></span> <span class='ocrx_word' id='word_1_303' title='bbox 1367 3712 1482 3774; x_wconf 89' lang='lat' dir='ltr'><strong>etc.</strong></span> <span class='ocrx_word' id='word_1_304' title='bbox 1535 3708 1726 3773; x_wconf 89' lang='grc'>1221.</span> <span class='ocrx_word' id='word_1_305' title='bbox 1795 3706 1938 3775; x_wconf 89' lang='lat' dir='ltr'><strong>Non</strong></span> <span class='ocrx_word' id='word_1_306' title='bbox 1984 3708 2121 3774; x_wconf 88' lang='lat' dir='ltr'><strong>sine</strong></span> <span class='ocrx_word' id='word_1_307' title='bbox 2164 3708 2343 3791; x_wconf 84' lang='lat' dir='ltr'><strong>gravi</strong></span> <span class='ocrx_word' id='word_1_308' title='bbox 2390 3712 2504 3775; x_wconf 87' lang='lat' dir='ltr'><strong>etc.</strong></span> <span class='ocrx_word' id='word_1_309' title='bbox 2554 3705 2633 3773; x_wconf 89' lang='lat' dir='ltr'><strong>de</strong></span> <span class='ocrx_word' id='word_1_310' title='bbox 2682 3706 2848 3773; x_wconf 83' lang='lat'>1221</span> <span class='ocrx_word' id='word_1_311' title='bbox 2896 3706 3022 3773; x_wconf 89' lang='lat' dir='ltr'><strong>ian.</strong></span> <span class='ocrx_word' id='word_1_312' title='bbox 3058 3706 3145 3774; x_wconf 93' lang='grc'><strong>20</strong></span> <span class='ocrx_word' id='word_1_313' title='bbox 3187 3705 3506 3775; x_wconf 86' lang='lat' dir='ltr'><strong>Laterani.</strong></span> 
     </span>
     <span class='ocr_line' id='line_1_33' title="bbox 685 3810 1190 3880; baseline 0 -2"><span class='ocrx_word' id='word_1_314' title='bbox 685 3810 844 3880; x_wconf 89' lang='lat' dir='ltr'><strong>Item</strong></span> <span class='ocrx_word' id='word_1_315' title='bbox 889 3811 1190 3879; x_wconf 87' lang='lat' dir='ltr'><strong>secunde:</strong></span> 
     </span>
     <span class='ocr_line' id='line_1_34' title="bbox 673 3915 3260 3989; baseline 0.002 -5"><span class='ocrx_word' id='word_1_316' title='bbox 673 3920 686 3929; x_wconf 84' lang='lat'><strong><em>‘</em></strong></span> <span class='ocrx_word' id='word_1_317' title='bbox 1004 3916 1323 3987; x_wconf 89' lang='lat' dir='ltr'><strong>Honorius</strong></span> <span class='ocrx_word' id='word_1_318' title='bbox 1367 3924 1484 3987; x_wconf 91' lang='lat' dir='ltr'><strong>etc.</strong></span> <span class='ocrx_word' id='word_1_319' title='bbox 1555 3918 1714 3985; x_wconf 86' lang='lat' dir='ltr'><strong>Cum</strong></span> <span class='ocrx_word' id='word_1_320' title='bbox 1759 3918 2005 3987; x_wconf 85' lang='lat' dir='ltr'><strong>dilectis</strong></span> <span class='ocrx_word' id='word_1_321' title='bbox 2051 3924 2169 3987; x_wconf 88' lang='lat' dir='ltr'><strong>etc.</strong></span> <span class='ocrx_word' id='word_1_322' title='bbox 2216 3918 2295 3986; x_wconf 90' lang='lat' dir='ltr'><strong>de</strong></span> <span class='ocrx_word' id='word_1_323' title='bbox 2345 3920 2517 3985; x_wconf 86' lang='grc'>1223</span> <span class='ocrx_word' id='word_1_324' title='bbox 2564 3919 2688 3985; x_wconf 90' lang='lat' dir='ltr'><strong>ian.</strong></span> <span class='ocrx_word' id='word_1_325' title='bbox 2728 3919 2810 3985; x_wconf 89' lang='lat'><strong>13</strong></span> <span class='ocrx_word' id='word_1_326' title='bbox 2854 3915 3171 3985; x_wconf 87' lang='lat' dir='ltr'><strong>Laterani.</strong></span> <span class='ocrx_word' id='word_1_327' title='bbox 3254 3983 3260 3989; x_wconf 86' lang='lat'>.</span> 
     </span>
     <span class='ocr_line' id='line_1_35' title="bbox 688 4024 2689 4092; baseline -0 -1"><span class='ocrx_word' id='word_1_328' title='bbox 688 4024 848 4092; x_wconf 87' lang='lat' dir='ltr'><strong>Item</strong></span> <span class='ocrx_word' id='word_1_329' title='bbox 891 4025 1115 4091; x_wconf 87' lang='lat' dir='ltr'><strong>tercie:</strong></span> <span class='ocrx_word' id='word_1_330' title='bbox 2686 4027 2689 4030; x_wconf 83' lang='grc'><strong>’</strong></span> 
     </span>
     <span class='ocr_line' id='line_1_36' title="bbox 1007 4128 3299 4216; baseline 0 -19"><span class='ocrx_word' id='word_1_331' title='bbox 1007 4130 1413 4201; x_wconf 86' lang='lat' dir='ltr'><strong>Innocencius</strong></span> <span class='ocrx_word' id='word_1_332' title='bbox 1459 4137 1574 4199; x_wconf 89' lang='lat' dir='ltr'><strong>etc.</strong></span> <span class='ocrx_word' id='word_1_333' title='bbox 1647 4128 1808 4199; x_wconf 85' lang='lat' dir='ltr'><strong>Cum</strong></span> <span class='ocrx_word' id='word_1_334' title='bbox 1853 4128 2099 4198; x_wconf 86' lang='lat' dir='ltr'><strong>dilectis</strong></span> <span class='ocrx_word' id='word_1_335' title='bbox 2145 4137 2260 4198; x_wconf 90' lang='lat' dir='ltr'><strong>etc.</strong></span> <span class='ocrx_word' id='word_1_336' title='bbox 2310 4130 2389 4199; x_wconf 90' lang='lat' dir='ltr'><strong>de</strong></span> <span class='ocrx_word' id='word_1_337' title='bbox 2437 4130 2609 4198; x_wconf 85' lang='lat'>1245</span> <span class='ocrx_word' id='word_1_338' title='bbox 2655 4130 2813 4198; x_wconf 89' lang='lat' dir='ltr'><strong>iunii</strong></span> <span class='ocrx_word' id='word_1_339' title='bbox 2860 4132 2945 4199; x_wconf 88' lang='grc'><strong>23</strong></span> <span class='ocrx_word' id='word_1_340' title='bbox 2990 4130 3299 4216; x_wconf 82' lang='lat' dir='ltr'><strong>Lugduni.</strong></span> 
     </span>
     <span class='ocr_line' id='line_1_37' title="bbox 688 4236 1144 4323; baseline 0 -20"><span class='ocrx_word' id='word_1_341' title='bbox 688 4236 847 4304; x_wconf 89' lang='lat' dir='ltr'><strong>Item</strong></span> <span class='ocrx_word' id='word_1_342' title='bbox 893 4242 1144 4323; x_wconf 86' lang='lat' dir='ltr'><strong>quarte:</strong></span> 
     </span>
     <span class='ocr_line' id='line_1_38' title="bbox 1008 4342 3241 4429; baseline 0 -20"><span class='ocrx_word' id='word_1_343' title='bbox 1008 4342 1347 4428; x_wconf 82' lang='lat' dir='ltr'><strong>Gregorius</strong></span> <span class='ocrx_word' id='word_1_344' title='bbox 1393 4348 1509 4411; x_wconf 89' lang='lat' dir='ltr'><strong>etc.</strong></span> <span class='ocrx_word' id='word_1_345' title='bbox 1577 4343 1728 4411; x_wconf 85' lang='lat' dir='ltr'><strong>Paci</strong></span> <span class='ocrx_word' id='word_1_346' title='bbox 1774 4348 1839 4411; x_wconf 91' lang='lat' dir='ltr'><strong>et</strong></span> <span class='ocrx_word' id='word_1_347' title='bbox 1884 4344 2080 4429; x_wconf 89' lang='lat' dir='ltr'><strong>quieti</strong></span> <span class='ocrx_word' id='word_1_348' title='bbox 2125 4346 2240 4410; x_wconf 83' lang='lat' dir='ltr'><strong>etc.</strong></span> <span class='ocrx_word' id='word_1_349' title='bbox 2290 4342 2369 4411; x_wconf 90' lang='lat' dir='ltr'><strong>de</strong></span> <span class='ocrx_word' id='word_1_350' title='bbox 2418 4344 2584 4411; x_wconf 84' lang='grc'>1227</span> <span class='ocrx_word' id='word_1_351' title='bbox 2636 4364 2776 4429; x_wconf 84' lang='lat' dir='ltr'><strong>aug.</strong></span> <span class='ocrx_word' id='word_1_352' title='bbox 2806 4346 2883 4411; x_wconf 93' lang='grc'><strong>11</strong></span> <span class='ocrx_word' id='word_1_353' title='bbox 2932 4344 3241 4428; x_wconf 82' lang='lat' dir='ltr'><strong>Anagnie.</strong></span> 
     </span>
     <span class='ocr_line' id='line_1_39' title="bbox 688 4448 1139 4535; baseline 0.004 -20"><span class='ocrx_word' id='word_1_354' title='bbox 688 4448 848 4517; x_wconf 92' lang='lat' dir='ltr'><strong>Item</strong></span> <span class='ocrx_word' id='word_1_355' title='bbox 893 4448 1139 4535; x_wconf 87' lang='lat' dir='ltr'><strong>quinte:</strong></span> 
     </span>
     <span class='ocr_line' id='line_1_40' title="bbox 1008 4555 3548 4625; baseline -0 -3"><span class='ocrx_word' id='word_1_356' title='bbox 1008 4555 1370 4624; x_wconf 86' lang='lat' dir='ltr'><strong>Alexander</strong></span> <span class='ocrx_word' id='word_1_357' title='bbox 1399 4561 1516 4623; x_wconf 91' lang='lat' dir='ltr'><strong>etc.</strong></span> <span class='ocrx_word' id='word_1_358' title='bbox 1588 4556 1907 4625; x_wconf 83' lang='lat' dir='ltr'><strong>Canonica</strong></span> <span class='ocrx_word' id='word_1_359' title='bbox 1936 4556 2389 4624; x_wconf 87' lang='lat' dir='ltr'><strong>constitucione</strong></span> <span class='ocrx_word' id='word_1_360' title='bbox 2421 4560 2539 4623; x_wconf 89' lang='lat' dir='ltr'><strong>etc.</strong></span> <span class='ocrx_word' id='word_1_361' title='bbox 2572 4556 2651 4623; x_wconf 90' lang='lat' dir='ltr'><strong>de</strong></span> <span class='ocrx_word' id='word_1_362' title='bbox 2687 4556 2850 4623; x_wconf 86' lang='grc'>1261</span> <span class='ocrx_word' id='word_1_363' title='bbox 2900 4562 3086 4623; x_wconf 89' lang='lat' dir='ltr'><strong>mart.</strong></span> <span class='ocrx_word' id='word_1_364' title='bbox 3112 4556 3199 4623; x_wconf 89' lang='grc'>28</span> <span class='ocrx_word' id='word_1_365' title='bbox 3229 4555 3548 4623; x_wconf 87' lang='lat' dir='ltr'><strong>Laterani.</strong></span> 
     </span>
     <span class='ocr_line' id='line_1_41' title="bbox 687 4661 1100 4731; baseline 0 -2"><span class='ocrx_word' id='word_1_366' title='bbox 687 4661 849 4731; x_wconf 90' lang='lat' dir='ltr'><strong>Item</strong></span> <span class='ocrx_word' id='word_1_367' title='bbox 893 4667 1100 4730; x_wconf 85' lang='lat' dir='ltr'><strong>sexte:</strong></span> 
     </span>
     <span class='ocr_line' id='line_1_42' title="bbox 1009 4766 3553 4856; baseline 0.001 -22"><span class='ocrx_word' id='word_1_368' title='bbox 1009 4768 1056 4835; x_wconf 92' lang='grc' dir='ltr'><strong>Ι.</strong></span> <span class='ocrx_word' id='word_1_369' title='bbox 1087 4789 1150 4834; x_wconf 90' lang='lat' dir='ltr'><strong>n.</strong></span> <span class='ocrx_word' id='word_1_370' title='bbox 1185 4788 1234 4846; x_wconf 85' lang='lat' dir='ltr'><strong>s.</strong></span> <span class='ocrx_word' id='word_1_371' title='bbox 1268 4789 1322 4835; x_wconf 88' lang='lat' dir='ltr'><strong>e.</strong></span> <span class='ocrx_word' id='word_1_372' title='bbox 1355 4768 1396 4834; x_wconf 91' lang='lat' dir='ltr'><strong>i.</strong></span> <span class='ocrx_word' id='word_1_373' title='bbox 1431 4773 1475 4834; x_wconf 89' lang='lat' dir='ltr'><strong>t.</strong></span> <span class='ocrx_word' id='word_1_374' title='bbox 1513 4786 1567 4833; x_wconf 85' lang='lat' dir='ltr'><strong>a.</strong></span> <span class='ocrx_word' id='word_1_375' title='bbox 1614 4766 1918 4855; x_wconf 86' lang='lat' dir='ltr'><strong>Rudolfus</strong></span> <span class='ocrx_word' id='word_1_376' title='bbox 1952 4776 2212 4855; x_wconf 90' lang='lat' dir='ltr'><strong>quartus</strong></span> <span class='ocrx_word' id='word_1_377' title='bbox 2245 4768 2346 4836; x_wconf 88' lang='lat' dir='ltr'><strong>dei</strong></span> <span class='ocrx_word' id='word_1_378' title='bbox 2374 4769 2589 4853; x_wconf 85' lang='lat' dir='ltr'><strong>gracia</strong></span> <span class='ocrx_word' id='word_1_379' title='bbox 2617 4769 2935 4856; x_wconf 86' lang='lat' dir='ltr'><strong>palatinus</strong></span> <span class='ocrx_word' id='word_1_380' title='bbox 2968 4766 3271 4836; x_wconf 86' lang='lat' dir='ltr'><strong>archidux</strong></span> <span class='ocrx_word' id='word_1_381' title='bbox 3289 4769 3553 4837; x_wconf 88' lang='lat' dir='ltr'><strong>Austrie</strong></span> 
     </span>
     <span class='ocr_line' id='line_1_43' title="bbox 1010 4872 2625 4962; baseline 0.001 -21"><span class='ocrx_word' id='word_1_382' title='bbox 1010 4879 1127 4941; x_wconf 88' lang='lat' dir='ltr'><strong>cet.</strong></span> <span class='ocrx_word' id='word_1_383' title='bbox 1177 4874 1256 4942; x_wconf 82' lang='lat' dir='ltr'><strong>d&#39;e</strong></span> <span class='ocrx_word' id='word_1_384' title='bbox 1305 4874 1478 4939; x_wconf 80' lang='lat'>1360</span> <span class='ocrx_word' id='word_1_385' title='bbox 1520 4874 1675 4941; x_wconf 85' lang='lat' dir='ltr'><strong>febr.</strong></span> <span class='ocrx_word' id='word_1_386' title='bbox 1713 4877 1798 4941; x_wconf 90' lang='lat'><strong>10</strong></span> <span class='ocrx_word' id='word_1_387' title='bbox 1843 4872 2042 4943; x_wconf 88' lang='lat' dir='ltr'><strong>Grecz</strong></span> <span class='ocrx_word' id='word_1_388' title='bbox 2091 4875 2313 4962; x_wconf 90' lang='lat' dir='ltr'><strong>(supra</strong></span> <span class='ocrx_word' id='word_1_389' title='bbox 2353 4897 2416 4942; x_wconf 91' lang='lat' dir='ltr'><strong>n.</strong></span> <span class='ocrx_word' id='word_1_390' title='bbox 2454 4876 2625 4955; x_wconf 88' lang='grc'><strong>189).</strong></span> 
     </span>
     <span class='ocr_line' id='line_1_44' title="bbox 1113 4978 3551 5069; baseline 0 -22"><span class='ocrx_word' id='word_1_391' title='bbox 1113 4980 1320 5047; x_wconf 89' lang='lat' dir='ltr'><strong>Intus:</strong></span> <span class='ocrx_word' id='word_1_392' title='bbox 1366 4978 1724 5049; x_wconf 88' lang='lat' dir='ltr'><strong>Fridericus</strong></span> <span class='ocrx_word' id='word_1_393' title='bbox 1771 4982 1898 5049; x_wconf 88' lang='lat' dir='ltr'><strong>dux</strong></span> <span class='ocrx_word' id='word_1_394' title='bbox 1928 4982 2190 5050; x_wconf 88' lang='lat' dir='ltr'><strong>Austrie</strong></span> <span class='ocrx_word' id='word_1_395' title='bbox 2236 4982 2315 5050; x_wconf 90' lang='lat' dir='ltr'><strong>de</strong></span> <span class='ocrx_word' id='word_1_396' title='bbox 2348 4984 2519 5049; x_wconf 84' lang='lat'>1233</span> <span class='ocrx_word' id='word_1_397' title='bbox 2566 4987 2686 5050; x_wconf 89' lang='lat' dir='ltr'><strong>oct.</strong></span> <span class='ocrx_word' id='word_1_398' title='bbox 2714 4982 2800 5049; x_wconf 88' lang='grc'><strong>28</strong></span> <span class='ocrx_word' id='word_1_399' title='bbox 2830 4982 3119 5069; x_wconf 89' lang='lat' dir='ltr'><strong>Erpurch</strong></span> <span class='ocrx_word' id='word_1_400' title='bbox 3166 4982 3241 5063; x_wconf 85' lang='lat' dir='ltr'><strong>(s.</strong></span> <span class='ocrx_word' id='word_1_401' title='bbox 3272 5002 3335 5049; x_wconf 91' lang='lat' dir='ltr'><strong>n.</strong></span> <span class='ocrx_word' id='word_1_402' title='bbox 3374 4982 3551 5064; x_wconf 84' lang='grc'><strong>178).</strong></span> 
     </span>
    </p>
   </div>
  </div>
 </body>
</html>
