3892 5609
1349 373 1736 421 vamnen
1781 372 2170 421 emensus
3032 358 3127 431 38
3141 358 3180 428 7

335 528 720 581 lerosolimitani
755 537 807 579 et
840 530 1158 596 episcopatus
1183 530 1506 591 Acmonensis,
1543 540 1595 581 et
1621 530 1847 582 Gailardi
1881 528 2304 581 Bethlehemitani
2338 527 2561 595 episcopi
2604 546 2697 595 per
2730 527 3005 580 Iohannem
3038 527 3187 579 cleri·-

338 632 450 667 cum
474 616 818 669 Acconensem
853 618 902 667 d.
923 617 972 669 d.
999 620 1169 669 Accon
1199 616 1332 668 1277
1369 626 1465 669 oct.
1492 619 1554 671 19
1591 636 1702 670 cum
1738 619 1912 685 sigillis
1928 637 1944 679 ς
1984 617 2327 684 apographum
2363 618 2650 669 transsumti
2686 616 2748 668 R.
2768 617 2835 667 35
2872 617 3002 667 inter
3025 616 3187 667 Ellin·

338 706 518 772 gensia
551 704 712 757 n.'18.
777 707 842 759 R.
867 706 936 757 56
983 707 1113 757 inter
1148 707 1538 774 Ratisponensia
1575 708 1608 759 9
1619 726 1634 768 ς
1686 706 1745 758 A.
1775 706 1840 758 16
1888 725 1938 773 p.
1965 704 2029 759 71
2076 705 2360 771 „Colonie“.
2424 706 2501 756 Ex
2549 705 2777 771 originali
2812 705 3191 757 vindobonensi

340 795 592 861 quondam
617 794 988 858 Confluentino,
1025 812 1136 846 cum
1170 794 1310 847 bulla
1343 795 1395 846 in
1429 796 1528 847 filis
1561 796 1852 847 cannabinis
1887 812 2115 862 appensa
2150 794 2230 846 ed.
2255 794 2462 845 Hennes
2486 794 2535 857 Ι,
2565 795 2669 846 154
2702 814 2751 846 n.
2782 794 2883 845 166
2918 794 3191 860 (canonica

337 884 690 951 institutione).
722 912 784 921 —
823 884 946 935 Cum
982 883 1126 936 dato:
1165 884 1376 936 viterbii
1410 884 1444 935 ὃ
1469 884 1538 936 id.
1563 884 1685 935 iunii
1718 902 1772 950 p.
1796 902 1846 937 ιι.
1871 902 1918 935 a.
1941 884 1993 935 3.
2040 884 2103 935 A.
2130 883 2197 935 16
2232 900 2281 949 p.
2306 882 2379 933 44
2412 883 2662 947 „Baru1i“;
2698 884 2761 934 cf.
2785 902 2835 935 ιι.
2858 883 2963 935 547
2976 902 2991 945 3
3027 884 3100 935 ita
3135 892 3191 934 ut

339 972 523 1023 erroris
557 972 898 1039 praesumptio
933 990 1035 1025 non
1069 973 1136 1025 sit
1159 972 1376 1025 exclusa.
1403 1002 1467 1011 —
1507 974 1630 1025 Cum
1658 973 1803 1025 dato:
1841 972 2055 1025 Viterbii
2078 973 2111 1023 6
2136 972 2248 1024 idus
2271 972 2471 1038 augusti
2504 990 2553 1038 p.
2578 989 2630 1023 n.
2656 990 2701 1023 a.
2721 972 2773 1023 3.
2809 972 3051 1039 originale
3080 988 3191 1023 cum

339 1059 478 1111 bulla
513 1060 564 1111 in
599 1060 696 1112 filis
725 1061 1016 1112 cannabinis
1041 1078 1266 1128 appensa
1301 1062 1356 1112 in
1391 1062 1591 1113 archivo
1627 1061 1814 1113 ordinis
1840 1061 2133 1113 rl'heutonici
2152 1060 2530 1112 vindobonensi
2562 1060 2853 1127 inscriptum
2893 1072 3188 1128 „precepto-

337 1150 477 1201 ribus
521 1157 574 1200 et
615 1148 850 1201 fratribus
885 1149 936 1200 h.
964 1167 1004 1202 s.
1028 1149 1098 1200 M.
1125 1151 1248 1201 'rw‘
1306 1150 1396 1213 IV,
1422 1150 1525 1201 209
1564 1168 1611 1202 ιι.
1637 1150 1700 1212 6;
1744 1151 1806 1202 A.
1837 1150 1901 1201 16
1946 1168 1997 1217 Ρ.
2024 1149 2093 1200 66
2128 1158 2181 1201 et
2214 1150 2277 1200 R..
2308 1149 2406 1200 123
2454 1150 2583 1200 inter
2617 1149 3000 1215 Marburgensia
3040 1166 3188 1215 „pre-

341 1238 624 1304 ceptoribus
669 1246 720 1289 et
761 1236 998 1289 fratribus
1043 1238 1094 1289 h.
1129 1257 1169 1289 s.
1203 1238 1274 1290 M.
1314 1238 1407 1290 Th.
1445 1248 1704 1306 presentes
1753 1239 1945 1291 litteras
1990 1238 2338 1305 inspecturis“.
2370 1266 2431 1275 —-
2476 1238 2741 1303 „Colonie“
2794 1238 3105 1305 „preceptori
3140 1246 3193 1289 et

339 1325 606 1378 fiatribus“
649 1327 711 1377 A.
743 1326 808 1378 16
851 1344 900 1393 Ρ.
927 1325 1012 1378 73.
1071 1328 1515 1393 „Praeceptoribus
1562 1336 1615 1379 et
1659 1328 1894 1379 fratribus
1932 1328 2119 1379 ordinis
2154 1326 2449 1378 Theutonici
2495 1328 2547 1379 in
2582 1327 2909 1379 Alemannia“
2951 1326 3192 1392 originale

341 1431 455 1465 cum
489 1415 626 1466 bulla
669 1416 720 1467 in
755 1414 852 1467 filis
889 1416 1182 1467 cannabinis
1217 1432 1446 1483 appensa
1481 1416 1730 1481 quondam
1763 1416 2150 1483 Mergenthemi,
2186 1432 2319 1467 nunc
2332 1416 2405 1466 ·in
2442 1416 2642 1468 archivo
2676 1416 2864 1469 ordinis
2900 1414 3195 1467 Theutonici

341 1503 722 1557 Vindobonensi
761 1512 940 1557 exstat.
975 1535 1034 1543 -
1077 1505 1198 1557 cum
1234 1505 1379 1556 dato:
1425 1505 1661 1557 Laterani
1695 1505 1728 1557 5
1765 1506 1866 1557 kal.
1902 1506 2073 1572 aprilis
2108 1523 2160 1572 Ρ.
2186 1523 2237 1555 ιι.
2272 1524 2318 1555 a.
2345 1505 2395 1556 7.
2432 1522 2495 1557 ex
2530 1504 2761 1573 originali
2796 1504 3041 1555 Gracensi
3077 1502 3192 1566 vn,

342 1592 465 1645 368.
500 1622 561 1631 -
610 1594 734 1645 Cum
768 1593 912 1645 datm
959 1594 1195 1645 Laterani
1229 1610 1346 1645 non.
1372 1593 1544 1661 aprilis
1580 1612 1629 1661 p.
1655 1612 1703 1645 n.
1729 1613 1776 1645 a.
1804 1593 1853 1646 7.
1900 1593 1964 1645 A.
1996 1594 2060 1646 16
2097 1612 2147 1661 Ρ.
2172 1594 2242 1643 24
2266 1611 2341 1659 sq.

349 1813 524 1884 559.
566 1818 743 1884 1257
786 1819 935 1884 iulii
973 1819 1057 1884 11
1120 1817 1394 1884 Viterbii.
1465 1819 1828 1884 Alexander
1858 1818 1903 1883 I
1909 1819 1971 1884 V
2004 1822 2225 1905 repetit
2266 1841 2329 1883 n.
2362 1818 2495 1884 539
2538 1820 2615 1883 de
2660 1819 2839 1885 1257
2882 1823 3043 1885 maii
3080 1820 3147 1885 3.

564 1958 926 2026 Alexander
979 1963 1094 2026 etc.
1149 1948 1617 2046 preceptoribus
1675 1965 1740 2027 et
1793 1960 2093 2026 fratribus
2149 1960 2457 2027 universis
2510 1958 2839 2044 hospitalis
2896 1980 2945 2025 s.
2993 1959 3196 2027 Marie

343 2065 871 2133 Theutonicorum
925 2068 994 2133 in
1037 2064 1294 2133 Pruscie
1348 2067 1632 2154 partibus
1684 2068 2039 2133 constitutis
2086 2072 2201 2133 etc.
2425 2065 2521 2133 De
2564 2067 2810 2134 fervore
2855 2072 2971 2133 etc.
3065 2066 3193 2133 Da-

340 2178 478 2240 tum
511 2173 778 2240 Viterbii
820 2196 861 2239 v
906 2174 1046 2241 idus
1090 2174 1228 2240 iulii
1272 2172 1670 2260 pontificatus
1714 2174 1916 2241 nostri
1963 2194 2125 2241 anno
2170 2174 2378 2241 tertio.

349 2422 527 2493 560.
566 2425 747 2491 1257
790 2426 939 2491 iulii
974 2424 1066 2491 28
1129 2425 1390 2491 Viterbii
1444 2422 1558 2509 (cf.
1603 2448 1746 2510 any.
1781 2426 1842 2488 2.
1884 2424 2003 2503 9.).
2087 2423 2451 2489 Alexander
2496 2423 2603 2488 IV
2650 2426 2929 2489 concedit
2984 2426 3199 2489 ordini

573 2530 972 2613 Theutonico,
1018 2545 1089 2597 ut
1133 2532 1386 2597 clericos
1431 2546 1488 2597 et
1531 2532 1724 2597 laicos
1770 2535 1980 2597 statim
2022 2553 2141 2617 pro
2168 2530 2491 2617 fratribus
2535 2533 2846 2618 recipiant
2854 2556 2875 2609 ‚·
2919 2546 3195 2619 receptos

565 2642 831 2705 invitum
875 2640 1150 2704 deserere
1192 2652 1372 2705 vetat.

567 2771 930 2838 Alexander
973 2772 1301 2858 episcopus
1359 2790 1576 2838 servus
1623 2792 1946 2838 servorum
1992 2772 2093 2837 dei
2139 2770 2383 2837 dilectis
2425 2770 2573 2837 filiis
2618 2772 3089 2858 preceptoribus
3136 2776 3201 2837 et

343 2878 645 2947 fratribus
675 2879 985 2945 universis
1017 2877 1344 2965 hospitalis
1377 2900 1426 2945 s,
1443 2878 1642 2945 Marie
1665 2878 2187 2945 Theutonicorum
2211 2884 2533 2966 presentes
2556 2878 2798 2944 litteras
2822 2880 3197 2965 inspecturis

347 2987 614 3054 salutem
671 2992 734 3053 et
779 2985 1185 3072 apostolicam
1236 2987 1750 3053 benedictionem.
2061 2985 2183 3051 Pro
2231 2986 2666 3070 consequenda
2706 2983 2908 3069 gloria
2952 2986 3198 3053 celestis

345 3095 584 3181 patrie,
631 3114 750 3179 que
793 3091 1080 3159 fidelibus
1125 3093 1434 3161 universis
1480 3092 1846 3160 vacantibus
1893 3093 2242 3161 innocentis
2288 3094 2415 3161 vite
2459 3093 2665 3159 studio
2712 3114 2752 3159 a
2796 3094 3011 3160 divina
3050 3114 3198 3180 pro-

346 3202 522 3268 venit
563 3202 817 3286 pietate,
862 3220 978 3265 nos
1023 3205 1154 3267 toto
1199 3201 1404 3267 cordis
1450 3199 1674 3267 affectu
1721 3200 1800 3265 ad
1843 3200 1961 3266 hoc
2005 3220 2250 3286 semper
2282 3200 2682 3282 intendimus,
2728 3206 2800 3266 ut
2844 3202 3198 3267 animarum

347 3307 612 3375 salutem
673 3309 740 3373 in
797 3306 1083 3374 omnibus
1139 3310 1204 3373 et
1256 3326 1371 3393 per
1428 3307 1640 3373 omnia
1695 3326 2119 3393 procuremus.
2214 3306 2379 3373 Sane
2433 3305 2717 3372 nonnulli
2774 3328 2854 3373 ex
2897 3308 3195 3375 fratribus

346 3415 543 3481 vestri
597 3414 833 3480 ordinis
887 3416 954 3480 in
1011 3420 1184 3481 terra
1240 3420 1459 3480 sancta
1513 3418 1576 3479 et
1619 3412 1878 3479 Livonie
1932 3434 2007 3481 ac
2050 3414 2305 3481 Pruscie
2350 3414 2633 3501 partibus
2677 3435 2793 3501 pro
2840 3414 3197 3482 defensione

346 3520 648 3589 catholice
691 3520 837 3587 fidei
866 3522 1154 3588 manibus
1183 3520 1552 3604 infidelium,
1598 3526 1785 3605 prout
1816 3522 2190 3609 accepimus,
2238 3521 2571 3589 crudeliter
2601 3526 2748 3587 sunt
2778 3521 2985 3606 occisi,
3032 3521 3197 3589 unde

347 3627 437 3713 fit,
485 3629 651 3714 quod
694 3628 862 3695 idem
907 3628 1058 3696 ordo
1103 3629 1446 3715 plurimum
1491 3626 1770 3711 indigere
1815 3628 2179 3713 dinoscitur,
2227 3634 2299 3695 ut
2342 3630 2420 3695 de
2462 3628 2725 3696 novellis
2768 3629 3068 3697 fratribus
3099 3649 3197 3696 re—

348 3741 666 3803 stauretur
711 3742 776 3803 et
828 3756 942 3822 per
987 3754 1368 3819 consequens
1415 3735 1482 3801 in
1527 3733 1820 3819 obsequio
1865 3736 2148 3802 crucifixi
2194 3737 2279 3802 sit
2322 3756 2395 3802 eo
2439 3736 2773 3818 robustior,
2820 3757 2942 3822 quo
2987 3736 3197 3822 plures

347 3842 638 3910 habuerit
692 3843 775 3909 ad
819 3862 1095 3929 pugnam
1137 3842 1392 3909 idoneos
1441 3847 1504 3908 et
1549 3841 1630 3907 ad
1673 3842 2057 3929 triumphale
2098 3843 2384 3909 bravium
2432 3842 2774 3928 expeditos
2852 3842 2975 3909 Pro
3020 3847 3199 3909 tanta

349 3948 660 4035 siquidem
715 3950 1107 4015 necessitatis
1165 3969 1238 4016 ac
1293 3949 1583 4015 utilitatis
1642 3950 1957 4016 evidentia
2004 3954 2065 4015 et
2110 3948 2370 4015 obtentu
2415 3950 2605 4016 etiam
2650 3950 2862 4015 dilecti
2908 3948 3021 4013 filii
3065 3969 3197 4014 ma-

347 4058 532 4141 gistri
577 4056 825 4123 Ioannis
885 4056 962 4122 de
1008 4055 1253 4143 Capua,
1309 4056 1537 4121 notarii
1582 4058 1816 4141 nostri,
1874 4056 1981 4141 qui
2028 4056 2269 4122 devotis
2312 4058 2672 4142 frequenter
2716 4054 3015 4142 implorat
3057 4076 3199 4143 pre-

347 4164 556 4249 cibu8‚
614 4170 684 4231 ut
742 4163 1026 4231 ordinem
1077 4165 1288 4249 ipsum
1345 4162 1683 4249 apostolice
1739 4163 2141 4247 benignitatis
2198 4164 2405 4248 gratia
2456 4164 2686 4249 iugiter
2729 4163 3199 4249 perfundamuS,

350 4271 746 4338 universitati
803 4277 1008 4338 vestre
1065 4270 1432 4337 auctoritate
1488 4270 1874 4356 presentium
1929 4270 2008 4337 de
2065 4270 2322 4357 speciali
2379 4272 2585 4355 gratia
2648 4270 3073 4355 indulgemus,
3128 4276 3201 4336 ut

350 4378 608 4445 clericos
653 4398 765 4445 seu
807 4378 1000 4445 laicos
1044 4378 1274 4444 liberos
1319 4384 1386 4443 et
1430 4376 1764 4459 absolutos,
1811 4376 1919 4461 qui
1964 4377 2185 4444 relicta
2214 4379 2491 4444 vanitate
2536 4376 2729 4443 seculi
2769 4382 2976 4444 vestro
3022 4396 3200 4443 sacro

351 4485 611 4569 collegio
659 4486 1018 4552 desiderant
1061 4485 1388 4570 aggregari
1434 4489 1499 4551 et
1539 4488 1800 4571 propter
1827 4484 2178 4550 devotionis
2224 4504 2333 4550 sue
2377 4484 2687 4551 fervorem
2734 4489 2958 4569 petunt
2998 4483 3201 4549 humi·-

350 4592 498 4659 liter
542 4612 615 4659 ac
656 4592 965 4659 instanter
1011 4614 1050 4659 a
1094 4592 1268 4659 vobis
1313 4591 1528 4657 statim
1572 4589 1768 4678 recipi
1814 4596 1878 4656 et
1921 4591 2058 4657 sine
2103 4590 2399 4658 dilatione
2428 4596 2708 4657 vestrum
2751 4590 3035 4657 habitum
3082 4590 3202 4657 sibi

353 4700 510 4785 dari,
554 4698 770 4784 libere,
815 4704 1004 4786 prout
1047 4700 1112 4766 in
1157 4699 1374 4765 eodem
1421 4699 1640 4765 ordine
1670 4702 1878 4763 vestro
1921 4698 2043 4763 fuit
2084 4698 2384 4763 hactenus
2416 4699 2832 4781 observatum,
2878 4698 2946 4762 in
2974 4697 3201 4762 fratres

352 4808 632 4894 recipere
673 4806 956 4874 valeatis.
1030 4805 1377 4873 Statuimus
1423 4806 1632 4891 etiam,
1681 4805 1844 4890 quod
1889 4804 2017 4887 illi,
2072 4805 2181 4889 qui
2226 4810 2371 4891 post
2412 4805 2645 4871 factam
2688 4805 2756 4870 in
2800 4804 3019 4869 ordine
3060 4804 3199 4889 ipso

351 4915 806 5003 professionem
851 4919 1324 5001 assumpserunt
1353 4917 1557 4981 vestre
1601 4912 1920 4997 religionis
1965 4912 2247 4979 habitum
2277 4911 2381 4979 vel
2424 4912 2881 4999 assumpserint
2922 4912 2991 4977 in
3032 4911 3203 4977 futu-

353 5044 492 5091 rum
505 5072 526 5108 ,
581 5021 938 5091 revertendi
991 5021 1074 5088 ad
1127 5020 1404 5089 seculum
1455 5024 1749 5108 pretextu
1794 5020 2057 5087 alicuius
2100 5020 2565 5087 constitutionis
2610 5019 2921 5087 contrarie
2962 5018 3203 5086 nullam

2659 5132 2779 5190 25*
