3892 5609
677 320 830 391 200
1654 332 1959 380 Pnussm.
2028 331 2217 379 nou
2261 332 2582 381 mnonu

897 489 968 555 In
1015 490 1282 557 eundem
1327 490 1583 557 modum
1630 491 1866 558 eisdem
1895 490 2522 560 wratislaviensibus
2580 513 2694 579 per
2730 489 3279 559 wratislavienses
3324 494 3557 560 civita-

675 602 808 667 tem
856 604 920 665 et
963 598 1284 665 diocesim.

897 703 970 771 In
1025 704 1291 773 eundem
1352 704 1609 772 modum
1665 704 1904 772 eisdem
1959 706 2038 773 de
2082 703 2305 775 Wisbu
2358 705 2853 793 Lingacopensis
2911 705 3177 773 diocesis
3236 726 3353 793 per
3396 704 3555 773 Got-

673 810 976 879 landiam.

887 951 956 1013 11,
997 951 1098 1003 138
1135 952 1402 1013 mendose,
1449 968 1562 1003 cum
1597 950 1848 1003 clausulaz
1901 953 2022 1017 „Ita
2065 952 2317 1005 invenitur
2354 953 2419 1005 de
2454 956 2608 1006 verbo
2654 954 2723 1005 ad
2756 954 2965 1005 verbum
3010 953 3063 1004 in
3100 953 3321 1019 registro
3364 953 3559 1004 domini

673 1040 958 1092 Innocentii
992 1058 1128 1105 pape
1151 1040 1253 1091 1111
1289 1058 1420 1091 anno
1457 1041 1617 1105 primo
1640 1040 1890 1092 Martinus
1926 1041 2146 1108 capitulo
2174 1042 2432 1095 cLXm‘a
2490 1044 2534 1095 l.
2572 1042 2741 1095 Semel
2775 1042 2989 1108 scriptor
3024 1042 3227 1108 scripsit.
3265 1042 3349 1107 „in
3378 1040 3425 1093 ὃ.
3450 1044 3551 1092 mi*

675 1130 709 1180 i.
729 1145 775 1180 e.
800 1129 853 1180 in
880 1129 1096 1180 eundem
1109 1129 1322 1185 ,modum
1331 1147 1346 1189 ;
1385 1129 1678 1180 duodecies:
1715 1129 1850 1179 inest
1884 1129 1936 1179 in
1962 1129 2169 1181 eisdem.
2225 1130 2278 1182 2.
2314 1130 2411 1182 Ed.
2437 1149 2519 1197 ap.
2545 1130 2803 1198 Liljegren
2841 1130 3246 1197 diplomatarium
3270 1130 3559 1204 Sueeanum

674 1216 718 1277 Ι,
744 1216 848 1267 297
873 1234 924 1267 n.
951 1216 1055 1267 307
1093 1225 1146 1268 et
1170 1216 1296 1267 Livl.
1323 1216 1476 1267 U.-B.
1501 1216 1544 1277 1,
1570 1216 1675 1267 228
1711 1234 1762 1268 n.
1793 1216 1896 1267 174
1931 1234 1995 1269 ex
2032 1216 2305 1285 exemplari
2341 1220 2409 1271 ad
2444 1219 2663 1285 priorem
2698 1228 2752 1271 et
2784 1219 2966 1271 fratres
3002 1219 3193 1270 ordinis
3228 1218 3555 1285 praedicato-

674 1322 786 1357 rum
823 1305 888 1355 de
911 1304 1089 1355 Wisbu
1119 1305 1516 1371 Lingacopensis
1553 1304 1796 1356 dioecesis
1831 1322 1925 1371 per
1950 1306 2274 1359 Gotlandiam
2308 1309 2476 1359 misso.
2530 1308 2626 1358 Ed.
2655 1308 2873 1359 Theiner
2897 1308 3087 1358 Vetera
3118 1324 3255 1358 mon.
3280 1306 3393 1358 Pol.
3416 1308 3459 1368 1,
3484 1306 3557 1357 37

675 1411 727 1445 n.
749 1393 818 1443 77
857 1410 920 1444 ex
955 1410 1062 1459 reg.
1099 1394 1223 1459 orig.
1249 1395 1290 1457 Ι,
1327 1411 1408 1460 ep.
1439 1393 1540 1444 162
1577 1403 1630 1445 et
1667 1394 1795 1456 163,
1832 1394 1918 1446 fol.
1943 1394 2030 1446 28.
2248 1398 2294 1447 1.
2331 1397 2649 1462 protenditur
2682 1396 2744 1447 B.
2938 1395 2989 1447 2.
3024 1394 3085 1445 Β.
3289 1394 3371 1445 2“.
3406 1407 3555 1461 post-

676 1482 846 1549 posita
881 1480 1193 1533 difficultate.
1405 1482 1457 1533 3.
1495 1482 1674 1534 eadem
1711 1482 1770 1534 B.
1985 1484 2035 1534 4.
2072 1483 2308 1549 p’facturi
2343 1484 2404 1537 B.
2583 1484 2635 1536 5.
2672 1484 2825 1535 etiam
2858 1482 2920 1534 B.
3106 1482 3157 1534 6.
3194 1482 3459 1535 absolvent
3494 1482 3560 1533 B.

679 1569 731 1623 7.
769 1586 1024 1621 seeursum
1059 1569 1120 1621 B.
1299 1569 1349 1621 8.
1388 1569 1633 1637 supplevi.
1812 1570 1862 1623 9.
1899 1572 1955 1621 in
1990 1572 2049 1624 B.
2235 1573 2316 1626 10.
2353 1572 2414 1625 B.
2598 1573 2679 1625 11.
2719 1568 2934 1638 provisis
2969 1570 3031 1625 B.

683 1862 860 1933 207.
904 1864 1084 1931 1243
1130 1864 1318 1929 octbr.
1351 1864 1397 1929 8
1443 1864 1801 1951 Anaqniae.
1885 1866 2285 1933 Innocentius
2333 1890 2518 1954 papa
2549 1866 2661 1932 IV
2697 1864 2923 1947 (Iustis
2959 1866 3349 1953 potenciam)
3404 1888 3557 1931 oon-

898 1972 1122 2053 finmat
1163 1971 1511 2058 potentibus
1541 1975 1844 2057 mayatro
1892 1985 1951 2037 et
1984 1972 2311 2057 frahbus
2342 1974 2674 2061 hospitalis
2704 1996 2755 2037 8.
2783 1974 2995 2039 Marie
3033 1972 3561 2039 Theutonioorum

905 2078 1131 2143 Irlmit.
1179 2082 1447 2143 insertas
1497 2079 1757 2159 litteras,
1809 2079 2033 2165 quibus

1047 2185 1228 2251 1243
1271 2188 1399 2250 iiii⁰
1447 2188 1548 2251 die
1592 2188 1814 2251 stantis
1861 2186 2010 2251 iulii
2053 2184 2127 2267 (i.
2164 2208 2213 2251 e.
2246 2186 2337 2253 28
2379 2187 2479 2251 vel
2518 2187 2608 2253 29
2642 2185 2839 2268 iulii).
2916 2183 3267 2254 Guilelmus
3314 2188 3558 2272 episeo-

895 2314 1024 2378 pus
1073 2293 1394 2377 quondam
1431 2294 1832 2374 Mutinensis,
1881 2317 1988 2379 ap.
2022 2296 2149 2357 sed.
2185 2294 2443 2380 hyatu-3,
2494 2294 2725 2359 limitat
2770 2307 3041 2380 quatuor
3066 2294 3375 2359 Pruseiae
3420 2296 3559 2379 epi-

905 2412 1195 2485 scopatus
1242 2397 1475 2485 (supra
1519 2423 1582 2463 n.
1615 2398 1801 2481 205).

895 2536 972 2598 11,
1015 2537 1116 2587 134
1127 2555 1174 2589 v,
1247 2540 1326 2589 Ex
1372 2538 1680 2605 apographis
1727 2538 2114 2605 Regimontanis
2160 2554 2293 2590 saec.
2328 2539 2408 2589 xiv
2444 2547 2499 2589 et.
2532 2556 2595 2589 xv
2643 2538 2910 2590 ediderunt
2954 2538 3255 2589 Hartknoch
3290 2536 3326 2587 l.
3350 2553 3394 2587 e.
3432 2536 3563 2587 476.

681 2626 817 2677 Acta
851 2624 1055 2677 Bomss.
1091 2626 1168 2687 H,
1207 2626 1327 2678 611.
1391 2627 1509 2677 Iura
1553 2627 1819 2678 reverendi
1865 2626 2072 2693 capituli
2095 2628 2424 2678 Warmiensis
2460 2644 2510 2678 n.
2534 2627 2561 2677 I
2597 2626 2656 2677 Bt
2697 2656 2753 2665 —·
2800 2626 2875 2677 Cf.
2900 2626 3199 2693 Ray-ualdus
3240 2625 3376 2677 1243
3409 2643 3463 2676 n.
3484 2625 3561 2677 33

682 2714 906 2767 Monum-
925 2714 1116 2765 Warm.
1140 2714 1182 2775 1,
1213 2712 1278 2765 10
1315 2732 1364 2766 n.
1385 2712 1436 2767 7.
1466 2745 1526 2752 -
1564 2715 1623 2766 In
1663 2714 1834 2767 codice
1875 2716 1975 2767 135
1989 2734 2035 2768 v.
2064 2716 2274 2783 legitur:
2318 2716 2424 2780 „Ita
2460 2716 2711 2767 invenitur
2746 2714 2811 2765 de
2839 2716 3001 2779 ‚verbo
3038 2714 3105 2765 ad
3138 2715 3348 2766 verbum
3382 2714 3434 2764 in
3470 2730 3559 2764 re-

683 2802 841 2868 gistro
880 2802 1067 2854 domini
1100 2803 1382 2854 Innocentii
1417 2820 1552 2870 pape
1587 2803 1689 2855 1111
1725 2821 1858 2855 anno
1893 2804 2055 2870 primo
2092 2804 2312 2870 capitulo
2349 2804 2554 2855 CXX10.
2608 2802 2909 2853 Martinus“.

688 3106 866 3178 208.
909 3107 1082 3175 1251
1131 3110 1352 3172 martii
1390 3109 1436 3172 9
1478 3111 1575 3173 vii
1611 3110 1700 3172 id.
1745 3110 1968 3173 ‘martii
2008 3106 2317 3193 Iasqduni
2362 3130 2428 3194 p.
2462 3130 2524 3171 n.
2560 3130 2619 3171 a.
2644 3108 2709 3173 8.
2788 3107 3191 3171 Innocentius
3244 3130 3425 3193 papa
3460 3107 3507 3171 I
3510 3106 3571 3172 V

909 3216 1084 3299 (Sua
1129 3212 1342 3295 nobis)
1395 3214 1797 3279 Olomucensi
1839 3217 2133 3301 episcopo
2180 3217 2472 3296 mandat,
2532 3226 2603 3279 ut
2646 3216 3155 3299 compositionem
3212 3217 3379 3279 inter
3420 3236 3560 3279 ma-

905 3329 1176 3413 qistmm
1234 3333 1291 3386 et
1325 3322 1576 3407 frames
1627 3321 1686 3385 h.
1719 3344 1769 3385 ε.
1805 3323 1898 3386 M.
1941 3320 2057 3386 Th.
2105 3324 2175 3389 in
2220 3322 2493 3385 Prassia
2554 3333 2611 3385 et
2666 3320 3207 3406 archiepiscopum
3250 3319 3563 3386 Livoniae

905 3432 1337 3515 Prassiaeque
1361 3428 1639 3513 factam,
1690 3428 1768 3491 ab
1815 3430 1959 3513 ipso
2008 3428 2455 3511 confirmatam,
2506 3427 2959 3492 observandam
3002 3438 3193 3491 curet.

898 3571 964 3633 11,
994 3570 1094 3621 137
1111 3586 1156 3619 v.
1195 3568 1304 3619 sine
1342 3567 1476 3618 dato.
1532 3567 1609 3617 Ex
1639 3565 1872 3631 originali
1907 3566 2097 3617 archivi
2119 3566 2477 3631 Regimontani
2512 3566 2591 3616 ed.
2618 3565 2744 3617 Livl.
2770 3564 2938 3617 Mitth.
2956 3564 3045 3626 VI,
3070 3564 3193 3615 234.
3246 3564 3377 3615 Livl.
3402 3563 3560 3618 U.-B.

686 3662 730 3723 1,
769 3660 875 3713 280
913 3658 1132 3711 CCXXI.
1177 3686 1238 3695 --
1277 3656 1322 3707 Ε
1359 3655 1574 3722 regestis
1601 3654 1774 3737 Vatia..
1822 3654 2042 3706 Theiner
2066 3655 2183 3706 Vel„
2208 3672 2341 3706 mon.
2366 3652 2477 3707 Pol.
2502 3654 2543 3717 1,
2568 3654 2639 3705 48
2674 3672 2724 3705 n.
2757 3652 2872 3706 100.

692 3961 870 4034 209.
911 3963 1086 4030 1261
1135 3965 1266 4027 ian.
1301 3960 1383 4027 11
1435 3959 1550 4044 (cf.
1583 3958 1704 4039 21)
1751 3960 2078 4025 Laterani.
2149 3959 2515 4024 Alexander
2556 3980 2735 4045 papa
2770 3956 2880 4022 IV
2914 3956 3382 4022 olomucensem
3426 3960 3563 4043 epi-

912 4090 1173 4157 scopum
1201 4068 1368 4133 iubet
1401 4088 1674 4132 coercere
1705 4068 1868 4149 fidei
1903 4070 2221 4152 neqotium
2254 4068 2323 4131 in
2354 4066 2631 4131 [livonia
2670 4078 2727 4130 et
2754 4065 3029 4129 Pru-ssia
3067 4066 3565 4151 promovendum

909 4176 1273 4242 inhibentes.

911 4297 1277 4365 Alexander
1322 4301 1439 4362 cet.
1511 4295 1635 4362 Pro
1679 4294 1828 4362 fidei
1871 4296 2123 4379 negotio
2170 4300 2288 4361 cet.

903 4438 1142 4490 Mam-,um
1177 4423 1228 4488 in
1265 4438 1367 4488 fine
1403 4437 1470 4499 H,
1511 4436 1612 4487 139
1625 4455 1672 4487 v.
1731 4438 1852 4487 cum
1891 4436 2011 4487 dato
2036 4435 2273 4487 Laterani
2310 4435 2343 4486 3
2368 4434 2437 4485 id.
2463 4434 2675 4486 ianuarii
2711 4451 2763 4499 p.
2786 4451 2836 4485 n.
2863 4452 2909 4485 a.
2928 4433 2961 4484 7
2988 4432 3055 4485 ad
3090 4434 3385 4500 episcopum
3408 4432 3560 4485 War-

690 4529 935 4580 miensem
973 4544 1034 4577 ex
1072 4526 1304 4591 originali
1337 4526 1726 4591 Regimontano,
1765 4524 1850 4575 ubi
1889 4525 2040 4575 etiam
2078 4532 2434 4575 transsumtum
2471 4523 2535 4573 de
2563 4522 2699 4573 1387
2728 4524 2847 4573 maii
2872 4522 2956 4584 28,
2996 4539 3078 4587 ap.
3098 4522 3255 4587 Voigt
3290 4522 3415 4572 cod.
3440 4521 3561 4587 dipl.

689 4617 734 4679 Ι,
765 4616 866 4667 136
902 4634 952 4667 n.
983 4614 1100 4666 134.
1157 4614 1284 4665 Livl.
1309 4613 1466 4666 U.-B.
1491 4614 1533 4674 1,
1564 4614 1668 4663 455
1705 4630 1758 4663 n.
1782 4612 1904 4663 358.
1958 4612 2096 4663 Mon.
2116 4612 2307 4664 Warm.
2330 4612 2373 4673 1,
2400 4610 2467 4662 77
2505 4630 2554 4662 ιι.
2582 4610 2667 4661 40.
2698 4641 2759 4648 --
2802 4611 2925 4661 Cum
2961 4610 3079 4663 dato
3103 4610 3342 4661 Laterani
3370 4610 3437 4660 12
3458 4610 3563 4661 kal.

689 4705 818 4756 febr.
855 4721 907 4769 p.
943 4722 994 4756 n.
1029 4722 1075 4755 a.
1102 4704 1134 4753 7
1172 4704 1240 4754 ad
1289 4702 1690 4769 archiepiscopos
1738 4710 1790 4752 et
1837 4700 2101 4767 episcopos
2147 4718 2239 4766 per
2285 4700 2637 4751 Alemanniam
2684 4700 2980 4751 constitutos
3027 4699 3091 4751 R.
3126 4698 3194 4749 99
3240 4698 3373 4749 inter
3408 4698 3561 4749 Alsa-

688 4794 789 4845 tioa
821 4809 873 4845 n.
903 4791 983 4844 18.

1809 4896 1876 4905 ,ιι-,-
