3892 5609
737 378 887 448 340
1706 386 2129 436 PONTlFIGUM
2174 388 2615 435 nomossun

733 548 810 614 de
863 548 984 613 hoc
1037 519 1362 633 suspectus
1415 546 1682 613 habetur
1727 552 1792 613 et
1840 548 2013 614 fama
2056 546 2418 630 vexabitur,
2476 547 2531 613 si
2576 543 2890 611 convinci¹
2934 538 3347 629 nequiverit⁸,
3402 549 3477 609 ut
3516 563 3583 609 se

731 661 959 741 purget
1000 674 1115 740 per
1153 654 1481 740 proprium
1523 654 1966 737 iuramentum,
2014 655 2295 721 districte
2340 652 2694 740 compellat.
2764 651 2944 730 Quod
2972 652 3031 719 si
3056 652 3265 717 facere
3292 649 3583 733 noluerit,

731 762 894 829 sicut
939 760 1543 828 excommunicatum
1585 760 1833 827 faciatis
1850 756 1872 789 ⁸
1919 759 1999 827 ab
2046 760 2336 828 omnibus
2383 759 2624 827 evitari.
2694 758 2931 825 Datum
2976 764 3089 826 eto.

943 901 1064 953 Sine
1100 902 1244 953 dato:
1281 901 1348 964 11,
1379 902 1536 953 113v.
1573 918 1622 951 ιι.
1649 901 1743 951 66:
1780 902 1843 953 A.
1869 902 1939 951 20
1976 918 2024 952 ιι.
2045 901 2117 952 74
2152 902 2331 953 Latine
2366 909 2419 952 et
2444 874 2741 951 Germanice
2776 916 2888 951 eum
2910 910 3055 953 notu:
3100 900 3162 951 In
3184 898 3583 967 Merginffieym

731 990 796 1043 D.
822 989 890 1042 75
927 990 1242 1043 Germanice.
1387 992 1434 1041 1.
1471 990 1694 1041 converti
1727 990 1792 1043 Π.
1935 990 1987 1042 2.
2024 990 2255 1055 nequiret
2288 991 2353 1040 A.
2376 987 2463 1041 20.
2603 989 2654 1040 3.
2690 988 2845 1040 faeiat
2877 989 2941 1041 IL

733 1257 911 1327 415.
955 1256 1160 1339 (Inter
1202 1258 1381 1325 1216
1423 1259 1573 1324 iulii
1608 1260 1698 1325 24
1742 1271 1800 1323 et
1841 1258 2028 1325 1227
2073 1262 2293 1325 martii
2330 1257 2471 1339 18.)
2538 1258 2863 1324 Honorius
2895 1258 3012 1323 III
3054 1259 3272 1323 ordini
3318 1255 3588 1323 Theudo-

951 1370 1094 1432 m'co
1142 1368 1436 1446 coneedit,
1485 1378 1556 1431 ut
1595 1368 1666 1430 in
1712 1368 1892 1430 termis
1924 1367 2001 1430 de
2032 1364 2495 1432 Saracenorum
2524 1366 2813 1430 manibus
2842 1378 2955 1431 aut
2970 1388 3096 1453 per
3122 1368 3335 1451 ipsum
3365 1369 3591 1451 erepta}

955 1486 1064 1539 auc
1106 1476 1239 1561 ipsi
1280 1474 1529 1539 donat-228
1576 1473 1757 1537 liceat
1797 1472 2007 1554 villas,
2056 1486 2284 1555 castra,
2334 1476 2633 1554 oratoria,
2682 1474 3043 1539 coemeter-ia
3086 1484 3461 1538 construere.

951 1613 1268 1681 Honorius
1313 1615 1644 1701 episeopus
1691 1634 1906 1681 servus
1952 1634 2273 1681 servorum
2320 1614 2421 1681 dei
2464 1615 2707 1683 dilectis
2737 1614 2884 1681 filiis
2930 1664 2947 1679 .
2970 1664 2986 1680 .
3033 1614 3339 1698 magistro
3370 1622 3439 1680 et
3464 1614 3590 1679 fra-

730 1721 932 1788 tribus
977 1721 1198 1788 domus
1243 1721 1571 1809 hospitalis
1615 1728 1832 1787 sancte
1873 1720 2075 1789 Marie
2120 1722 2643 1789 Theutonicorum
2689 1720 3169 1789 lerosolimitani
3212 1721 3483 1787 salutem
3531 1728 3594 1788 et

733 1828 1138 1915 apostolicam
1183 1828 1697 1895 benedictionem.
1878 1829 2123 1895 Vestris
2167 1828 2292 1915 piis
2336 1830 2863 1916 postulationibus
2900 1827 3189 1895 inclinati
3217 1830 3592 1895 auctoritate

730 1936 908 2003 vobis
953 1936 1345 2023 presencium
1389 1936 1817 2020 indulgemus,
1863 1944 1934 2003 ut
1976 1938 2045 2003 in
2090 1937 2304 2020 terris,
2349 1957 2505 2022 quas
2550 1933 2765 2003 dante¹
2811 1936 3063 2002 domino
3108 1934 3383 2023 populus
3426 1934 3593 2001 chri-

731 2044 971 2110 stianus
1020 2065 1058 2109 a
1104 2042 1587 2111 Sarracenorum
1634 2041 1969 2130 eripuerit²
2014 2044 2323 2129 munibus,
2370 2045 2425 2111 si
2472 2045 2551 2111 ad
2596 2064 2705 2110 vos
2750 2043 3148 2129 postmodum
3192 2044 3359 2109 iusto
3406 2041 3591 2108 titulo

731 2150 968 2217 fuerint
1013 2150 1322 2235 devolute,
1370 2171 1444 2217 ao
1474 2150 1564 2216 eis
1595 2150 1813 2235 eciam,
1862 2171 2015 2237 quas
2047 2172 2155 2217 vos
2184 2152 2307 2238 ipsi
2342 2151 2576 2219 eisdem
2608 2152 2853 2225 auferre
2882 2151 3169 2237 poteritis
3200 2148 3591 2233 Sarracenis,

731 2258 916 2324 villas
964 2264 1028 2323 et
1070 2263 1278 2324 castra
1319 2257 1496 2325 vobis
1543 2258 1832 2325 edificare
1873 2259 2092 2343 liceat,
2140 2258 2451 2343 eeclesias,
2498 2258 2773 2327 oratoria
2816 2264 2883 2324 et
2920 2256 3231 2325 cimiteria
3276 2256 3593 2323 fabricare

739 2366 819 2432 ad
877 2385 1033 2452 opus
1100 2365 1422 2431 hominum
1493 2367 1878 2433 morancium
1891 2362 1914 2393 ⁸
1966 2367 2034 2432 in
2091 2366 2351 2450 eisdem;
2424 2358 2771 2433 statuentes
2824 2366 3081 2451 insuper
3095 2414 3115 2448 ,
3183 2368 3254 2429 ut
3304 2364 3593 2449 predicta

737 2472 966 2539 omnis.
995 2471 1110 2538 sub
1157 2470 1496 2560 apostolice
1541 2473 1708 2539 sedis
1755 2479 1819 2539 et
1862 2480 2080 2539 nostra
2106 2474 2493 2560 protectione
2522 2472 2885 2539 consistant.
2952 2470 3128 2538 Nulli
3155 2490 3303 2554 ergo
3334 2471 3590 2537 omnino

734 2580 1059 2655 hominum
1103 2579 1293 2646 liceat
1333 2580 1496 2647 hanc
1537 2580 1834 2667 paginam
1865 2587 2080 2648 nostre
2108 2579 2547 2664 concessioni8‚
2592 2580 3055 2645 constitutionis
3086 2584 3151 2645 et
3182 2578 3591 2665 protectionis

733 2687 1078 2769 infringere
1136 2686 1236 2752 vel
1266 2688 1352 2753 ὀἱ
1421 2706 1578 2753 ausu
1631 2689 1964 2754 temerario
2031 2688 2360 2755 contraire.
2456 2686 2525 2753 Si
2578 2688 2719 2772 quis
2775 2691 2985 2752 autem
3038 2685 3157 2751 hoc
3208 2690 3591 2772 attemptare

731 2792 1207 2880 presumpserit,
1255 2793 1748 2878 indignationem
1795 2796 2241 2882 omnipotentis
2286 2796 2388 2861 dei
2434 2800 2499 2861 et
2540 2795 2865 2861 beatorum
2908 2791 3079 2859 Petri
3122 2797 3185 2859 et
3212 2790 3395 2859 Pauli
3436 2812 3593 2879 apo-

733 2901 1034 2967 stolorum
1085 2901 1219 2967 eius
1267 2920 1334 2967 se
1379 2903 1626 2968 noverit
1666 2903 2082 2969 incursurum.
2150 2901 2387 2969 Datum
2434 2906 2549 2967 ete.

945 3042 1066 3095 Sine
1103 3043 1246 3094 dato:
1303 3043 1355 3104 1,
1392 3042 1487 3103 69;
1533 3042 1608 3117 Il,
1639 3044 1740 3093 114
1783 3060 1834 3094 n.
1860 3041 1957 3103 683
2004 3044 2068 3093 A.
2094 3042 2163 3093 20
2208 3060 2259 3093 ιι.
2279 3040 2349 3093 76
2394 3041 2573 3093 Latine
2617 3049 2669 3092 et
2704 3040 3017 3093 Germanice.
3075 3039 3140 3092 D.
3166 3040 3233 3092 77
3272 3040 3592 3094 Germanice.

737 3132 783 3185 1.
819 3132 1127 3184 eoncedente
1162 3132 1250 3183 IL·
1405 3130 1454 3182 2.
1491 3132 1710 3197 eripiunt
1743 3131 1782 3184 Ι.
1813 3132 1880 3185 ΙΙ.
2058 3132 2110 3184 3.
2144 3130 2459 3184 morientium
2492 3130 2558 3181 Π.

731 3316 912 3390 416.
952 3320 1131 3387 1227
1175 3323 1342 3385 iunii
1377 3321 1466 3388 12
1511 3322 1862 3409 Anayniae.
1936 3318 2279 3407 Greyorius
2319 3321 2427 3387 IX
2478 3323 2700 3408 repetit
2753 3320 3034 3386 Honor-ii
3071 3320 3197 3386 III
3236 3344 3301 3385 n.
3334 3320 3469 3387 309
3514 3322 3589 3385 de

955 3428 1128 3494 1221
1179 3430 1466 3493 ianuarii
1491 3432 1554 3493 9.

956 3559 1292 3643 Gregorius
1351 3562 1678 3648 episcopus
1737 3582 1955 3628 servus
2014 3580 2339 3627 servorum
2398 3560 2499 3627 dei
2553 3559 2800 3627 dilectis
2852 3559 2999 3625 filiis
3044 3558 3407 3626 Hermanno
3452 3578 3589 3625 ma·

731 3668 930 3751 gistro
977 3672 1042 3733 et
1081 3667 1382 3733 fratribus
1417 3668 1747 3755 hospitalis
1779 3676 1995 3736 sancte
2024 3668 2223 3735 Marie
2252 3668 2779 3735 Theutonicorum
2807 3666 3292 3734 lerosolimitani
3320 3666 3590 3733 salutem

734 3778 798 3842 et
821 3774 1228 3862 apostolicam
1253 3774 1768 3843 benedictionem.
1949 3776 2177 3842 Vestra
2212 3774 2431 3859 religio
2456 3810 2538 3821 —
2564 3794 2891 3841 concessas
2922 3774 3005 3841 ad
3034 3774 3359 3862 exemplar
3387 3774 3587 3842 felicis

733 3882 1032 3949 memorie
1087 3882 1350 3948 Honorii
1415 3903 1581 3969 pape
1635 3883 2093 3970 predecessoris
2151 3884 2351 3949 nostri
2407 3881 2621 3948 domui
2680 3887 2796 3948 etc.
2843 3883 3259 3949 incursurum.
3350 3882 3587 3950 Datum

730 3990 1023 4073 Anagnie
1065 3989 1114 4055 ii
1159 3990 1300 4056 idus
1345 3990 1504 4056 iunii
1547 3989 1947 4077 pontificatus
1993 3990 2195 4056 nostri
2240 4010 2402 4055 anno
2447 3988 2673 4076 prime.

946 4130 1069 4181 Oum
1105 4131 1250 4182 dato:
1291 4130 1328 4181 ii
1361 4130 1430 4181 id.
1454 4130 1578 4181 iunii
1612 4148 1663 4197 p.
1689 4150 1735 4183 a.
1767 4132 1790 4182 l
1829 4130 2066 4197 Anagnie
2101 4149 2191 4192 or„
2228 4132 2308 4182 eui
2342 4146 2475 4182 nune
2512 4131 2656 4181 deest
2690 4130 2964 4196 plumbum,
3000 4132 3053 4181 in
3084 4130 3284 4182 archivo
3310 4131 3587 4197 Regimen-

733 4226 878 4279 tan03
915 4219 956 4281 1,
981 4218 1138 4280 80v.;
1175 4219 1239 4271 R..
1263 4219 1364 4270 132
1399 4219 1530 4271 inter
1551 4218 1951 4287 Marburgensia.
2008 4220 2201 4271 Citatur
2230 4220 2364 4271 1253
2401 4229 2530 4286 sept.
2556 4219 2625 4270 26
2660 4236 2813 4286 supra
2848 4237 2900 4286 p.
2925 4218 3012 4271 83.
3072 4220 3148 4270 Ex
3173 4238 3246 4271 or.
3271 4220 3473 4287 Regin.
3508 4220 3588 4273 ed.

733 4325 817 4374 ap.
843 4308 904 4359 Ο.
929 4308 1146 4369 Kionin,
1185 4308 1635 4374 Viomndzwanzig
1668 4308 1870 4361 Bucher
1905 4308 2257 4359 livlandischer
2294 4308 2613 4360 Geschiehte.
2670 4308 2866 4374 Dor-pat
2902 4308 3056 4360 1847.
3100 4308 3176 4360 8⁰.
3220 4310 3272 4370 1,
3298 4308 3436 4371 313;
3480 4310 3587 4361 Ser.

733 4413 830 4447 rer.
855 4396 1031 4447 Livon.
1067 4396 1229 4463 Rigue
1255 4406 1308 4448 et
1329 4396 1530 4463 Lipsiae
1559 4397 1710 4449 1853.
1745 4398 1786 4460 Ι,
1812 4397 1933 4449 366.
1970 4407 2074 4451 not.
2104 4400 2147 4449 1.
2172 4428 2231 4436 —
2263 4399 2351 4450 Or.
2374 4415 2487 4449 cum
2520 4396 2658 4449 bulla
2692 4396 2744 4449 in
2780 4398 2879 4449 filis
2914 4398 3117 4449 sericeis
3146 4414 3391 4465 appensa,
3428 4414 3583 4465 quon—

735 4484 852 4535 dam
875 4483 1260 4551 Mergenthemi,
1296 4502 1429 4537 nune
1453 4486 1504 4536 in
1528 4485 1729 4537 archivo
1754 4486 1940 4538 ordinis
1966 4485 2260 4538 Theutonici
2277 4486 2655 4539 Vindobonensi
2678 4496 2977 4539 asservatur.
2996 4518 3057 4525 —-
3096 4486 3161 4537 A.
3184 4486 3249 4537 16
3284 4504 3337 4553 p.
3355 4486 3427 4537 49
3456 4486 3583 4552 „Ba-

734 4572 881 4635 ruli“;
918 4591 969 4640 p.
993 4571 1062 4625 67
1103 4574 1184 4639 „in
1209 4574 1502 4642 Murpurg·“.
1559 4574 1749 4625 Citatur
1783 4575 1836 4625 in
1859 4575 1923 4625 R.
1947 4574 2074 4626 143:
2118 4576 2215 4641 „Et
2246 4575 2381 4627 istud
2417 4574 2730 4643 privilegium
2766 4574 3076 4626 confirmavit
3108 4574 3289 4639 iterato
3316 4575 3586 4642 Gregorius

734 4678 871 4728 papa
913 4678 1100 4723 nonus,
1149 4671 1201 4713 et
1246 4663 1461 4715 habetur
1497 4662 1562 4714 de
1597 4664 1752 4715 verbo
1799 4664 1865 4714 ad
1899 4665 2133 4725 verbum,
2182 4666 2311 4715 sieut
2357 4674 2437 4716 est
2478 4664 2531 4715 in
2565 4663 2839 4730 privilegiis
2881 4662 3171 4728 prescriptis
3206 4664 3261 4715 in
3294 4664 3584 4731 Mamur-3⁹⁶⁵.

733 4750 997 4802 Monemns
1033 4751 1116 4802 hic
1149 4752 1286 4818 apud
1309 4751 1544 4803 Schirren
1579 4768 1630 4816 p.
1658 4751 1760 4801 154
1795 4769 1845 4802 ιι.
1871 4751 1977 4802 938
2013 4752 2064 4803 in
2101 4751 2449 4819 designatione
2471 4752 2783 4805 Mitoviensis
2820 4752 3007 4803 archivi
3043 4752 3185 4803 citari
3220 4754 3321 4805 duo
3346 4752 3585 4805 bullarum

733 4848 1065 4901 trau-sumta,
1111 4840 1383 4891 seeundum
1418 4856 1546 4906 quse
1582 4840 1706 4891 ordo
1741 4840 2077 4892 Thoumnicus
2112 4841 2397 4893 immediate
2432 4858 2597 4908 pupae
2632 4849 2711 4893 est
2754 4841 3033 4903 subiectus,
3078 4850 3132 4893 et
3165 4840 3295 4893 aliae
3330 4841 3583 4893 libertates

735 4926 916 4979 ordini.
932 4926 1299 4981 confirmantur.
1349 4928 1453 4980 Sed
1488 4927 1625 4979 euius
1661 4928 1848 4979 fuerint
1882 4946 2083 4995 papae.
2102 4948 2203 4981 ιιοιι
2238 4938 2407 4997 potest
2442 4929 2625 4996 colligi,
2661 4930 2735 4980 ita
2756 4938 2813 4981 ut
2835 4930 2986 4981 etium
3020 4948 3071 4981 ιι.
3095 4929 3200 4982 937
3238 4940 3584 4984 transsumam

735 5015 902 5067 bullae
937 5015 1265 5089 prohibentis,
1301 5017 1561 5083 quominus
1597 5017 1776 5069 stati-es
1813 5017 1864 5067 in
1902 5017 2197 5085 colligendis
2234 5018 2567 5085 eleemosynis
2604 5019 2953 5085 impediantur.
