3892 5609
702 294 800 367 86
1490 301 1723 350 ‘raum
1766 301 2052 350 smera·
2121 299 2454 350 amm.
2525 298 2791 347 crenus

697 465 924 531 buerat
969 483 1085 550 per
1128 465 1497 528 executores
1539 459 1807 530 illustris
1851 462 2020 545 regis
2051 459 2268 550 Cypri,
2316 460 2557 527 domini
2599 464 2674 526 ut
2715 458 2966 525 dicebat
3007 458 3187 542 regni
3223 455 3580 545 [herosoly-

696 569 946 651 mitani,
995 576 1059 637 et
1084 590 1202 656 per
1232 568 1555 634 decretum
1583 569 1753 652 regis
1782 569 2086 654 eiusdem,
2133 568 2215 636 ad
2257 568 2376 634 hoc
2419 566 2817 655 probandum
2847 565 3162 651 quandam
3193 565 3580 649 scripturam

700 676 1001 744 exhibens
1044 676 1249 762 ipsius
1292 675 1463 758 regis
1508 675 1716 759 sigillo
1762 675 2095 760 munitam,
2139 675 2208 742 in
2240 696 2367 761 qua
2404 668 2658 760 quidem
2703 673 3020 760 scriptura
3064 672 3423 738 continetur
3467 689 3580 737 ex-

698 804 937 871 presse,
985 783 1154 869 quod
1195 782 1368 848 idem
1412 802 1547 866 rex,
1606 783 1877 869 predicti
1918 782 2150 850 nobilis
2195 782 2641 867 conquestione
2685 785 2960 866 recepta,
3014 779 3182 864 quod
3225 778 3580 864 supradicti

698 892 927 958 fratres
972 890 1281 956 violenter
1326 894 1390 955 et
1432 889 1667 955 iniuste
1713 889 2082 956 detinebant
2123 888 2360 956 casalia
2403 888 2789 976 supradicta,
2836 907 2956 973 que
3003 885 3172 953 idem
3216 885 3452 952 nobilis
3497 885 3580 951 ad

700 1018 769 1065 se
814 1003 1101 1084 spectare
1131 997 1398 1080 dicebat,
1444 996 1748 1084 predictis
1788 997 2093 1063 fratribus
2133 995 2416 1080 legitime
2455 995 2664 1063 citatis
2709 1013 2827 1060 nec
2855 1013 3069 1060 coram
3103 1013 3176 1060 eo
3208 992 3578 1059 curantibus

702 1125 1087 1191 comparere,
1132 1122 1348 1190 ymmo
1400 1121 1468 1168 se
1512 1099 1627 1188 per
1671 1103 2130 1170 contumaciam
2179 1102 2674 1186 absentantibus,
2722 1101 2990 1168 eundem
3033 1099 3310 1167 nobilem
3356 1100 3428 1166 in
3471 1119 3578 1166 eo—

699 1213 969 1279 rundem
1028 1209 1333 1276 casalium
1388 1209 1852 1295 possessionem
1904 1215 1980 1276 ut
2031 1229 2238 1276 rerum
2297 1211 2394 1276 sui
2437 1210 2595 1276 iuris
2639 1207 2908 1274 induxit.
2993 1206 3292 1274 Ceterum
3334 1226 3578 1273 memo-

698 1324 879 1386 ratus
921 1318 1121 1385 frater
1168 1315 1510 1399 allegatum
1550 1314 1873 1382 decretum
1926 1315 2276 1402 supradicti
2315 1316 2506 1400 regis,
2555 1314 2803 1383 etiamsi
2849 1319 3017 1381 essct
3057 1313 3350 1380 dominus
3394 1315 3580 1398 regni

700 1423 1266 1507 lherosolimitani,
1320 1425 1543 1508 utpote
1587 1441 1627 1487 a
1668 1441 1797 1488 non
1840 1423 2224 1510 competenti
2279 1422 2485 1489 iudice
2527 1422 2974 1508 interpositum
3018 1421 3100 1487 ad
3147 1419 3578 1488 excusandam

704 1530 1045 1599 violentam
1092 1550 1205 1596 seu
1249 1528 1550 1594 iniustam
1596 1527 1981 1595 oblationem
2024 1530 2444 1615 possessionis
2473 1529 2722 1596 dicebat
2763 1527 3115 1595 invalidum
3143 1529 3278 1596 sive
3305 1527 3577 1612 nullum,

704 1659 845 1706 cum
894 1638 1019 1724 ipsi
1062 1635 1292 1702 fratres
1336 1639 1559 1720 utpote
1601 1654 1871 1721 persone
1912 1635 2207 1720 religiose
2250 1655 2379 1702 non
2409 1636 2527 1704 sub
2557 1635 2829 1703 seculari
2861 1635 2973 1702 sed
3003 1633 3120 1702 sub
3149 1632 3580 1701 ecclesiastico

704 1745 1053 1812 debuerant
1094 1740 1303 1809 iudice
1346 1741 1687 1807 conveniri.
1759 1740 1882 1808 Sed
1929 1742 2011 1808 ad
2054 1742 2174 1808 hoc
2202 1743 2326 1809 fuit
2351 1763 2434 1810 ex
2463 1743 2727 1810 adverso
2757 1761 3153 1827 responsum,
3199 1741 3388 1827 quod,
3433 1761 3582 1808 cum

703 1851 991 1939 predicta
1035 1848 1273 1916 casalia
1318 1847 1397 1914 de
1441 1847 1624 1914 feodo
1670 1851 1849 1934 regni
1880 1848 2410 1916 lherosolimitani
2455 1850 2752 1934 existant,
2797 1868 3013 1915 coram
3057 1850 3197 1934 ipso
3240 1867 3393 1932 rege
3437 1853 3585 1914 tan-

707 1979 896 2046 quam
940 1957 1109 2024 feodi
1156 1953 1409 2021 domino
1455 1954 1649 2022 iidem
1693 1950 1922 2024 fratres
1968 1957 2292 2023 conveniri
2344 1960 2641 2042 poterant
2683 1975 2872 2043 super
2915 1955 3096 2042 ipsis,
3143 1955 3296 2040 quin
3339 1973 3583 2042 ymmo,

706 2067 899 2133 etiam
929 2065 986 2130 si
1014 2083 1143 2130 non
1156 2059 1179 2090 ²
1208 2060 1483 2127 feodalia
1511 2062 1887 2146 existerent3
1934 2083 2079 2130 cum
2109 2067 2324 2130 tamen
2352 2063 2522 2130 idem
2553 2062 2782 2130 nobilis
2827 2081 3018 2149 super
3059 2062 3219 2150 ipsis
3263 2061 3586 2130 casalibus

708 2171 1030 2258 querelam
1076 2167 1443 2255 deposuerit
1495 2173 1568 2234 ut
1612 2168 1690 2236 de
1734 2169 1917 2236 feodo
1932 2218 1953 2254 ‚
2011 2169 2358 2236 debuerant
2409 2169 2604 2236 iidem
2655 2170 2884 2250 fratres
2939 2169 3118 2236 citati
3169 2163 3458 2236 citatoris
3513 2189 3586 2236 se

706 2279 1072 2364 conspectui
1118 2279 1504 2363 presentare,
1550 2282 1623 2342 ut
1650 2275 1877 2342 saltem
1908 2275 1988 2342 de
2017 2275 2135 2343 hoc
2163 2277 2303 2362 ipso
2333 2282 2831 2361 cognosceretur,
2879 2297 2962 2342 an
2993 2277 3074 2344 ad
3117 2277 3329 2363 ipsum
3362 2296 3586 2359 regem

626 2459 633 2466 ,
704 2385 1059 2477 iurisdictio
1103 2382 1486 2468 pertineret3
1540 2381 1708 2467 quod
1752 2401 1893 2449 cum
1941 2403 2072 2450 non
2115 2383 2402 2466 fecerint,
2445 2384 2583 2448 iure
2627 2382 2837 2469 potuit
2881 2387 2946 2449 et
2989 2381 3208 2449 debuit
3249 2381 3419 2450 idem
3463 2403 3586 2450 rex

706 2498 969 2580 propter
999 2487 1459 2556 contumaciam
1490 2487 1833 2554 eorundem
1860 2489 2132 2556 fratrum
2161 2491 2230 2556 in
2257 2489 2720 2576 possessionem
2755 2509 2991 2572 rerum,
3037 2489 3116 2555 de
3161 2490 3389 2575 quibus
3435 2511 3588 2572 age-

708 2599 914 2681 batur,
959 2596 1257 2662 inducere
1300 2613 1492 2661 causa
1531 2591 1847 2662 custodie⁸
1889 2597 2244 2683 petitorem.
2331 2595 2496 2663 Sane
2543 2595 2983 2677 allegationem
3027 2597 3216 2662 istam
3260 2595 3588 2683 predictus

707 2706 907 2772 frater
936 2701 1261 2769 Conradus
1307 2701 1524 2769 multis
1549 2702 1917 2775 >rationibus
1963 2701 2294 2770 excludere
2337 2703 2659 2770 nitebatur
2687 2722 2998 2787 asserens,
3044 2703 3210 2788 quod
3253 2702 3428 2770 idem
3471 2723 3592 2770 no-

708 2812 855 2881 bilis
887 2810 965 2877 de
994 2809 1295 2877 violentia
1332 2809 1615 2895 ipsorum
1660 2809 1931 2876 fratrum
1977 2815 2042 2876 et
2082 2810 2320 2880 iniusta
2351 2809 2778 2876 detentatione
2821 2809 3246 2896 predictorum
3279 2809 3590 2876 casalium

709 2921 1089 3003 conquestus
1132 2915 1373 3000 fuerat,
1418 2935 1547 2982 non
1592 2915 1669 2982 de
1714 2915 1929 3001 feodo,
1976 2922 2049 2982 ut
2092 2937 2171 2983 ex
2216 2917 2505 3003 predicta
2547 2917 2864 3003 scriptura
2907 2916 3156 2983 dicebat
3197 2916 3410 3001 colligi
3455 2917 3592 2982 evi-

709 3027 953 3107 denter,
998 3022 1215 3090 dicens
1258 3021 1727 3107 nichilominus,
1776 3021 1943 3107 quod
1987 3020 2214 3091 iidem*
2240 3024 2471 3090 fratres
2517 3023 2596 3089 ab
2633 3023 2852 3090 eodem
2897 3043 3044 3106 rege
3089 3022 3270 3088 citati
3311 3024 3590 3110 proponi

710 3133 991 3199 fecerant
1022 3149 1236 3196 coram
1270 3148 1366 3212 ec,
1414 3128 1601 3214 quod,
1648 3148 1793 3197 cum
1837 3131 1964 3217 ipsi
2008 3136 2222 3197 essent
2265 3151 2534 3217 persone
2579 3129 2871 3214 religiose
2915 3135 2982 3196 et
3017 3128 3254 3197 casalia
3294 3129 3446 3217 ipsa
3483 3151 3592 3197 res

712 3236 1135 3307 ecclesiastice
1164 3240 1589 3320 censerentur,
1634 3240 1855 3322 utpote
1884 3255 2007 3321 que
2038 3241 2220 3303 erant
2249 3257 2466 3303 eorum
2495 3237 2754 3323 propria
2803 3241 2866 3303 et
2909 3236 3002 3304 eis
3045 3237 3114 3302 in
3157 3236 3594 3323 elemosynam

713 3347 1068 3428 assignata,
1114 3363 1243 3409 non
1286 3341 1662 3410 tenebantur
1705 3361 1919 3410 coram
1966 3363 2040 3410 co
2087 3363 2277 3429 super
2322 3342 2560 3410 eisdem
2604 3341 2914 3409 casalibus
2957 3343 3372 3428 respondere,
3420 3344 3592 3429 quod

712 3453 919 3520 solum
976 3450 1059 3516 ad
1116 3449 1541 3515 excusandam
1596 3449 1881 3535 ipsorum
1934 3452 2204 3517 fratrum
2263 3449 2613 3516 absentiam
2665 3448 2889 3516 fecisse
2933 3449 3213 3533 dicebat,
3271 3467 3420 3516 cum
3463 3449 3594 3517 dici

711 3579 840 3628 non
883 3557 1107 3644 possit,
1155 3555 1323 3641 quod
1352 3552 1579 3622 iidem*
1608 3555 1859 3640 fratres,
1909 3557 2022 3641 qui
2049 3577 2118 3624 se
2148 3556 2533 3623 feudatarios
2564 3555 2716 3622 dicti
2745 3557 2912 3640 regis
2943 3547 3072 3622 non
3101 3577 3240 3623 esse
3271 3557 3590 3641 dicebant,

712 3665 1135 3749 cognitionem
1166 3661 1365 3747 ipsius
1396 3663 1565 3744 regis
1594 3683 1787 3748 super
1814 3663 1933 3730 hoc
1964 3664 2176 3731 subire
2206 3663 2525 3745 deberent,
2573 3663 2676 3728 cui
2715 3682 2796 3728 ex
2827 3664 3164 3730 amissione
3194 3663 3295 3730 vel
3325 3664 3596 3732 victoria

712 3773 913 3860 ipsius
958 3768 1190 3837 nobilis
1237 3768 1569 3835 videbatur
1614 3769 1957 3854 dampnum
2000 3769 2101 3836 vel
2145 3769 2544 3836 commodum
2589 3769 2881 3836 eminere.
2952 3769 3132 3848 Quod
3178 3777 3390 3837 autem
3435 3770 3594 3837 dici·

712 3885 820 3946 tur
866 3879 1259 3963 questionem
1305 3875 1615 3942 feodalem
1662 3895 1877 3942 coram
1922 3876 2176 3943 domino
2231 3877 2402 3943 feodi
2459 3895 2598 3942 esse
2653 3876 3082 3961 tractandam,
3139 3883 3290 3944 tunc
3333 3877 3595 3945 demum

713 3989 923 4054 locum
970 3983 1205 4052 habere
1250 3981 1518 4066 dicebat,
1566 4001 1706 4048 cum
1743 3983 2012 4050 vertitur
2055 3983 2221 4049 inter
2266 3982 2444 4065 duos,
2492 3983 2598 4066 qui
2641 3981 2897 4048 feodum
2941 3983 3022 4050 ab
3068 3985 3288 4051 eodem
3334 3984 3592 4052 domino

714 4097 1191 4177 recognoscunt,
1238 4109 1319 4157 ne
1350 4089 1507 4156 alias
1536 4089 1825 4156 videatur
1853 4090 1921 4156 in
1951 4108 2143 4156 causa
2171 4090 2432 4176 propria
2456 4089 2754 4156 iudicare.
2810 4089 3065 4157 Adiecit
3101 4097 3395 4177 preterea
3420 4092 3592 4158 idem

716 4202 935 4284 frater,
985 4197 1153 4283 quod
1196 4199 1532 4284 scriptura,
1578 4217 1766 4281 quam
1810 4216 1962 4282 sepe
2004 4197 2338 4263 memorati
2381 4196 2609 4264 nobilis
2651 4201 3026 4283 procurator
3069 4197 3148 4264 ad
3193 4198 3592 4284 probandum

715 4307 884 4390 regis
940 4306 1260 4371 decretum
1316 4303 1621 4390 produxit
1672 4303 1742 4368 in
1796 4303 2079 4370 medium
2133 4303 2701 4387 interlocutoriam,
2761 4299 2862 4370 se‘
2919 4302 3322 4370 diffinitivam
3378 4305 3594 4390 potius

718 4411 1223 4493 demonstrabat,
1270 4431 1390 4495 que
1436 4410 1691 4495 quidem
1737 4408 2076 4478 diffinitiva
2117 4410 2362 4476 censeri
2406 4409 2674 4477 debebat
2715 4410 2900 4476 irrita
2943 4416 3008 4477 et
3048 4411 3288 4493 inanis,
3335 4430 3480 4478 cum
3529 4417 3596 4477 et

716 4541 833 4606 per
861 4519 1067 4604 ipsam
1100 4518 1479 4603 scripturam
1510 4521 1816 4603 appareat
1858 4521 1923 4582 et
1966 4536 2082 4603 per
2110 4516 2565 4582 confessionem
2608 4519 3038 4602 procuratoris
3073 4517 3376 4600 eiusdem,
3425 4519 3594 4602 quod

716 4628 786 4692 in
827 4627 967 4712 ipso
1012 4625 1265 4708 negotio
1310 4643 1429 4690 uec
1470 4623 1721 4690 libellus
1752 4623 1937 4690 datus
1977 4643 2094 4690 nec
2132 4622 2214 4689 lis
2247 4614 2496 4690 exstitit
2523 4619 2927 4690 contestata⁶.
2997 4623 3128 4691 Nos
3170 4624 3368 4707 igitur
3413 4625 3591 4692 audi-

716 4734 801 4799 tis
846 4737 913 4798 et
953 4732 1289 4798 intellectis
1334 4731 1458 4796 hiis
1504 4734 1569 4797 et
1614 4729 1804 4814 aliis„
1825 4749 1947 4814 que
1991 4733 2207 4817 partes
2237 4728 2574 4797 voluerunt
2601 4729 2809 4796 dicere
2839 4749 3052 4797 coram
3079 4731 3284 4814 nobis,
3330 4736 3398 4797 et
3439 4730 3593 4798 fide-

717 4838 862 4904 liter
910 4838 1164 4904 domino
1222 4857 1389 4924 pape
1446 4837 1663 4903 relatis
1678 4887 1697 4920 ,
1757 4837 1835 4904 de
1890 4837 2092 4923 ipsius
2138 4837 2379 4903 domini
2436 4856 2602 4923 pape
2657 4837 2955 4903 mandato
3007 4836 3249 4903 dictum
3291 4835 3592 4906 Per-inum

718 4949 1193 5031 procuratorem
1241 4943 1395 5011 dicti
1438 4943 1668 5010 nobilis
1712 4943 2146 5031 procuratorio
2191 4942 2446 5010 nomine
2491 4962 2608 5029 pro
2653 4963 2748 5028 eo,
2795 4949 2862 5010 et
2903 4943 3114 5030 ipsum
3155 4943 3434 5012 nobilem
3475 4965 3591 5032 per
