3892 5609
759 309 903 380 176
1140 293 1145 298 ’
1554 285 1560 293 ’
1704 315 1711 328 ’
1778 318 2200 368 anamma,
2268 273 2584 368 nonnam

748 479 1049 546 loniensis
1096 483 1160 546 et
1204 478 1479 546 Iohanne
1525 479 1601 546 de
1644 477 2127 590 Biebelnheym,
2185 479 2410 547 clerico
2455 477 2822 564 Magantine
2866 477 3164 570 diocesis,
3219 479 3491 546 testibus
3539 478 3623 544 ad

631 680 637 688 ,
748 587 1058 674 premissa
1101 587 1341 653 vocatis
1384 586 1625 673 pariter
1668 592 1734 654 et
1783 589 2041 672 rogatis.

968 694 1055 761 Et
1098 714 1212 778 ego
1243 694 1623 761 Theodricus
1656 693 1805 760 Coei
1836 694 1913 762 de
1943 692 2214 762 Gressen
2261 694 2522 762 clericus
2553 694 2955 761 Treverensis
2991 693 3278 779 diocesis,
3321 693 3620 780 publicus

748 801 1061 888 imperiali
1108 801 1477 868 auctoritate
1524 802 1824 886 notarius,
1870 801 2024 887 quia
2065 801 2424 868 huiusmodi
2467 802 2892 889 procuratoris
2937 799 3374 868 constitucioni
3387 849 3408 883 ,
3461 799 3625 864 rati-

748 906 1092 992 habicioni,
1151 909 1557 995 promissioni
1612 909 2026 994 omnibusque
2083 910 2222 976 aliis
2279 915 2344 976 et
2399 909 2696 994 singulis,
2757 908 2904 974 dum
2920 958 2940 992 ,
2997 909 3162 975 sicut
3223 907 3625 994 premiffitur

746 1013 971 1082 fierent
1014 1020 1077 1082 et
1122 1021 1474 1101 agerentur,
1530 1036 1799 1084 unacum
1844 1017 2302 1103 prenominatis
2347 1016 2612 1084 testibus
2659 1035 2919 1103 presens
2959 998 3076 1082 fui
3100 1035 3298 1100 eaque
3339 1015 3436 1082 sic
3477 1013 3624 1080 fieri

702 1103 711 1118 ⁸
748 1122 879 1189 vidi
924 1127 988 1188 et
1032 1123 1263 1190 audivi.
1334 1122 1481 1190 Ideo
1527 1124 1644 1191 hoc
1686 1143 1947 1210 presens
1993 1123 2312 1211 publicum
2357 1125 2846 1197 instrumentum
2891 1122 3120 1212 exinde
3163 1122 3422 1205 confeci,
3469 1109 3626 1187 con-

748 1229 975 1316 scripsi
1021 1236 1085 1298 et
1126 1230 1195 1298 iu
1237 1229 1403 1297 hanc
1445 1229 1761 1316 publicam
1817 1231 2090 1298 formam
2139 1231 2356 1316 redegi
2413 1232 2714 1316 signoque
2771 1235 2836 1296 et
2886 1231 3144 1326 nomine
3198 1231 3354 1297 meis
3379 1267 3386 1272 -
3411 1229 3623 1295 solitis

750 1341 812 1402 et
856 1337 1171 1405 consuetis
1228 1338 1475 1421 signavi
1528 1357 1797 1406 unacum
1855 1339 2242 1424 appensione
2287 1337 2480 1426 sigilli
2535 1338 2773 1405 domini
2826 1339 2953 1406 mei
3007 1336 3296 1422 magistri
3351 1341 3418 1404 et
3470 1357 3626 1423 pre-

750 1444 1025 1529 ceptoris
1070 1444 1369 1512 antedicti
1411 1444 1479 1510 in
1522 1443 1709 1511 fidem
1756 1450 1823 1512 et
1864 1446 2293 1513 testimonium
2339 1446 2792 1532 premissorum
2833 1446 3192 1530 requisitus.
3321 1513 3330 1522 ,

962 1583 1053 1646 IV,
1094 1584 1159 1636 17
1160 1585 1211 1636 2.
1263 1585 1468 1652 Editum
1506 1603 1588 1652 ap.
1616 1584 1907 1636 anrsinum
1942 1594 1998 1637 et
2032 1605 2115 1654 ap.
2133 1586 2493 1653 wolfgangum
2529 1585 2725 1637 Senner
2757 1585 3030 1652 Privilegia
3065 1593 3118 1636 et
3153 1584 3492 1636 immunitates
3512 1560 3618 1634 ‘ur-

752 1671 884 1726 dinis
919 1691 961 1725 s.
985 1673 1239 1727 Iohannis.
1292 1673 1495 1741 Lipsiae
1536 1671 1687 1726 1520.
1734 1674 1821 1729 fol.
1868 1674 1931 1727 D.
1958 1673 2058 1727 1111
2077 1693 2124 1728 v.
2342 1677 2388 1728 1.
2423 1677 2593 1741 itaque
2627 1675 2688 1727 B.
2727 1739 2735 1748 ·
2897 1675 2951 1728 2.
2985 1674 3230 1740 magistu-y
3261 1673 3324 1726 B.

761 1943 797 2013 1
812 1939 933 2011 94.
974 1944 1153 2010 1428
1195 1945 1416 2008 marta·
1456 1943 1542 2008 21
1591 1936 1986 2031 Heidelberq.
2068 1944 2448 2011 Ludowicm
2503 1929 2830 2032 panaciam
2883 1967 3082 2011 comes
3130 1944 3340 2010 mem·
3395 1945 3620 2009 ordini

981 2045 1359 2118 Theutonic'o
1407 2051 1735 2137 complura
1768 2051 2118 2138 privileqia
2161 2056 2548 2118 transsumit.

972 2190 1366 2276 Ludowicus,
1414 2190 1516 2259 dei
1545 2193 1761 2276 gracia
1788 2211 1997 2260 comes
2041 2192 2360 2280 palatinus
2387 2194 2566 2278 Reni,
2613 2194 2776 2262 sacri
2806 2192 3074 2260 Romani
3114 2192 3364 2279 imperii
3407 2191 3616 2258 archi-

752 2300 996 2386 dapifer
1041 2304 1104 2366 et
1128 2297 1399 2366 Bavarie
1427 2299 1579 2384 dux,
1624 2300 1934 2367 universis
1981 2305 2048 2368 et
2079 2300 2344 2385 singulis
2388 2307 2711 2389 presentes
2739 2301 2971 2368 visuris
3017 2305 3081 2367 et
3125 2298 3428 2366 audituris
3475 2319 3616 2366 mo-

752 2407 964 2474 dernis
1020 2412 1083 2472 et
1124 2405 1355 2472 futuris
1400 2407 1753 2502 votivorum
1800 2427 2202 2474 successuum
2245 2408 2594 2476 ubertatem
2645 2429 2790 2476 cum
2834 2408 3070 2475 noticia
3107 2407 3614 2493 subscriptorum

750 2515 819 2580 in
861 2518 1233 2602 perpetuam
1278 2514 1371 2580 rei
1416 2515 1805 2582 memoriam.
1876 2513 2154 2582 Litteras
2201 2517 2588 2584 serenissimi
2631 2537 2708 2582 ac
2748 2514 3149 2582 invictissimi
3194 2514 3502 2601 principis
3551 2519 3618 2580 et

750 2621 990 2687 domini
1042 2620 1244 2686 nostri
1298 2619 1537 2687 domini
1582 2620 2000 2706 sigismundi,
2057 2621 2480 2690 Romanorum
2539 2623 2706 2707 regis
2761 2642 3012 2709 semper
3063 2621 3316 2706 augusti
3367 2641 3614 2688 necnon

751 2727 1103 2813 Hungarie,
1160 2726 1489 2813 Bohemie,
1547 2728 1904 2813 Dalmacie,
1965 2727 2222 2798 Croacie
2267 2736 2331 2797 et
2375 2736 2585 2797 cetera
2627 2731 2825 2814 regis,
2880 2729 3228 2806 maiestatis
3283 2749 3394 2797 sue
3436 2729 3614 2813 regie

752 2835 945 2920 sigilli
990 2835 1373 2922 appensione
1416 2834 1712 2921 munitas,
1760 2855 1968 2921 sanas,
2015 2837 2292 2921 integras
2339 2843 2403 2905 et
2445 2837 2655 2904 illesas
2701 2858 2774 2904 ac
2819 2837 2991 2903 omni
3034 2856 3294 2922 prorsus
3338 2835 3502 2902 vicio
3551 2841 3616 2902 et

752 2942 1109 3030 suspicione
1154 2946 1437 3009 carentes
1481 2962 1599 3008 nos
1642 2963 1783 3010 cum
1830 2943 1975 3028 illa,
2031 2964 2156 3029 qua
2199 2944 2520 3030 convenit,
2581 2945 2874 3038 decencia
2927 2943 3230 3011 noveritis
3275 2943 3612 3030 recepisse,

753 3070 1016 3137 quarum
1062 3055 1244 3116 tenor
1288 3049 1367 3116 de
1410 3049 1600 3117 verbo
1647 3049 1729 3116 ad
1774 3050 2034 3117 verbnm
2081 3057 2178 3119 est
2221 3052 2400 3120 talis:
2643 3035 2649 3040 ¹

975 3155 1411 3242 Sigismundus
1456 3162 1573 3224 etc.
1624 3157 1817 3239 (infra
1860 3157 1937 3224 de
1990 3159 2156 3224 1427
2206 3159 2416 3226 martii
2466 3159 2594 3240 12).

752 3262 906 3331 Post
949 3283 1211 3348 quarum
1258 3263 1511 3349 quidem
1553 3264 1911 3331 litterarum
1967 3263 2398 3352 recepcionem
2452 3267 2822 3332 crustitntus
2867 3285 3078 3331 coram
3123 3263 3306 3332 nobis
3353 3285 3614 3332 venera-

751 3371 897 3439 bilis
942 3375 1007 3438 et
1050 3370 1379 3456 religiosus
1426 3371 1715 3438 dominus
1758 3371 2164 3439 Eberhardus
2208 3372 2286 3440 de
2318 3372 2766 3457 Savvnszheim‚
2811 3371 3140 3458 hospitalis
3185 3371 3372 3438 beate
3411 3369 3614 3438 Mar-ie

753 3479 1277 3546 Theotonicorum
1320 3478 1805 3547 lerosolimitani
1848 3501 1964 3566 per
1993 3479 2393 3548 Alamaniam
2441 3486 2506 3548 et
2535 3479 2784 3548 Italiam
2827 3479 3127 3563 magister
3173 3483 3240 3545 et
3281 3483 3613 3565 preceptor

752 3585 1083 3670 generalis,
1130 3607 1244 3653 nos
1291 3605 1433 3652 cum
1474 3585 1787 3654 instancia
1814 3586 2164 3672 requisivit,
2212 3593 2516 3672 quatenus
2549 3587 2631 3654 ad
2661 3587 2970 3654 dictarum
3013 3586 3340 3666 literarum
3388 3597 3610 3653 execu-

753 3693 997 3760 cionem
1025 3693 1363 3780 procedere
1395 3697 1581 3778 atque
1610 3682 1943 3760 nonnullas
1973 3692 2217 3761 litteras
2251 3700 2317 3761 et
2346 3695 2734 3762 munimenta
2768 3700 3080 3762 certorum
3115 3691 3612 3780 privilegiorum,

754 3800 1225 3868 concessionum
1240 3851 1260 3886 ,
1323 3801 1735 3868 donacionum
1792 3821 1865 3867 ac
1908 3800 2295 3868 indultorum
2349 3823 2463 3889 per
2508 3803 2684 3869 divos
2726 3801 3150 3868 Romanorum
3195 3801 3613 3888 imperatores

755 3914 818 3975 et
860 3927 1039 3992 reges
1083 3907 1403 3992 magistris
1448 3912 1513 3974 et
1553 3907 1853 3975 fratribus
1898 3908 2129 3994 prefati
2175 3909 2507 3996 hospitalis
2564 3909 2959 3995 presentibus
3005 3914 3069 3975 et
3111 3928 3330 3974 eorum
3388 3909 3614 3995 prede-

754 4014 1103 4084 cessoribus
1148 4035 1223 4082 ac
1265 4019 1611 4082 memorato
1659 4016 1863 4082 ordini
1906 4016 2143 4083 dudum
2188 4021 2253 4083 et
2296 4017 2644 4084 successive
2686 4007 2994 4088 factorum
3043 4019 3108 4083 et
3150 4035 3610 4098 concessorum,

754 4143 1019 4208 quarum
1064 4123 1131 4190 in
1178 4121 1469 4206 originali
1511 4123 1720 4209 forma
1745 4123 2012 4208 quedam
2043 4123 2158 4190 sub
2192 4123 2398 4208 bullis,
2441 4125 2710 4210 typariis
2755 4125 2960 4192 aureis
3005 4124 3353 4211 impressis,
3401 4123 3611 4208 alique

754 4230 871 4298 sub
924 4229 1273 4316 imperialis
1328 4234 1393 4296 et
1435 4228 1675 4316 relique
1715 4229 1946 4315 regalis
2002 4231 2352 4298 maiestatis
2403 4230 2910 4318 impendentibus
2963 4231 3188 4315 sigillis
3231 4248 3377 4296 cere
3420 4230 3611 4297 rubee

754 4341 821 4404 et
864 4336 1023 4421 albe,
1068 4343 1141 4404 ut
1182 4339 1248 4402 in
1292 4337 1451 4424 ipsis
1486 4335 1717 4403 litteris
1746 4337 1915 4404 clare
1946 4338 2262 4425 apparuit,
2308 4339 2686 4406 exstiterunt
2720 4338 3012 4424 sigillate,
3058 4358 3268 4405 coram
3313 4337 3500 4406 nobis
3543 4341 3608 4404 in

752 4445 1142 4510 notariorum
1195 4443 1585 4531 publicorum
1633 4463 1706 4510 ac
1750 4444 2007 4511 testium
2049 4445 2595 4532 infrascriptorum
2651 4447 2978 4532 presencia
3021 4445 3304 4514 exhibuit
3347 4450 3416 4512 et
3465 4465 3610 4532 pro-

754 4550 955 4636 duxit,
1002 4549 1225 4616 devote
1254 4550 1613 4637 supplicans
1646 4557 1709 4618 et
1736 4551 2066 4638 instanter,
2111 4557 2184 4619 ut
2215 4573 2428 4620 earum
2459 4559 2960 4640 transsumptum
2989 4552 3156 4639 fieri„
3192 4557 3384 4640 prout
3427 4554 3606 4620 nobis

754 4658 821 4724 in
868 4658 1053 4724 dictis
1096 4655 1297 4722 literis
1343 4658 1533 4741 regiis
1577 4659 1982 4726 commissum
2029 4664 2254 4744 exstat,
2307 4660 2640 4728 decernere
2685 4660 3102 4746 dignaremur.
3183 4659 3370 4727 Iustis
3417 4661 3609 4744 igitur

754 4765 885 4832 suis
930 4764 1500 4852 supplicacionibus
1534 4764 1863 4850 benignius
1900 4771 2244 4834 annuentes
2275 4771 2462 4852 atque
2492 4767 2736 4851 regium
2761 4767 2944 4850 nobis
2975 4768 3210 4834 factum
3240 4768 3606 4834 mandatum

754 4876 819 4938 et
862 4872 1262 4938 commissum
1312 4871 1679 4956 diligencius
1734 4877 1807 4940 ut
1856 4878 2146 4941 tenemur
2190 4875 2416 4960 exequi
2461 4873 2738 4942 volentes
2784 4875 3208 4961 predictarum
3253 4873 3604 4942 litterarum

755 4984 819 5046 et
863 4980 1393 5046 munimentorum
1436 4979 1887 5065 concessiones,
1932 4981 2332 5066 donacioneS,
2374 4981 2706 5068 privilegia
2736 5001 2846 5050 seu
2876 4981 3120 5048 indulta
3149 4981 3604 5050 continenciam
