3892 5609
725 317 872 391 368
1689 328 2113 377 Pou'rmcuu
2158 328 2601 375 nomnoumu

725 488 868 557 511
883 542 899 557 .
942 490 1122 556 1247
1165 489 1394 575 aprilis
1439 489 1528 555 25
1573 488 1892 575 Luyduni.
1978 488 2364 555 Innocentius
2406 484 2513 552 IV
2551 488 2875 571 confirmat
2931 488 3147 553 ordini
3196 485 3575 553 Theutonico

940 598 1106 663 bona
1149 598 1460 683 acquisita
1505 608 1562 662 et
1604 599 2011 683 acquirenda,
2062 610 2119 661 et
2162 600 2293 663 eius
2336 599 2777 682 protectionem
2822 597 3100 681 suscipit.

940 755 1338 823 Innocentius
1386 755 1715 842 episcopus
1761 774 1981 821 servus
2026 774 2349 820 servorum
2395 755 2496 820 dei
2540 752 2781 822 dilectis
2826 752 2973 819 filiis
3019 803 3036 819 .
3064 802 3080 819 .
3129 753 3489 840 preceptori
3518 758 3583 819 et

718 864 1018 930 fratribus
1063 856 1392 950 hospitalis
1439 868 1652 929 sancte
1680 862 1879 929 Marie
1909 862 2435 935 Theutonicorum
2480 859 2961 929 Ierosolimitani
3006 860 3271 927 salutem
3318 866 3385 926 et
3430 878 3583 945 apo-

720 971 1008 1037 stolicam
1064 970 1580 1037 benedictionem.
1815 969 2229 1037 Sacrosancta
2268 968 2553 1036 Romana
2596 968 2859 1036 ecclesia
2901 969 3157 1035 devotos
3204 976 3268 1035 et
3310 967 3581 1033 humiles

718 1076 881 1145 filios
928 1099 1006 1144 ex
1053 1084 1300 1145 assuete
1342 1077 1598 1164 pietatis
1643 1076 1846 1145 officio
1892 1077 2266 1164 propensius
2313 1076 2573 1160 diligere
2618 1076 2942 1143 consuevit
2986 1080 3068 1160 et,
3114 1096 3193 1142 ne
3238 1095 3581 1162 pravorum

719 1185 1042 1252 hominum
1088 1184 1394 1252 molestiis
1441 1186 1786 1268 agitentur,
1846 1204 1951 1250 eos
1996 1190 2317 1269 tamquam
2363 1185 2473 1269 pia
2517 1188 2717 1249 mater
2762 1204 2873 1249 sue
2918 1184 3327 1269 protectionis
3372 1183 3582 1249 muni-

720 1294 891 1360 mine
931 1293 1278 1359 confovere.
1325 1292 1724 1378 'Eapropter,
1770 1290 1983 1358 dilecti
2012 1292 2079 1357 in
2111 1291 2363 1357 domino
2392 1290 2527 1374 filii,
2574 1289 2801 1356 vestris
2830 1291 3013 1357 iustis
3044 1288 3582 1377 postulacionibus

721 1405 902 1483 grato
948 1402 1387 1466 concurrentes
1433 1418 1695 1465 assensu
1737 1419 2038 1485 personas
2083 1404 2327 1466 vestras
2373 1403 2437 1465 et
2479 1398 2707 1481 locum,
2752 1397 2822 1462 in
2866 1418 2989 1483 quo
3036 1399 3250 1464 divino
3286 1397 3442 1463 estis
3470 1396 3583 1463 ob-

721 1508 938 1591 sequio
983 1505 1346 1592 mancipati,
1399 1524 1542 1572 cum
1588 1506 1876 1573 omnibus
1922 1505 2123 1590 bonis,
2170 1527 2290 1592 que
2333 1505 2881 1591 impresentiarum
2929 1505 3393 1572 rationabiliter
3434 1524 3582 1592 pos·

723 1614 939 1682 sidetis
999 1621 1111 1681 aut
1163 1613 1232 1679 in
1284 1614 1566 1679 futurum
1623 1614 1807 1680 iustis
1859 1614 2063 1680 modis
2107 1617 2429 1699 prestante
2473 1612 2725 1679 domino
2768 1613 3058 1697 poteritis
3105 1613 3404 1699 adipisci,
3462 1612 3579 1679 sub

724 1721 892 1789 beati
936 1720 1108 1788 Petri
1169 1726 1234 1789 et
1285 1726 1504 1787 nostra
1554 1721 1942 1807 protectione
1988 1723 2382 1808 suscipimus,
2476 1720 2847 1806 Specialiter
2892 1726 3099 1786 autem
3141 1720 3471 1787 libertates
3519 1725 3583 1786 et

720 1830 1150 1897 immunitates
1215 1849 1254 1894 a
1307 1828 1608 1895 Romanis
1674 1827 2071 1913 pontificibus
2126 1828 2669 1915 predecessoribus
2724 1828 2957 1894 nostris
3012 1827 3311 1914 hospitali
3368 1832 3579 1893 vestro

722 1954 1079 2020 concessas,
1136 1956 1376 2002 necnon
1430 1934 1753 2001 libertates
1798 1942 1861 2000 et
1904 1937 2335 2022 exemptiones
2380 1935 2751 2001 secularium
2799 1934 3196 2001 exactionum
3242 1955 3283 2001 a
3324 1934 3579 2019 regibus

723 2049 786 2110 et
840 2042 1228 2131 principibus
1284 2041 1549 2127 aliisque
1593 2040 1830 2109 Christi
1883 2038 2169 2109 fidelibus
2224 2042 2684 2109 rationabiliter
2740 2042 2915 2109 vobis
2966 2041 3278 2126 indultae,
3333 2062 3579 2109 necnon

721 2156 956 2234 terras,
1000 2150 1456 2236 possessioneS,
1503 2150 1756 2233 domos,
1801 2149 2019 2215 vineas
2065 2154 2127 2215 et
2172 2148 2295 2215 alia
2340 2150 2505 2216 bona
2547 2154 2789 2233 vestra,
2834 2149 2999 2216 sicut
3040 2170 3115 2217 ea
3156 2151 3375 2217 omnia
3414 2150 3581 2215 iuste

722 2277 796 2323 ac
849 2256 1106 2343 pacifice
1151 2258 1516 2344 possidetiS‚
1575 2255 1753 2322 vobis
1800 2262 1864 2322 et
1905 2276 2020 2342 per
2065 2277 2176 2323 vos
2220 2256 2517 2343 hospitali
2562 2263 2770 2323 vestro
2816 2258 3189 2323 auctoritate
3232 2256 3580 2343 apostolica

721 2362 1163 2431 confirmamus
1220 2369 1284 2431 et
1327 2364 1636 2451 presentis
1683 2364 1904 2449 scripti
1950 2364 2298 2450 patrocinio
2344 2365 2820 2430 communimus.
2913 2363 3083 2429 Nulli
3128 2384 3276 2447 ergo
3322 2364 3577 2431 omnino

722 2471 912 2538 liceat
976 2471 1140 2537 hanc
1205 2478 1417 2537 nostre
1473 2470 1963 2537 confirmationis
2018 2471 2313 2556 paginam
2366 2472 2707 2555 infringere
2760 2469 2862 2538 vel
2914 2471 2973 2537 ei
3032 2492 3187 2537 ausu
3240 2471 3579 2539 temerario

723 2557 1172 2646 contravenire.
1246 2576 1314 2644 Si
1361 2578 1500 2664 quis
1545 2583 1754 2645 autem
1783 2578 1902 2644 hoc
1932 2582 2307 2665 attemptare
2338 2578 2808 2665 presumpserit,
2850 2577 3344 2662 indignationem
3376 2580 3579 2645 omni-

724 2686 1000 2775 potentis
1057 2686 1159 2753 dei
1214 2690 1277 2751 et
1319 2685 1644 2753 beatorum
1689 2683 1861 2751 Petri
1907 2689 1973 2751 et
2014 2683 2195 2752 Pauli
2242 2684 2666 2771 apestolorum
2713 2687 2846 2752 eius
2890 2705 2959 2752 se
3001 2687 3249 2752 noverit
3292 2688 3580 2753 incursu-

722 2814 884 2861 rum.
963 2792 1198 2860 Datum
1244 2791 1535 2877 Lugduni
1581 2791 1669 2857 vii
1711 2792 2015 2859 kalendas
2060 2792 2213 2858 maii
2254 2791 2654 2879 pontificatus
2698 2794 2899 2859 nostri
2946 2812 3108 2858 anno
3153 2800 3401 2879 quarto.

936 2951 1210 3018 originale,
1247 2951 1326 3003 cui
1359 2950 1509 3003 modo
1531 2950 1786 3018 plumbum
1809 2951 1971 3013 deest,
1997 2950 2246 3017 quondam
2272 2951 2433 3018 (1466
2458 2960 2545 3003 aut
2573 2952 2728 3019 1525)
2754 2953 2819 3003 ab
2844 2952 3019 3003 ordine
3040 2952 3350 3005 'theutonico
3374 2952 3579 3005 Polonis

723 3040 996 3093 exhibitum
1029 3041 1082 3093 in
1117 3040 1316 3092 archivo
1351 3042 1495 3107 regni
1525 3040 1750 3094 Polonici
1774 3042 2139 3093 asservabatur.
2196 3040 2387 3092 Oitatur
2420 3042 2473 3092 in
2494 3042 2780 3093 Inventario
2816 3040 3004 3091 archivi
3028 3041 3371 3095 cracoviensis
3406 3058 3457 3108 p.
3484 3042 3577 3093 65:

719 3130 1038 3182 Innocentius
1063 3146 1198 3195 papa
1215 3128 1287 3181 IV
1311 3129 1446 3181 bona
1463 3130 1735 3181 eorundem
1759 3130 2109 3182 cruciferorum
2133 3130 2225 3183 sub
2250 3132 2611 3197 protectionem
2634 3132 2682 3183 b.
2695 3130 2836 3181 Petri
2860 3139 2913 3181 et
2936 3130 3070 3182 sedis
3085 3120 3395 3197 apostolicae
3416 3130 3576 3183 susci-

722 3218 811 3285 pit,
844 3217 1100 3269 libertates
1125 3235 1157 3267 a.
1179 3218 1419 3270 Romanis
1443 3218 1759 3286 pontificibus
1783 3219 2004 3270 indultas
2028 3221 2291 3285 approbat.
2344 3219 2577 3285 Lugduni
2600 3237 2651 3285 p.
2676 3237 2723 3271 a.
2742 3218 2793 3269 4.
2850 3219 3087 3271 cracovia
3112 3220 3424 3282 Vax-soriam,
3460 3220 3579 3271 indo

720 3307 774 3358 in
796 3306 988 3374 regium
1010 3306 1296 3359 Prussicum
1317 3307 1644 3361 Berolinense
1680 3308 1941 3360 devectum
1976 3317 2070 3372 est,
2106 3308 2222 3360 hinc
2256 3327 2303 3361 a.
2328 3308 2461 3360 1865
2496 3306 2615 3359 iulio
2638 3306 3005 3373 Regimontano
3042 3308 3243 3359 archivo
3277 3310 3579 3371 restitutum,

720 3396 810 3448 ubi
843 3397 996 3449 etiam
1016 3404 1244 3449 servatur
1267 3404 1622 3450 transsumtum
1643 3397 1882 3450 Iohannis
1905 3397 2095 3464 Progk,
2130 3396 2401 3463 imperialis
2425 3398 2623 3459 notarii,
2658 3396 2709 3449 d.
2727 3397 2777 3450 d.
2808 3397 3152 3464 Marieuburgi
3180 3397 3319 3451 1389
3351 3398 3473 3451 maii
3494 3398 3577 3450 20.

1027 3483 1046 3513 ἱ

729 3788 904 3861 512.
947 3792 1126 3858 1247
1168 3792 1338 3857 iunii
1373 3792 1460 3856 13
1504 3791 1823 3876 Luqduni.
1908 3794 2301 3859 Innocentius
2344 3791 2452 3859 IV
2496 3796 2798 3879 maqistro
2858 3805 2913 3857 et
2949 3792 3275 3877 fratribus
3334 3794 3577 3859 ordinis

953 3896 1323 3965 Theutonici
1361 3900 1662 3986 indulyet,
1712 3900 1902 3985 quod,
1958 3902 2017 3965 si
2060 3915 2277 3967 contra
2323 3904 2409 3966 eis
2455 3925 2496 3965 a
2541 3902 2681 3965 sede
2724 3900 3072 3985 apostolica
3116 3922 3407 3965 concessa
3434 3904 3575 3987 pri-

945 4007 1174 4093 vileqia
1219 4006 1594 4093 apostolicas
1641 4004 1876 4071 litteras
1921 4009 2255 4093 impetrari
2296 4010 2621 4094 contiqem't
2630 4056 2651 4088 ,
2712 4028 2873 4092 quae
2916 4009 2991 4072 de
3036 4008 3257 4073 ordine
3298 4030 3429 4073 non
3455 4008 3575 4092 fa-

945 4115 1114 4179 ciant
1157 4114 1487 4201 specialem
1530 4116 1917 4193 mentionem,
1964 4116 2339 4199 respondere
2382 4116 2469 4179 ad
2513 4136 2615 4179 eas
2660 4136 2788 4179 non
2832 4126 3172 4180 teneantur.

943 4272 1340 4340 Innocentius
1395 4278 1512 4340 etc.
1737 4270 1897 4340 Cum
1942 4271 2155 4339 dilecti
2198 4270 2315 4339 filii
2360 4277 2473 4340 etc.
2552 4272 2785 4339 Datum
2832 4271 3125 4357 Lugduni
3166 4273 3375 4341 idibus
3420 4275 3577 4341 iunii

723 4379 1124 4467 pontificatus
1167 4380 1371 4447 nostri
1417 4400 1579 4447 anno
1627 4386 1868 4465 quarto.

937 4529 1196 4597 Originale
1239 4546 1352 4582 eum
1397 4530 1535 4582 bulla
1578 4530 1630 4581 in
1673 4528 1770 4581 filis
1817 4529 2019 4583 sericeis
2066 4529 2228 4581 rubris
2274 4538 2329 4581 et
2370 4528 2521 4581 luteis
2568 4544 2795 4596 appensa
2828 4530 3081 4595 quondam
3116 4530 3491 4582 Confluentibus
3524 4540 3577 4581 et

725 4618 995 4671 Veteribus
1030 4619 1196 4672 Iuncis
1235 4636 1370 4671 nunc
1412 4619 1464 4671 in
1501 4618 1700 4672 archivo
1735 4618 1924 4671 ordinis
1960 4618 2254 4671 Theutonici
2289 4618 2683 4670 vindobonensi.
2749 4618 2961 4669 Textum
3002 4636 3105 4671 non
3150 4618 3415 4690 habuimus
3460 4629 3577 4671 ante

727 4706 910 4761 oculos.
