3892 5609
1402 256 1824 304 nummum.
1895 255 2211 304 nonnum
3093 242 3240 315 193

355 411 530 481 Item
580 414 879 501 septime:

691 519 832 588 Wir
860 520 1154 587 wilhalm
1189 527 1315 593 etc..
1337 521 1608 605 herczog
1648 541 1720 588 ze
1751 520 2110 588 Osterreich
2142 526 2257 587 etc.
2297 520 2467 587 1396
2515 524 2634 587 oct.
2663 469 2742 585 21
2781 518 2980 586 Grecz
3029 519 3249 606 (supra

692 647 754 693 n.
795 628 968 710 191).

355 732 538 799 Acta
581 737 730 799 sunt
773 733 890 799 hec
932 735 1000 800 in
1046 734 1231 800 domo
1276 734 1546 800 fratrum
1589 734 2122 801 Theutunicorum
2169 735 2676 821 supradictorum
2719 734 2787 799 in
2836 730 3033 799 Grecz
3066 751 3247 799 anno

353 838 708 926 indicione,
741 841 863 925 die,
895 862 1131 925 mense,
1159 841 1381 926 quibus
1413 860 1626 928 supra,
1658 841 2059 927 presentibus
2089 841 2321 907 ibidem
2346 840 2817 908 honorabilibus
2844 837 2931 907 et¹
2957 839 3245 907 discretis

352 934 526 1013 ‘viris
573 947 846 1013 dominis
877 946 1283 1015 Wenczeslao
1329 948 1655 1034 capellano
1695 948 1763 1014 in
1795 946 2017 1029 Grecz,
2063 949 2434 1034 presbitero,
2467 948 2708 1014 Thoma
2740 946 2987 1014 Hewtel
3034 952 3097 1014 et
3128 946 3249 1013 Pe-

357 1058 472 1118 tro
519 1051 870 1140 Scheplini,
926 1054 1170 1121 clericis
1213 1054 1583 1139 Pragensis‚
1637 1053 2153 1139 Salczburgensis
2202 1059 2266 1123 et
2309 1055 2645 1123 Misnensis
2692 1055 3035 1121 diocesium
3050 1050 3098 1138 ²,
3154 1059 3249 1121 te—

357 1159 576 1227 stibus
623 1161 702 1226 ad
746 1160 1060 1247 premissa
1103 1163 1341 1228 vocatis
1389 1160 1744 1248 specialiter
1791 1166 1854 1227 et
1897 1162 2157 1245 rogatis,

1210 1285 1519 1373 (Siquam
1563 1291 1803 1354 notarii
1843 1289 2142 1353 Andreae
2187 1289 2265 1353 de
2304 1286 2421 1365 F.)

593 1390 682 1458 Et
735 1412 850 1475 ego
897 1392 1187 1459 Andreas
1245 1395 1558 1479 quondam
1619 1394 1877 1461 Martini
1938 1394 2017 1461 de
2069 1392 2524 1476 Furstenberg‚
2593 1392 2855 1458 clericus
2910 1390 3249 1458 Misnensis

359 1496 673 1583 diocesi8‚
729 1499 1016 1584 publicus
1062 1500 1377 1586 imperiali
1426 1501 1798 1567 auctoritate
1842 1501 2163 1584 notariae,
2222 1500 2371 1586 quia
2421 1499 2850 1586 predictarum
2893 1499 3251 1566 litterarum

360 1604 860 1692 apostolicarum
909 1612 972 1673 et
1002 1606 1318 1674 ducalium
1349 1607 1749 1692 exhibicioni‚
1797 1607 2281 1693 presentacioni‚
2326 1605 2589 1672 leccioni
2636 1612 2700 1673 et
2732 1605 3058 1673 collacioni
3104 1625 3250 1691 pre-

359 1732 518 1779 sens
564 1712 823 1779 interfui
869 1734 1098 1799 easque
1146 1713 1384 1799 salvae,
1446 1735 1666 1798 sanae,
1725 1714 2007 1798 integras
2056 1719 2119 1780 et
2162 1734 2291 1779 non
2334 1714 2597 1780 viciatas
2643 1714 2882 1800 reperi3
2940 1712 3083 1779 ideo
3130 1712 3250 1778 hoc

355 1840 633 1905 presens
678 1820 999 1906 publicum
1043 1826 1547 1908 transsumptum
1591 1842 1706 1907 per
1739 1820 1934 1887 alium
1980 1820 2249 1887 fideliter
2288 1821 2595 1908 scriptum
2640 1841 2743 1887 me
2790 1820 2932 1887 aliis
2978 1818 3247 1902 negotiis

357 1927 702 2014 prepedito
747 1927 974 1994 exinde
1019 1927 1257 1994 confeci
1303 1928 1622 2013 publicum
1671 1933 1734 1994 et
1776 1929 1843 1993 in
1889 1927 2055 1993 hanc
2098 1927 2417 2014 publicam
2460 1928 2729 1993 formam
2776 1927 2993 2010 redegi
3040 1926 3251 2009 signo-

359 2052 494 2118 que
541 2037 607 2100 et
649 2034 902 2099 nomine
946 2036 1106 2101 meis
1153 2033 1356 2100 solitis
1411 2040 1476 2101 et
1529 2035 1842 2100 consuetis
1897 2034 2299 2119 presentibus
2354 2034 2623 2101 testibus
2671 2033 3053 2120 supradictis
3099 2051 3247 2099 con-

357 2139 621 2223 signavi
665 2146 922 2223 rogatus
969 2146 1035 2207 et
1080 2141 1286 2207 debite
1331 2140 1672 2226 requisitus
1717 2141 1786 2207 in
1829 2140 2017 2208 fidem
2075 2147 2140 2207 et
2186 2140 2615 2208 testimonium
2662 2140 2916 2208 evidens
2964 2141 3247 2207 omnium

359 2251 435 2313 et
482 2245 875 2331 singulorum
917 2248 1392 2334 premissorum.

587 2404 701 2467 Vn,
738 2404 910 2456 367—
924 2404 1030 2457 369
1043 2423 1091 2457 v-
1310 2406 1355 2456 1.
1390 2404 1672 2457 honorabili
1706 2404 1768 2457 B.
1981 2404 2034 2457 2.
2070 2404 2328 2457 dionaeum
2361 2404 2423 2457 Β.

2758 5004 2903 5060 13“
