3892 5609
1171 318 1400 367 ΤΕΒΒΑ
1446 318 1730 369 sanem.
1799 321 2133 369 ARMENIA.
2205 320 2470 369 oYPRus
3154 312 3253 383 45

387 494 462 541 ac
475 471 496 505 ⁸
539 474 801 577 pacifice
845 476 1182 565 possidetis
1229 483 1292 546 et
1335 480 1402 545 in
1447 480 1680 567 prefati
1724 482 1892 567 regis
1935 480 2167 548 litteris
2222 480 2470 567 plenius
2524 480 2912 565 continetur,
2972 481 3149 547 vobis
3194 486 3260 548 et

383 602 501 669 per
544 604 658 651 vos
702 584 918 651 domui
961 590 1169 653 vestre
1189 662 1194 667 ,
1215 586 1588 655 auctoritate
1640 588 1987 675 apostoliea
2044 586 2488 655 confirmamus
2550 594 2613 655 et
2666 590 2977 675 presentis
3038 588 3257 675 scripti

383 690 736 777 patrocinio
795 694 1272 760 communimus.
1358 694 1422 760 'N
1427 694 1538 761 ulli
1595 716 1741 780 ergo
1798 697 2055 763 omnino
2112 694 2439 761 hominum
2495 695 2685 762 liceat
2738 695 2903 763 hanc
2958 696 3257 785 paginam

383 802 600 867 nostre
644 797 1146 867 confirmacionis
1167 866 1170 873 ,
1189 801 1534 886 infringere
1565 803 1667 870 vel
1697 804 1756 870 ei
1789 826 1949 871 ausu
1975 804 2311 887 temerario
2343 802 2673 870 contraire.
2746 802 2815 869 Si
2860 805 2999 889 quis
3047 810 3257 871 autem

383 902 504 988 hoc
545 909 922 995 attemptare
966 912 1400 996 presumserit,
1445 910 1949 995 indignationem
1991 910 2437 997 omnipotentis
2481 910 2581 977 dei
2620 915 2685 977 et
2724 910 3052 978 beatorum
3082 910 3257 979 Petri

384 1016 449 1081 et
490 1010 674 1079 Pauli
717 1014 1148 1101 apostolorum
1195 1019 1328 1085 eius
1373 1039 1442 1085 se
1486 1018 1736 1085 noverit
1777 1006 2199 1087 incursurum.
2268 1016 2508 1085 Datum
2540 1016 2842 1085 Laterani
2870 1019 2960 1085 vi⁰
2984 1019 3111 1087 kal.
3142 1040 3258 1087 no-

381 1120 658 1189 vembris
701 1121 1104 1210 pontificatus
1147 1126 1352 1194 nostri
1395 1146 1562 1193 anno
1609 1126 1848 1212 quinto.

595 1263 638 1326 1,
675 1263 744 1315 63
779 1282 831 1316 n.
855 1265 901 1317 1.
965 1266 1024 1317 In
1071 1267 1294 1333 <topiario
1327 1268 1698 1334 Begimontano
1733 1269 1798 1320 A.
1823 1267 1890 1319 16
1922 1285 1978 1334 p.
2002 1266 2035 1319 7
2070 1266 2203 1318 inter
2226 1266 2429 1319 Veneta
2436 1284 2455 1328 ς
2502 1264 2713 1319 eontulit
2746 1284 2793 1318 v.
2820 1266 2881 1319 el.
2906 1266 3254 1333 Meekelburg.

379 1350 478 1403 Ed.
498 1350 656 1419 Voigt
687 1352 724 1405 1.
749 1370 792 1405 c.
819 1354 904 1407 73.
1097 1357 1142 1407 1.
1180 1356 1566 1409 Thetonioofum
1601 1356 1903 1411 Ierosolimis
1927 1356 1990 1409 Β.
2184 1354 2234 1409 2.
2270 1372 2333 1407 ex
2370 1356 2433 1408 A.
2465 1355 2545 1409 16.
2736 1355 2787 1408 3.
2824 1356 3041 1409 Iaharon
3076 1356 3142 1409 A.
3172 1355 3255 1408 16.

380 1440 434 1493 4.
467 1438 792 1507 ‘presentibus
827 1442 890 1495 Β.
1067 1444 1118 1497 5.
1156 1452 1210 1497 et
1247 1446 1308 1498 A.
1339 1445 1421 1499 16.
2516 1438 2529 1453 ”

1502 1574 1628 1583 “—

385 1727 507 1797 55.
555 1730 726 1797 1221
769 1737 1019 1799 martio.
1103 1734 1415 1799 Iohannes
1471 1734 2087 1821 Hierosolymitanus
2152 1756 2267 1799 ree:
2322 1734 2603 1799 concedit
2655 1735 2875 1799 domui
2925 1733 3255 1821 hospitalis

386 1842 405 1847 “
559 1836 632 1905 S.
667 1840 923 1906 Mariae
972 1839 1516 1907 Theutom’corum·
1545 1854 1793 1929 partem
1849 1840 2017 1906 lueri
2058 1841 2183 1905 sibi
2225 1840 2525 1921 debitam,
2588 1844 3070 1928 quotiescunque
3110 1843 3253 1929 ipso

557 1946 805 2031 absente
848 1948 1124 2013 homines
1171 1951 1276 2013 sui
1308 1971 1457 2027 ⁶<tram
1483 1949 1808 2033 fratribus
1857 1950 2311 2035 expeditionem
2336 1948 2597 2029 facturi
2637 1950 2781 2015 sint.
2830 1978 2835 1984 ·

600 2088 836 2157 Notum
880 2090 966 2157 sit
1013 2090 1300 2157 omnibus
1345 2095 1478 2157 tam
1523 2088 1922 2177 presentibus
1954 2110 2145 2176 quam
2174 2089 2425 2174 futuris,
2470 2089 2637 2176 quod
2668 2110 2783 2173 ego
2812 2088 3120 2157 Iohannes
3152 2091 3254 2158 dei

377 2196 592 2280 gracia
619 2195 992 2265 Latinorum
1019 2196 1362 2265 Ierusalem
1407 2218 1522 2265 rex
1567 2198 1866 2281 decimus,
1911 2197 2099 2265 laude
2144 2202 2209 2264 et
2253 2215 2551 2265 concessu
2582 2196 2890 2264 Ysabellis
2936 2197 3063 2264 filie
3093 2218 3251 2284 mee,

377 2302 540 2371 dono
587 2309 652 2371 et
696 2304 966 2371 concedo
1014 2309 1077 2372 et
1121 2306 1188 2372 in
1233 2311 1607 2394 perpetuum
1657 2306 1857 2390 quitto
1903 2305 1972 2371 in
2016 2304 2468 2371 helemosinam
2510 2304 2695 2371 fratri
2725 2304 3087 2372 Hermanno
3116 2325 3254 2371 ma—

377 2411 574 2495 gistro
621 2411 844 2479 domus
887 2412 1222 2499 hospitalis
1253 2417 1468 2480 sancte
1497 2410 1695 2480 Marie
1728 2412 2257 2480 Theutonicorum
2285 2410 2626 2480 Ierusalem
2660 2417 2724 2478 et
2756 2412 3056 2479 fratribus
3079 2412 3253 2481 eius-

376 2518 521 2585 dem
565 2518 788 2587 domus
831 2520 1231 2606 presentibus
1279 2524 1342 2588 et
1383 2520 1613 2587 futuris
1658 2526 1918 2607 propter
1946 2514 2317 2603 r‘eligionem
2364 2523 2430 2586 et
2474 2518 2703 2586 bonam
2746 2519 2985 2585 famam
3032 2540 3250 2588 eorum

372 2632 620 2714 partem
635 2678 654 2714 ,
713 2646 901 2713 quam
957 2627 1158 2694 habeo
1212 2628 1277 2694 in
1333 2627 1508 2694 lucro
1523 2678 1542 2713 ,
1599 2627 1768 2713 quod
1823 2628 2067 2695 faciunt
2123 2626 2192 2693 in
2237 2626 2429 2692 armis
2474 2626 2746 2713 predicti
2789 2626 3051 2713 fratres,
3110 2648 3253 2695 cum

373 2733 660 2803 homines
706 2737 832 2803 mei
876 2756 1020 2803 cum
1067 2736 1245 2819 signo
1291 2736 1491 2821 regali
1537 2755 1680 2803 cum
1725 2735 1816 2802 eis
1864 2741 2013 2802 sunt
2056 2756 2159 2801 me
2206 2734 2495 2815 absente3
2542 2733 2702 2801 mihi
2732 2755 2877 2800 vero
2914 2740 2979 2802 et
3006 2755 3251 2802 sucees-

375 2842 622 2910 soribus
675 2844 834 2911 meis
890 2844 954 2909 in
1013 2864 1206 2928 regno
1251 2842 1748 2911 lerosolimitano
1806 2844 2049 2909 retineo
2106 2848 2385 2928 partem,
2442 2860 2631 2926 quam
2686 2840 2887 2909 habeo
2942 2842 3009 2908 in
3052 2842 3249 2929 lucro,

375 2949 543 3035 quod
585 2950 827 3018 faciunt
871 2950 1139 3037 predicti
1183 2950 1413 3018 fratres
1459 2952 1526 3019 in
1559 2950 1752 3017 armis
1797 2970 1900 3017 me
1931 2955 2244 3037 presente,
2292 2948 2585 3017 videlicet
2614 2949 3017 3017 medietatem
3048 2952 3250 3018 tocius

373 3054 534 3123 lucri
579 3058 679 3125 sui
721 3058 790 3125 in
823 3058 989 3125 villis
1036 3059 1181 3125 sive.
1213 3058 1282 3125 in
1328 3060 1552 3126 castris
1599 3059 1735 3125 sive
1781 3059 1846 3125 in
1895 3058 2136 3145 campis
2184 3058 2316 3124 sive
2361 3058 2430 3124 in
2476 3056 2982 3143 expeditionibus
3020 3058 3153 3125 sive
3182 3058 3251 3125 in

375 3156 846 3251 quibuscunque
893 3166 1034 3233 aliis
1077 3166 1250 3233 locis.
1332 3166 1469 3233 Hoc
1515 3171 1756 3250 autem,
1804 3165 1972 3252 quod
2018 3166 2307 3252 superius
2352 3163 2588 3231 dictum
2636 3169 2733 3232 est
2777 3166 2855 3232 de
2902 3165 3250 3251 quitatione

373 3276 436 3339 et
478 3274 850 3357 retentione,
897 3274 1062 3342 bona
1105 3272 1227 3340 fide
1274 3278 1339 3340 et
1382 3272 1617 3359 absque
1663 3274 1836 3339 omni
1881 3273 2050 3340 malo
2094 3272 2348 3357 ingenio
2392 3271 2801 3357 intelligatur.
2878 3272 2966 3339 Ut
3010 3270 3251 3339 autem¹

372 3378 627 3446 donatio
675 3387 738 3448 et
784 3382 1050 3467 quitatio
1097 3381 1381 3467 predicta
1423 3382 1492 3448 in
1536 3387 1916 3468 perpetuum
1964 3382 2347 3465 observetur,
2394 3384 2753 3467 presentem
2785 3385 3025 3447 cartam
3058 3380 3250 3465 sigilli

349 3486 498 3555 mei
554 3488 902 3556 munimine
949 3493 1012 3557 et
1064 3489 1329 3556 testibus
1377 3488 1748 3575 subscriptis
1793 3490 1915 3556 feci
1960 3490 2214 3555 muniri.
2306 3486 2513 3555 Huius
2555 3488 2651 3554 rei
2695 3492 2889 3556 testes
2936 3493 3085 3555 sunt
3126 3486 3250 3555 Ba-

368 3593 577 3661 lianus
634 3596 924 3665 dominus
971 3596 1272 3683 Sydonis;
1334 3594 1512 3663 Oddo
1560 3593 1638 3662 de
1681 3594 2177 3664 Montebeliardo
2192 3646 2211 3681 ,
2267 3595 2444 3680 regni
2495 3594 3027 3679 constabularius3
3090 3594 3286 3663 Gar--

367 3722 560 3769 uerus
603 3702 1030 3787 Alamannus;
1075 3702 1434 3787 RoharduS,
1481 3703 1773 3770 dominus
1820 3702 2109 3791 Cayphe,
2158 3703 2498 3772 Gaufridus
2544 3702 2623 3770 de
2669 3702 2951 3785 Caffran3
2998 3702 3249 3790 Haymo

368 3809 795 3894 Alamannus3
841 3810 1072 3880 Daniel
1118 3811 1196 3879 de
1239 3810 1626 3880 Malenbech.
1696 3810 1930 3879 Actum
1978 3831 2143 3879 anno
2190 3811 2500 3880 dominice
2546 3811 2997 3878 incarnationis
3041 3818 3131 3875 m·
3154 3816 3249 3877 cc·

368 3920 506 3986 xxi·
537 3940 752 3987 mense
783 3919 1025 3987 marcii.

579 4062 623 4125 1,
651 4054 787 4114 ‘25v.
823 4061 982 4115 n.51.
1235 4063 1281 4113 1.
1319 4061 1479 4114 seiam
1514 4061 1576 4114 B.

373 4311 496 4382 56.
541 4314 722 4381 1222
753 4314 970 4401 aprili.
1042 4314 1428 4379 Iniorannus
1473 4314 1764 4378 dominus
1809 4312 2029 4377 Bovae
2070 4312 2283 4377 vendit
2326 4311 2545 4375 domui
2584 4333 2633 4375 s.
2671 4310 2923 4375 Mariae
2975 4310 3243 4377 Theuto-

545 4424 833 4487 nicorum
877 4422 1130 4487 domum
1175 4422 1500 4509 quandam
1552 4419 1716 4507 Tyri
1757 4422 1964 4485 eitam.

587 4562 824 4630 Notum
869 4564 955 4630 sit
999 4563 1286 4631 omnibus
1334 4566 1466 4629 tam
1512 4561 1908 4653 presentibus
1957 4580 2145 4646 quam
2189 4559 2442 4644 futuris,
2498 4559 2663 4645 quod
2710 4578 2823 4642 ego
2870 4556 3242 4624 Iniorannus
3336 4612 3341 4620 .

368 4670 657 4738 dominus
687 4670 858 4738 Bove
899 4670 969 4738 in
1013 4672 1342 4758 presencia
1386 4669 1626 4736 domini
1671 4669 1797 4735 mei
1828 4668 2125 4735 Iohannis
2156 4667 2324 4751 regis
2355 4666 2694 4733 Ierusalem
2742 4665 3006 4732 illustris
3054 4660 3144 4731 et²
3173 4664 3242 4731 in

367 4780 543 4845 curia
596 4800 713 4845 sua
755 4777 1012 4846 vendidi
1063 4777 1248 4845 fratri
1293 4777 1689 4863 HermannO,
1745 4778 2051 4861 magistro
2113 4775 2333 4843 domus
2394 4780 2605 4842 sancte
2657 4772 2855 4839 Marie
2902 4770 3245 4840 Theutoni-

366 4906 584 4955 corum
629 4886 999 4971 Ierusalem,
1059 4891 1126 4954 et
1175 4885 1478 4953 fratribus
1536 4883 1816 4953 eiusdem
1873 4882 2097 4950 domus
2153 4888 2287 4949 tam
2335 4882 2732 4969 presentibus
2780 4900 2967 4967 quam
3013 4880 3243 4948 futuris

367 4994 622 5063 domum
667 5014 859 5063 unam
905 4993 974 5061 in
1019 4993 1185 5081 Tyro
1232 5014 1376 5063 cum
1423 4992 1711 5061 omnibus
1757 4991 2120 5060 introitibus
2167 4995 2232 5059 et
2278 4990 2581 5076 exitibuS,
2634 4988 2922 5057 terraciis
2938 5039 2957 5074 ,
3005 5008 3243 5075 appen-
