3892 5609
1327 413 1715 462 vamzcua
1762 412 2173 464 curvamus,
3010 396 3156 467 431

300 573 470 658 licet,
503 593 624 659 que
653 572 1012 640 iudicialem
1039 573 1370 658 requirunt
1395 571 1776 657 indaginem,
1815 573 1891 638 de
1921 571 2113 659 plano
2144 571 2278 637 sine
2309 569 2579 656 strepitu
2608 571 2673 636 et
2699 567 2901 652 figura
2930 567 3167 650 iudicii,

301 681 368 746 in
402 680 542 747 aliis
567 701 736 766 vcro,
769 685 958 766 prout
989 679 1257 765 qualitas
1288 681 1571 766 ipsorum
1602 679 1898 762 exegerit,
1924 678 2162 744 iustitie
2192 676 2738 763 complementum,
2765 680 3166 760 occupatores

302 809 416 854 seu
461 789 816 855 detentores
861 787 1317 872 molestatoreS,
1364 790 1790 873 presumtores
1836 791 1900 852 et
1933 786 2333 852 iniuriatores
2363 782 2719 849 huiusmodi
2750 802 2991 848 necnon
3022 800 3168 847 con-

301 894 675 962 tradictores
735 894 1048 980 quoslibet
1091 900 1156 961 et
1209 893 1505 980 rebelles,
1563 895 1987 978 cuiuscunque
2043 898 2275 978 status,
2324 891 2563 958 ordinis
2621 890 2717 956 vel
2772 889 3165 972 conditionis,

302 1002 552 1068 etiamsi
595 1001 1148 1088 archiepiscopalis
1193 1001 1291 1068 vel
1337 1002 1714 1089 episcopalis
1760 1002 2086 1086 dignitatis
2132 1000 2489 1083 extiterint,
2550 997 3043 1082 quandocunque
3100 997 3165 1060 et

303 1111 838 1196 quotienscunque
853 1109 1224 1196 expedierit,
1250 1110 1620 1176 auctoritate
1641 1113 1857 1175 nostra
1880 1107 2301 1195 appellatione
2324 1106 2677 1193 postposita
2697 1101 3167 1190 compescendo,

300 1215 593 1282 invocato
627 1217 707 1282 ad
746 1217 883 1302 hoc,
918 1217 974 1282 si
1005 1235 1162 1302 opus
1191 1215 1400 1300 fuerit,
1448 1217 1682 1282 auxilio
1715 1215 1956 1283 brachii
2000 1214 2318 1298 secularis,
2363 1233 2489 1279 non
2536 1209 2925 1301 obstantibus
2968 1207 3169 1276 felicis

300 1322 752 1392 recordationis
787 1323 1096 1391 Bonifacii
1137 1344 1300 1410 pape
1339 1323 1468 1408 viii,
1517 1323 1975 1410 predecessoris
2019 1321 2241 1404 nostri,
2288 1321 2353 1385 in
2401 1320 2624 1406 quibus
2654 1321 3043 1406 precavetur,
3088 1333 3169 1382 ne

301 1431 530 1516 aliquis
578 1436 758 1499 extra
802 1452 982 1498 suam
1027 1430 1346 1497 civitatem
1391 1435 1456 1498 et
1499 1417 1818 1514 diocesim,
1865 1429 1990 1496 nisi
2033 1430 2101 1494 in
2146 1428 2332 1494 certis
2379 1426 2658 1513 exceptis
2704 1423 2949 1492 casibus
2996 1427 3058 1487 et
3100 1422 3170 1490 in

297 1537 426 1603 illis
456 1537 626 1604 ultra
654 1559 846 1604 unam
875 1539 1106 1604 dietam
1143 1557 1180 1602 a
1209 1536 1334 1604 fine
1364 1557 1474 1604 sue
1515 1537 1780 1604 diocesis
1827 1537 1906 1602 ad
1952 1534 2249 1602 iudicium
2299 1538 2609 1616 evocetur,
2656 1553 2766 1599 seu
2810 1552 2889 1598 ne
2926 1528 3169 1596 iudices
3302 1571 3305 1576 -

297 1649 365 1710 et
406 1652 876 1712 conservatores
924 1667 963 1711 a
1005 1645 1152 1711 sede
1195 1644 1477 1730 deputati
1513 1644 1799 1730 predicta
1843 1649 2023 1711 extra
2066 1643 2385 1709 civitatem
2432 1647 2496 1708 et
2539 1638 2835 1708 diocesim
2854 1688 2873 1723 ,
2919 1637 2983 1703 in
3032 1635 3170 1722 qui-

299 1749 419 1817 bus
448 1751 731 1837 deputati
759 1753 1013 1836 fuerint,
1060 1756 1279 1818 contra
1307 1770 1708 1836 quoscunque
1743 1751 2101 1838 procedere,
2150 1748 2283 1816 sive
2329 1748 2437 1815 alii
2481 1747 2583 1814 vel
2627 1744 2767 1812 aliis
2813 1746 2979 1812 vices
3026 1763 3171 1809 suas

299 1859 690 1926 committere
751 1864 859 1925 aut
914 1859 1154 1943 aliquos
1210 1858 1380 1924 ultra
1435 1878 1621 1924 unam
1683 1857 1916 1924 dietam
1976 1878 2014 1922 a
2054 1855 2181 1922 fine
2225 1856 2491 1922 diocesis
2539 1852 2877 1921 eorundem
2920 1851 3171 1918 trahere

298 1971 698 2052 presumant,
756 1987 866 2033 seu
923 1965 1115 2051 quod,
1145 1965 1224 2030 de
1281 1964 1421 2030 aliis
1479 1985 1668 2049 quam
1715 1963 1792 2030 de
1835 1964 2189 2030 manifestis
2246 1963 2493 2030 iniuriis
2541 1967 2605 2029 et
2647 1960 2990 2043 violentiis,
3051 1977 3171 2042 que

299 2073 660 2140 iudicialem
701 2074 1060 2157 indaginem
1109 2072 1395 2156 exigunt,
1444 2073 1624 2160 penis
1669 2072 1736 2137 in
1784 2091 1920 2155 eos,
1968 2073 2023 2138 si
2068 2091 2249 2138 secus
2294 2071 2565 2154 egerint,
2614 2075 2678 2135 et
2720 2069 2786 2136 in
2834 2067 2899 2132 id
2942 2084 3168 2152 procu-

300 2185 514 2246 rantes
575 2180 835 2247 adiectis
849 2231 868 2261 ,
937 2185 1405 2248 conservatores
1465 2201 1533 2246 se
1588 2179 1944 2247 nullatenus
1999 2178 2428 2245 intromittant
2478 2184 2543 2244 et
2598 2183 2727 2242 tam
2782 2176 2861 2242 de
2928 2172 3170 2239 duabus

301 2285 488 2353 dietis
528 2288 595 2353 in
641 2288 904 2354 concilio
948 2287 1246 2371 generali,
1292 2287 1630 2354 dummodo
1677 2287 1844 2353 ultra
1885 2287 2141 2353 tertiam
2189 2285 2287 2353 vel
2332 2289 2619 2370 quartam
2665 2283 2898 2350 dietam
2945 2280 3171 2364 aliquis

303 2399 486 2460 extra
539 2414 717 2461 suam
775 2395 1093 2462 civitatem
1162 2399 1226 2460 et
1281 2394 1579 2461 diocesim
1649 2394 2021 2461 auctoritate
2086 2392 2476 2481 presentium
2542 2391 2621 2457 ad
2677 2389 2979 2457 iudicium
3045 2406 3172 2453 non

302 2501 590 2568 trahatur
657 2522 843 2588 quam
915 2503 1055 2568 aliis
1118 2501 1587 2586 quibuscunque
1643 2501 2193 2568 constitutionibus
2250 2521 2288 2568 a
2344 2495 2886 2586 predecessoribus
2941 2494 3173 2561 nostris

301 2608 604 2676 Romanis
632 2609 1056 2695 pontificibus,
1101 2615 1231 2674 tam
1276 2609 1354 2675 de
1398 2608 1707 2676 iudicibus
1756 2609 2058 2693 delegatis
2104 2614 2167 2675 et
2196 2604 2758 2686 conservatoribus,
2806 2623 2993 2688 quam
3029 2621 3172 2688 per-

305 2717 476 2782 sonis
535 2717 702 2783 ultra
760 2722 998 2784 certum
1055 2735 1385 2781 numerum
1444 2715 1522 2780 ad
1576 2717 1875 2784 iudicium
1921 2736 2048 2782 non
2094 2713 2390 2781 vocandis
2436 2718 2546 2778 aut
2591 2711 2729 2778 aliis
2777 2710 2995 2791 editis,
3052 2727 3171 2792 que

303 2829 514 2890 vestre
569 2829 829 2910 possent
869 2825 937 2889 in
981 2821 1100 2890 hac
1144 2827 1324 2910 parte
1369 2822 1785 2888 iurisdictioni
1833 2827 1944 2888 aut
1986 2821 2285 2908 potestati
2331 2820 2589 2903 eiusque
2631 2818 2829 2884 libero
2874 2815 3173 2882 exercitio

307 2930 774 3015 quomodolibet
817 2930 1102 3016 obviare,
1161 2943 1270 2997 seu
1316 2931 1371 2996 si
1417 2929 1726 3014 aliquibus
1775 2928 2191 2996 communiter
2236 2927 2336 2995 vel
2382 2925 2632 2993 divisim
2680 2945 2718 2989 a
2762 2923 3045 3010 predicta
3089 2920 3175 2988 sit

305 3037 454 3103 sede
483 3038 816 3124 indultum,
864 3039 1029 3123 quod
1059 3039 1367 3122 interdici,
1415 3037 1714 3124 suspendi
1760 3036 1858 3104 vel
1903 3035 2434 3104 excommunicari
2480 3052 2591 3099 scu
2637 3034 2819 3097 extra
2863 3030 2960 3098 vel
3006 3029 3173 3096 ultra

305 3150 481 3212 certa
507 3145 646 3213 loca
675 3146 754 3212 ad
783 3145 1086 3212 iudicium
1117 3146 1362 3212 evocari
1393 3165 1517 3211 non
1548 3144 1794 3231 possint
1833 3164 1947 3230 per
1989 3142 2235 3210 litteras
2282 3140 2657 3229 apostolicas
2702 3158 2831 3204 non
2872 3137 3173 3204 facientes

307 3251 562 3337 plenam
617 3258 682 3320 et
723 3273 1088 3338 expressam
1136 3273 1209 3319 ac
1254 3253 1331 3320 de
1374 3252 1566 3318 verbo
1611 3251 1693 3317 ad
1737 3251 1994 3340 verbum
2040 3250 2118 3316 de
2161 3248 2406 3316 indulto
2451 3245 2806 3314 huiusmodi
2852 3249 2915 3311 et
2960 3263 3173 3310 eorum

307 3359 613 3445 personis,
643 3359 817 3445 lociS,
851 3360 1173 3426 ordinibus
1204 3363 1267 3426 et
1309 3359 1666 3426 nominibus
1714 3358 1985 3444 propriis
2030 3357 2412 3424 mentionem
2459 3361 2522 3423 et
2552 3353 2830 3440 qualibet
2857 3351 2981 3418 alia
3012 3351 3176 3418 dicte

307 3464 476 3532 sedis
533 3464 925 3552 indulgentia
975 3466 1252 3551 generali
1298 3467 1399 3533 vel
1453 3465 1708 3553 speciali
1754 3465 2175 3550 cuiuscunque
2230 3465 2465 3530 tenoris
2511 3461 2773 3544 existat,
2830 3480 2944 3547 per
2987 3479 3175 3545 quam

305 3574 704 3661 presentibus
748 3578 876 3641 non
922 3594 1286 3660 expressam
1332 3573 1432 3640 vel
1476 3572 1754 3639 totaliter
1797 3592 1925 3638 non
1970 3572 2273 3639 insertam
2319 3574 2527 3638 vestre
2570 3567 3021 3634 iurisdictionis
3068 3586 3175 3633 ex-

303 3680 564 3767 plicatio
593 3681 802 3748 valeat
831 3681 1298 3768 quomodolibet
1339 3680 1631 3766 impediri
1679 3685 1744 3746 et
1787 3680 1865 3747 de
1910 3699 2037 3765 qua
2071 3679 2379 3763 cuiusque
2424 3682 2555 3744 toto
2601 3679 2819 3742 tenore
2864 3674 2942 3741 de
2986 3674 3175 3764 verbo

313 3787 398 3854 ad
455 3786 710 3855 verbum
757 3789 824 3854 in
870 3791 1102 3855 nostris
1146 3788 1378 3855 litteris
1421 3787 1708 3854 habenda
1752 3789 1836 3853 sit
1879 3787 2115 3854 mentio
2163 3785 2472 3873 specialis.
2552 3782 2845 3850 Ceterum
2892 3780 3177 3848 volumus

309 3901 376 3962 et
433 3896 778 3981 apostolica
833 3897 1204 3963 auctoritate
1260 3895 1684 3978 decernimus,
1747 3895 1912 3980 quod
1972 3893 2233 3980 quilibet
2289 3897 2567 3959 vestrum
2624 3889 2921 3976 prosequi
2970 3889 3178 3954 valeat

309 4003 645 4070 articulum
677 4003 865 4070 etiam
897 4024 1011 4089 per
1052 4002 1244 4068 alium
1287 4001 1669 4086 inchoatum,
1715 4000 2005 4088 quamvis
2050 4001 2214 4067 idem
2262 3999 2559 4066 inchoans
2605 3996 2777 4063 nullo
2822 3995 3014 4061 fuerit
3057 3995 3177 4060 im-

308 4111 670 4197 pedimento
699 4111 998 4178 canonico
1028 4109 1388 4194 impedituS,
1437 4109 1722 4193 quodque
1765 4130 1802 4175 a
1848 4109 1995 4175 data
2038 4108 2429 4195 presencium
2478 4105 2560 4171 sit
2601 4103 2783 4170 vobis
2828 4109 2893 4170 et
2934 4101 3175 4168 unicui-

312 4235 435 4302 que
463 4221 745 4283 vestrum
773 4216 841 4283 in
884 4217 1208 4304 premissis
1254 4215 1546 4281 omnibus
1591 4221 1654 4282 et
1700 4236 1913 4282 eorum
1958 4215 2223 4300 singulis
2268 4214 2465 4301 ceptis
2513 4218 2577 4280 et
2618 4232 2746 4278 non
2789 4209 2988 4296 ceptis
3032 4228 3179 4295 pre-

313 4323 594 4390 sentibus
656 4329 720 4390 et
772 4323 1000 4390 futuris
1055 4329 1431 4410 perpetuata
1482 4327 1762 4409 potestas
1821 4327 1884 4390 et
1935 4322 2283 4388 iurisdictio
2336 4320 2671 4403 attributa,
2730 4323 2801 4383 ut
2844 4337 2917 4384 eo
2964 4317 3179 4400 vigore

313 4450 512 4517 eaque
561 4429 858 4497 firmitate
901 4432 1158 4517 possitis
1201 4431 1268 4497 in
1312 4430 1637 4516 premissis
1685 4431 1971 4497 omnibus
2016 4428 2216 4516 ceptis
2262 4433 2327 4494 et
2368 4447 2495 4493 non
2538 4425 2737 4513 ceptis
2779 4422 3177 4512 presentibus

315 4545 382 4608 et
433 4539 662 4606 futuris
719 4544 784 4605 et
837 4557 951 4624 pro
1006 4537 1304 4625 predictis
1363 4538 1700 4622 procedere
1715 4587 1734 4622 ,
1793 4537 1922 4604 acsi
1975 4536 2259 4623 predicta
2315 4535 2528 4600 omnia
2572 4537 2635 4600 et
2678 4531 2927 4616 singula
2968 4549 3177 4598 coram

315 4646 492 4713 vobis
559 4651 745 4732 cepta
799 4645 1068 4711 fuissent
1127 4651 1190 4712 et
1245 4644 1596 4712 iurisdictio
1655 4649 1864 4710 vestra
1919 4648 1982 4710 et
2037 4641 2371 4709 cuiuslibet
2425 4648 2701 4707 vestrum
2755 4641 2821 4705 in
2878 4637 3177 4725 predictis

316 4753 604 4820 omnibus
661 4757 727 4820 et
783 4752 1045 4837 singulis
1102 4773 1218 4839 per
1277 4752 1636 4820 citationem
1698 4749 1796 4816 vel
1850 4749 2105 4815 modum
2161 4747 2354 4814 alium
2412 4747 2763 4830 legitimum
2808 4749 3181 4831 perpetuata

315 4861 681 4944 exstitisset,
727 4860 1170 4926 constitutione
1200 4859 1484 4946 predicta
1515 4879 1704 4946 super
1733 4854 2276 4924 conservatoribus
2323 4858 2387 4920 et
2431 4853 2557 4920 alia
2601 4851 2879 4938 qualibet
2921 4849 2989 4916 in
3034 4870 3181 4916 con-

317 5093 480 5140 anno
525 5073 734 5140 tertie.
