3892 5609
1381 1308 2226 1450 ALEMANNIA.
2335 1308 2968 1421 ΒΟΗΕΜΙΑ.

756 1739 927 1812 173.
970 1743 1147 1809 1219
1176 1746 1345 1809 iunii
1363 1743 1454 1809 22
1483 1744 1678 1809 Reate
1706 1742 1823 1827 (cf.
1849 1743 2027 1810 1219
2048 1746 2217 1809 iunii
2235 1741 2376 1824 25).
2433 1741 2758 1809 Honorius
2781 1743 2907 1809 III
2938 1742 3264 1826 confirmat
3303 1745 3385 1806 oi.
3421 1739 3612 1806 Theo.

967 1849 1291 1916 Fddmoi
1317 1850 1403 1915 II
1424 1853 1917 1916 constitutionem
1954 1849 2164 1932 (1214
2192 1851 2418 1936 septbr.
2444 1849 2520 1932 5)
2551 1853 2628 1915 de
2657 1851 3057 1936 acquirendis
3083 1850 3307 1934 feodis
3335 1850 3612 1934 impet-ii.

968 1989 1283 2057 Honorius
1314 1990 1667 2078 episcopus,
1692 2011 1911 2058 servus
1936 2009 2262 2057 servorum
2283 1989 2406 2074 dei,
2431 1989 2675 2058 dilectis
2703 1989 2850 2057 filiis
2881 1991 3184 2075 magistro
3216 1994 3282 2056 et
3307 1989 3614 2056 fratribus

744 2097 1075 2184 hospitalis
1134 2103 1350 2165 sancte
1403 2096 1604 2165 Marie
1648 2098 2173 2165 Theutonicorum
2217 2096 2700 2164 lerosolimitani
2754 2096 3024 2165 salutem
3081 2103 3145 2163 et
3199 2094 3614 2183 apostolicam

747 2203 1266 2272 benedictionem.
1302 2233 1321 2250 ,
1442 2203 1633 2270 Iustis
1675 2205 2023 2290 petentium
2072 2204 2400 2272 desideriis
2445 2204 2706 2288 dignum
2752 2209 2848 2271 est
2891 2225 3008 2271 nos
3053 2203 3304 2270 facilem
3349 2202 3618 2289 prebere

746 2332 1121 2380 consensum
1164 2316 1230 2378 et
1259 2315 1425 2396 vota,
1472 2331 1593 2396 que
1638 2331 1677 2378 a
1716 2312 1982 2378 rationis
2027 2312 2280 2378 tramite
2324 2331 2452 2378 non
2497 2311 2879 2395 discordant,
2927 2309 3150 2378 effectu
3193 2313 3616 2396 prosequente

746 2419 1081 2506 complere.
1152 2416 1311 2484 Cum
1360 2418 1555 2502 igitur
1609 2418 1972 2485 carissimus
2017 2419 2085 2484 in
2132 2418 2382 2486 Christo
2425 2417 2592 2485 filius
2636 2424 2850 2485 noster
2893 2417 3284 2502 Rider-ioue,
3345 2417 3616 2484 illustris

746 2545 862 2593 rex
906 2524 1143 2609 Sicilie,
1187 2525 1255 2591 in
1298 2523 1721 2591 Romanorum
1768 2525 2215 2612 imperatorem
2261 2525 2526 2610 electae,
2573 2525 2750 2610 regia
2790 2525 3170 2592 liberalitate
3211 2524 3617 2607 concesserit,

745 2638 839 2716 ut,
886 2633 1238 2717 quicunque
1271 2629 1484 2716 aliqua
1526 2631 1604 2698 de
1650 2631 1831 2699 bonis
1876 2633 2128 2720 imperii
2175 2634 2458 2720 possidet
2492 2633 2746 2699 nomine
2772 2631 2967 2716 feudi,
3010 2631 3207 2700 libere
3251 2637 3316 2698 et
3351 2631 3618 2700 licenter

748 2743 1053 2824 quantum
1097 2737 1370 2805 voluerit
1414 2759 1493 2806 ex
1541 2738 1779 2806 eisdem
1824 2745 2144 2825 tamquam
2193 2740 2272 2807 de
2327 2740 2602 2827 propriis
2649 2735 2882 2806 valeat¹
2927 2738 3140 2804 domui
3193 2743 3405 2806 vestre
3467 2758 3619 2806 con-

746 2845 945 2930 ferre,
1004 2865 1129 2912 nos
1169 2846 1633 2913 concessionem
1678 2845 1884 2932 ipsam
1928 2847 2034 2933 pie
2080 2867 2154 2914 ac
2208 2847 2471 2934 provide
2523 2848 2754 2914 factam
2769 2895 2788 2930 ‚
2849 2845 3016 2912 sicut
3065 2846 3134 2911 in
3190 2845 3391 2932 ipsius
3445 2846 3620 2929 regis

747 2951 1079 3038 privilegio
1124 2952 1482 3020 continetur
1496 3001 1515 3036 ,
1574 2952 1947 3020 auctoritate
2007 2953 2355 3040 apostolica
2409 2952 2850 3022 confirmamus
2907 2958 2972 3019 et
3024 2953 3336 3039 presentis
3391 2952 3620 3038 scripti

748 3059 1099 3145 patrocinio
1166 3059 1643 3125 communimus.
1719 3058 1895 3126 Nulli
1952 3079 2098 3144 ergo
2157 3061 2410 3128 omnino
2477 3059 2803 3126 hominum
2854 3058 3045 3126 liceat
3099 3059 3262 3126 hane
3314 3059 3620 3146 paginam

748 3169 963 3232 nostre
1006 3163 1497 3232 confirmationis
1542 3165 1887 3250 infringere
1917 3166 2017 3234 vel
2064 3167 2122 3235 ei
2163 3188 2320 3234 ausu
2365 3166 2698 3234 temerario
2727 3166 3060 3232 contraire.
3133 3164 3203 3232 Si
3231 3165 3375 3251 quis
3405 3172 3621 3232 autem

748 3270 869 3338 hoc
898 3276 1274 3359 attemptare
1317 3273 1793 3359 presumpserit,
1839 3273 2336 3358 indignationem
2369 3273 2818 3360 omnipotentis
2849 3273 2952 3339 dei
2994 3277 3058 3339 et
3085 3271 3414 3340 beatorum
3441 3272 3624 3340 Petri

751 3383 815 3444 et
855 3376 1040 3444 Pauli
1084 3377 1513 3464 apostolorum
1570 3379 1705 3445 eius
1761 3400 1829 3446 se
1880 3379 2129 3448 noverit
2171 3381 2588 3448 incursurum.
2667 3379 2906 3446 Datum
2948 3377 3145 3446 Reate
3197 3379 3440 3447 decimo
3485 3379 3631 3446 kal.⁷

748 3483 889 3550 iulii
931 3483 1333 3570 pontificatus
1376 3485 1578 3551 nostri
1626 3505 1791 3553 anno
1835 3487 2045 3554 tertio.

964 3607 1087 3659 Sine
1134 3606 1277 3659 dato:
1325 3607 1389 3658 A.
1416 3607 1487 3658 20
1522 3624 1573 3660 ιι.
1597 3607 1791 3659 LXXX
1832 3609 2014 3661 Latine
2063 3619 2117 3662 et
2151 3610 2465 3662 Germanice.
2528 3609 2593 3660 A.
2625 3608 2688 3660 16
2723 3626 2774 3675 p.
2804 3609 2904 3660 113
2947 3607 3254 3672 „Treviris“.
3325 3610 3450 3660 Cum
3497 3610 3619 3661 dato

757 3695 963 3760 „Reate
984 3712 1016 3746 x
1046 3695 1151 3746 kal.
1174 3695 1280 3748 iulii
1314 3713 1365 3762 p.
1390 3713 1441 3748 ιι.
1466 3714 1514 3746 a.
1539 3696 1603 3747 3⁸
1644 3695 1697 3745 in
1732 3697 2028 3764 apographo
2065 3699 2356 3750 transeunti
2389 3715 2420 3748 e
2456 3696 2604 3749 domo
2639 3697 2919 3763 Ellingensi
2953 3697 3017 3750 R..
3040 3697 3112 3748 49
3147 3713 3200 3748 ιι.
3223 3697 3314 3760 38,
3349 3709 3404 3748 et
3437 3699 3622 3749 iterum

750 3783 816 3834 R.
842 3782 911 3835 73
946 3784 1079 3835 inter
1111 3784 1621 3850 Mergenthemensia.
1684 3785 1807 3835 Cum
1843 3784 1962 3837 dato
2005 3785 2199 3851 „Reate
2233 3786 2301 3836 vii
2336 3785 2440 3837 kal.
2477 3783 2584 3835 iulii
2599 3801 2669 3850 ep.
2695 3803 2744 3836 ιι.
2769 3802 2818 3837 a.
2841 3787 2939 3837 3⁴⁶:
2986 3785 3077 3849 IV,
3119 3785 3306 3848 174v.;
3351 3795 3408 3838 et
3443 3786 3618 3852 copia·

750 3871 879 3922 rium
914 3887 1047 3924 saec.
1072 3889 1152 3934 n,
1187 3872 1324 3923 unde
1359 3871 1521 3924 edidit
1554 3871 1764 3924 Hennes
1796 3874 1841 3936 1,
1876 3874 1940 3925 41
1985 3892 2035 3926 n.
2059 3874 2146 3926 38.
2362 3875 2408 3926 1.
2447 3871 2638 3924 valeret
2672 3871 2740 3924 H.

761 4109 934 4180 174.
974 4113 1151 4180 1219
1192 4115 1363 4179 iunii
1386 4114 1475 4179 25
1507 4113 1721 4180 Reate.
1781 4114 2108 4181 Honorius
2128 4138 2316 4202 papa
2339 4114 2463 4180 III
2487 4117 2710 4201 repetit
2738 4138 2800 4179 n.
2828 4114 2970 4180 173
2999 4115 3076 4179 de
3105 4115 3282 4182 1219
3313 4118 3486 4182 iunii
3509 4117 3614 4181 22.

973 4234 1291 4303 Honorius
1320 4242 1437 4304 ete.
1506 4236 1696 4304 Iustis
1726 4239 2077 4322 petentium
2107 4243 2224 4306 etc.
2295 4238 2532 4305 Datum
2561 4237 2758 4304 Reate
2785 4237 2875 4303 vii
2905 4237 3030 4304 kal.
3063 4237 3205 4304 iulii
3232 4260 3296 4325 p.
3321 4259 3384 4306 n.
3418 4260 3474 4306 a.
3501 4241 3616 4306 iii0.

764 4489 935 4560 175.
974 4493 1155 4559 1222
1197 4517 1341 4580 atq.
1373 4465 1463 4560 ’26
1505 4495 1639 4558 ind.
1668 4519 1733 4559 x.
1775 4517 1826 4558 ε.
1854 4494 1893 4558 ι.
1971 4493 2332 4575 occakem,
2381 4495 2722 4560 Bohemiae
2763 4518 2906 4576 m,
2957 4497 3204 4582 fratres
3251 4496 3312 4560 h.
3345 4520 3395 4561 ε.
3429 4497 3524 4562 M.
3557 4500 3616 4562 a.

983 4598 1100 4664 Th.
1134 4599 1190 4664 I.
1238 4623 1379 4666 cum
1420 4601 1913 4687 possessionibus
1961 4613 2020 4666 ec
2055 4601 2329 4686 familia
2377 4623 2500 4689 per
2543 4603 2917 4668 Bokemiam
2961 4617 3018 4670 et
3060 4605 3426 4670 Mor-aviam
3459 4627 3618 4690 pro—

976 4708 1235 4772 tect-ione
1275 4728 1395 4772 sua
1438 4720 1497 4773 et
1536 4709 1925 4774 immunitate
1969 4709 2181 4774 donat.

976 4845 1049 4912 In
1093 4846 1349 4912 nomine
1394 4851 1610 4914 sancte
1653 4847 1958 4914 trinitatis
2006 4852 2070 4915 et
2111 4847 2434 4914 individue
2477 4849 2758 4916 unitatis.
2827 4849 2965 4934 Ego
2997 4849 3279 4916 Odoacer
3318 4871 3436 4917 rex
3463 4849 3622 4918 Boe-

754 4971 1001 5020 morum
1044 4953 1277 5020 tercius
1306 4951 1670 5022 Hermanno
1716 4955 2020 5039 magistro
2061 4953 2393 5041 hospitalis
2423 4961 2639 5023 sancte
2667 4955 2868 5024 Marie
2897 4953 3424 5024 Theotonicorum
3455 4956 3624 5026 Iero-
