3892 5609
1275 354 1288 372 ,
1383 264 1773 369 vamrern
1817 296 2207 346 eni-rmus
2418 340 2423 347 .
3068 286 3111 355 2
3124 286 3164 356 6
3180 286 3215 357 1

361 460 650 547 gerentes
695 480 808 527 seu
849 458 991 545 alii,
1050 460 1159 546 qui
1201 459 1369 525 infra
1413 478 1628 525 eorum
1682 456 2143 525 iurisdictiones
2190 460 2425 525 temere
2470 461 2873 524 excesserunt
2916 413 3033 523 autP
3070 456 3223 525 deli-

360 571 655 655 querunt,
698 588 891 654 >super
932 564 1055 633 hiis
1103 567 1180 655 de
1225 568 1362 633 inre
1395 566 1778 652 respondere
1807 566 2077 633 debeant
2109 566 2175 631 in
2209 586 2281 631 eo
2310 565 2469 650 loce,
2516 566 2626 632 ubi
2670 584 2963 631 excessus
3011 570 3074 633 et
3116 565 3223 633 de-

359 675 515 743 licta
556 675 914 741 huiusmodi
957 675 1214 741 fuerunt
1255 679 1640 760 perpetrata,
1684 692 1926 740 necnon
1972 672 2325 757 ubicunque
2370 671 2647 738 eiusdem
2692 671 3015 755 religionis
3061 673 3226 741 bona

359 804 476 849 seu
519 783 924 869 proprietarii
955 802 1034 849 ex
1061 783 1317 849 fossatis
1349 802 1459 848 seu
1487 780 1949 847 municionibus
1983 780 2343 846 huiusmodi
2370 779 2607 845 fuerint
2634 784 2914 862 gravata5
2960 800 3039 850 ex
3069 800 3221 865 qua-

359 910 628 975 cumque
672 891 915 974 gracia,
969 888 1298 977 privilegio
1347 894 1412 957 et
1455 888 1852 956 concessione
1897 887 2017 954 hoc
2056 888 2295 953 factum
2338 887 2503 953 foret
2546 906 2657 952 seu
2706 884 2911 971 fleret,
2969 888 3033 953 id
3050 892 3223 975 'pre-

359 997 530 1064 dicto
576 998 878 1081 magistro
926 998 993 1063 in
1038 999 1168 1065 suis
1212 998 1475 1082 iuribus,
1521 996 1888 1085 privilegiis,
1936 996 2165 1079 graciis
2212 999 2277 1060 et
2310 993 2584 1078 antiquis
2616 992 3036 1059 observanciis
3083 996 3222 1062 nul-

357 1102 496 1171 lum
541 1098 883 1191 dampnum
931 1125 1042 1172 seu
1087 1106 1502 1193 preiudicium
1549 1104 1734 1171 debet
1777 1101 2001 1169 afferre
2059 1122 2175 1170 nec
2220 1101 2419 1167 dictos
2480 1101 2769 1187 proprios
2814 1101 3097 1168 homines
3143 1102 3224 1168 li-

361 1212 584 1279 berare
643 1218 753 1278 aut
809 1212 1084 1279 eximere
1129 1232 1376 1298 quoquo
1423 1211 1639 1295 modo,
1697 1210 2070 1277 mandantes
2124 1215 2463 1297 propterea
2505 1208 2795 1274 omnibus
2852 1214 2917 1275 et
2959 1203 3222 1292 singulis

361 1316 773 1406 principibus,
821 1320 1173 1404 comitibus,
1220 1318 1579 1403 baronibus,
1625 1317 1954 1401 militibus,
2000 1316 2354 1400 clientibus»,
2408 1314 2747 1399 advocatie,
2796 1316 3221 1401 provisoribus

359 1427 828 1514 provinciarum
875 1432 940 1493 et
984 1426 1126 1493 aliis
1169 1426 1510 1512 iudicibus,
1557 1425 1960 1509 officialibus,
2008 1425 2321 1509 scultetis,
2366 1422 2898 1508 burgimagistris‚
2946 1424 3223 1491 consiliis

360 1539 428 1602 et
457 1534 1010 1601 communitatibus
1042 1536 1320 1601 omnium
1367 1539 1432 1601 et
1461 1534 1848 1619 singulorum
1879 1532 2225 1616 civitatum,
2274 1530 2617 1629 opidorum,
2650 1536 2715 1597 et
2741 1530 3032 1596 villarum
3078 1550 3223 1598 nec-

359 1660 490 1709 non
535 1641 824 1713 omnibus
873 1640 1012 1707 aliis
1058 1643 1288 1709 nostris
1336 1648 1400 1709 et
1429 1641 1578 1709 dicti
1623 1641 1876 1728 imperii
1921 1639 2187 1708 subditis
2235 1643 2299 1706 et
2340 1637 2631 1706 fidelibus
2676 1638 2975 1705 seriosius
3020 1642 3085 1705 et
3129 1634 3223 1704 di-

359 1749 642 1816 strictius
686 1768 800 1836 per
843 1754 1190 1835 presentes,
1237 1749 1404 1834 quod
1447 1750 1918 1837 prenominatos
1964 1748 2335 1831 magistrum
2382 1751 2447 1813 et
2489 1745 2855 1828 religionem
2887 1744 3223 1812 Theotoni-

361 1876 582 1924 corum
623 1857 692 1921 in
737 1855 1069 1923 Alamanie
1113 1861 1179 1923 et
1221 1855 1400 1922 Italie
1448 1857 1732 1941 partibus
1790 1858 1857 1922 in
1909 1854 2142 1921 talibus
2188 1854 2419 1919 nostris
2444 1853 2717 1919 statutis
2764 1859 2830 1919 et
2874 1852 3223 1919 ordinacio-

358 1963 548 2030 nibus
593 1968 1042 2029 manuteneant
1087 1969 1152 2029 et
1193 1962 1534 2029 defendant
1587 1968 1652 2029 et
1707 1983 1812 2029 eos
1864 1963 1932 2029 in
1976 1963 2097 2031 hoc
2139 1961 2493 2029 nullatenus
2536 1959 2889 2047 impediant
2933 1979 3044 2025 seu
3088 1978 3222 2026 mo-

359 2070 622 2156 lestent,
677 2070 790 2138 sed
835 2090 940 2138 eos
984 2070 1112 2136 illis
1165 2070 1422 2156 pacifice
1465 2069 1738 2153 gaudere
1800 2072 2203 2157 permittant,
2260 2069 2423 2135 sicut
2464 2070 2587 2155 ipsi
2632 2071 2914 2163 nostram
2962 2073 3025 2133 et
3070 2066 3222 2133 dicti

359 2179 616 2265 imperii
658 2198 915 2263 gravem
956 2177 1457 2262 indignacionem
1491 2178 1754 2264 cupiunt
1781 2179 2037 2263 evitare,
2085 2184 2150 2245 et
2188 2177 2304 2243 sub
2350 2196 2515 2264 pena
2550 2174 3011 2260 quinquaginta
3054 2196 3223 2241 mar·
3337 2174 3356 2187 ⁸

361 2286 624 2353 charum
680 2287 824 2372 puri
868 2286 1038 2369 auri,
1101 2304 1292 2370 quam
1337 2285 1600 2370 quilibet
1645 2292 1864 2352 contra
1915 2286 2036 2352 hoc
2081 2285 2337 2352 veniens
2388 2288 2625 2350 temere
2680 2302 2795 2369 pro
2840 2302 2967 2347 una
3008 2290 3223 2349 nostre

362 2399 429 2461 et
473 2413 718 2459 camere
763 2393 916 2460 dicti
959 2392 1212 2479 imperii
1267 2399 1332 2458 et
1386 2392 1510 2458 alia
1565 2392 2007 2459 medietatibus
2064 2392 2311 2479 prefato
2355 2392 2659 2475 magistro
2703 2388 3223 2457 irremissibiliter
3338 2434 3345 2449 ,

360 2500 844 2587 persolvendam
871 2499 1130 2566 incidat.
1183 2498 1340 2565 Cum
1372 2499 1730 2566 testimonio
1753 2500 2149 2587 presencium
2177 2500 2532 2567 litterarum
2561 2505 2777 2566 nostre
2800 2496 3222 2563 Romanorum

359 2608 535 2691 regie
590 2608 936 2674 maiestatis
992 2606 1200 2690 sigillo
1252 2607 1660 2690 signatarum.
1739 2608 1978 2674 Datum
2024 2607 2397 2674 Constancie
2442 2614 2627 2673 anno‘
2654 2628 2693 2673 a
2736 2604 3069 2675 nativitate
3112 2606 3223 2671 do·=

360 2714 521 2780 mini
576 2714 911 2782 millesimo
967 2709 1580 2800 quadringentesimo
1639 2716 1856 2800 quinto
1913 2716 2157 2782 decimo
2213 2714 2315 2781 die
2378 2718 2670 2800 proxima
2724 2716 3021 2787 Mercurii
3076 2725 3223 2786 ante

361 2822 592 2888 festum
648 2820 850 2887 sancti
901 2819 1194 2888 Iohannis
1252 2820 1526 2909 baptiste
1582 2842 1920 2915 regnorum¹
1972 2826 2329 2889 nostrorum
2377 2822 2650 2907 Ungarie
2704 2826 3001 2894 vicesimo
3056 2847 3221 2894 nono

363 2937 430 2996 et
473 2928 895 2995 Romanorum
942 2930 1176 3015 quinto.

575 3042 666 3107 IV,
704 3042 824 3096 258.
893 3043 1183 3095 continetur
1217 3043 1270 3094 in
1305 3042 1684 3095 confirmacione
1719 3044 1936 3109 Eugenii
1970 3044 2043 3095 lv
2080 3044 2146 3095 de
2186 3044 2315 3095 1431
2356 3044 2484 3097 febr.
2514 3044 2597 3098 18.
2814 3049 2859 3101 1.
2897 3050 3125 3115 experire
3160 3048 3221 3103 Β.

363 3132 414 3185 2.
453 3148 608 3199 seque
643 3131 702 3184 B.
915 3132 966 3184 3.
1001 3132 1220 3183 faciendi
1257 3151 1302 3184 a.
1329 3151 1376 3184 a.
1406 3132 1684 3185 invadendi
1712 3132 1772 3184 B.
1984 3134 2035 3187 4.
2072 3134 2293 3201 pertinet
2326 3133 2387 3185 B.

369 3336 546 3411 294.
587 3340 766 3406 1427
803 3352 986 3406 mart.
1013 3341 1102 3407 12
1145 3340 1558 3427 Marienburq
1607 3340 2060 3427 Striyoniemis
2106 3342 2387 3407 diocesis.
2461 3342 2929 3429 Siqismundm,
2980 3344 3219 3411 Roma-

587 3470 832 3529 norum,
880 3446 1215 3535 Unyariae,
1259 3448 1602 3514 Bokemiae
1635 3471 1767 3529 rex,
1815 3448 2159 3517 Ludowico
2203 3430 2491 3537 pala'tino
2526 3450 2735 3517 Rheni
2762 3455 3104 3533 committit,
3152 3467 3223 3520 ut
3326 3460 3331 3468 “

585 3560 822 3642 petenti
875 3558 1118 3622 ordinis
1179 3554 1548 3623 Theutonici
1596 3559 1897 3643 maqisbro
1960 3558 2303 3644 privileqia
2367 3560 2817 3646 imperatorum
2884 3574 2941 3626 et
3004 3583 3221 3648 requm

589 3676 992 3730 transsumat.

590 3786 1048 3872 sigismundus,
1096 3788 1196 3854 dei
1241 3788 1453 3871 gracia
1495 3786 1918 3855 Romanorum
1964 3809 2078 3855 rex
2122 3808 2369 3876 semper
2415 3794 2713 3873 augustus
2761 3808 2834 3855 ac
2879 3789 3220 3876 Hungarie‚

361 3895 650 3979 Boemie‚
697 3894 1055 3987 Dalmacie,
1104 3894 1360 3961 Croacie
1410 3900 1525 3961 etc.
1573 3915 1718 3979 rex,
1775 3895 2007 3962 illustri
2049 3894 2398 3981 Ludovico‚
2456 3898 2671 3963 comiti
2715 3897 2994 3983 palatino
3039 3897 3221 3983 Beni,

363 4004 531 4070 sacri
560 4001 828 4068 Romani
871 4001 1123 4087 imperii
1168 4001 1625 4089 archidapifero
1675 4024 1748 4069 ac
1791 4002 1936 4070 duci
1966 4002 2251 4088 Bavarie‚
2296 4005 2571 4091 principi
2618 4004 2873 4071 electori
2920 4009 2982 4071 et
3026 4026 3221 4073 avun-

363 4110 506 4177 culo
551 4114 762 4176 nostro
811 4108 1136 4175 carissimo
1181 4110 1454 4193 graciam
1502 4109 1741 4193 regiam
1800 4116 1865 4176 et
1916 4130 2099 4178 omne
2144 4112 2397 4179 bonum.
2476 4111 2853 4198 Expositum
2902 4117 2997 4178 est
3040 4112 3219 4180 nobis

361 4237 483 4304 pro
527 4223 706 4302 parte
751 4214 1124 4283 venerabilis
1171 4222 1234 4283 et
1277 4217 1554 4301 religiosi
1597 4218 1721 4284 viri
1763 4218 1978 4285 fratris
2008 4218 2361 4285 Eberhardi
2404 4220 2481 4285 de
2514 4218 2959 4304 Sawnszheim‚
3008 4221 3220 4307 hospi-

361 4324 513 4390 talis
569 4324 749 4390 beate
805 4322 1004 4389 Maris
1057 4323 1578 4391 Theotonicorum
1637 4324 2161 4391 lherosolimitani
2226 4347 2340 4412 per
2396 4326 2795 4393 Alamaniam
2852 4332 2917 4394 et
2972 4328 3221 4401 Italiam

363 4418 654 4515 magistri
690 4435 754 4496 et
797 4432 1184 4516 preceptor-is
1225 4432 1556 4517 generalis,
1603 4432 1945 4499 consiliarii
1985 4434 2185 4500 nostri
2228 4432 2430 4500 fidelis
2463 4433 2695 4518 dilecti,
2744 4437 3051 4520 quomodo
3084 4437 3223 4523 ipse

365 4544 432 4607 et
476 4538 712 4605 dietum
757 4536 1064 4624 hospitale
1109 4544 1282 4606 certa
1327 4540 1596 4607 habeant
1650 4540 1982 4626 privilegia
2036 4560 2109 4607 ac
2162 4542 2553 4608 munimenta
2607 4543 2763 4629 ipsis
2811 4563 2850 4609 a
2894 4543 3057 4609 divis
3101 4544 3221 4610 im*

365 4645 760 4734 peratoribus
803 4644 1228 4712 Romanorum
1275 4651 1340 4713 et
1382 4647 1634 4732 regibus
1691 4648 2233 4733 predecessoribus
2277 4649 2511 4715 nostris
2559 4670 2598 4716 a
2640 4650 2943 4736 nobisque
2987 4652 3221 4734 gratio÷

363 4753 498 4821 sius
544 4771 839 4819 concessa
883 4757 947 4819 et
991 4752 1265 4837 indulta,
1323 4774 1444 4838 que
1489 4774 1604 4841 pro
1650 4754 2009 4822 defensione
2056 4754 2381 4823 domorum
2428 4762 2493 4823 et
2534 4757 2763 4825 iurium
2810 4757 2963 4824 dicti
3007 4758 3221 4845 hospi*

364 4860 512 4928 talis
569 4879 824 4927 necesse
878 4858 1151 4926 habeant
1210 4880 1426 4928 coram
1468 4862 1734 4929 diversis
1785 4861 2095 4929 iudicibus
2140 4869 2578 4950 terrarumque
2622 4864 2968 4932 rectoribus
3012 4871 3220 4934 trans·

363 4968 612 5053 ducere,
659 4968 988 5035 ostendere
1029 4972 1094 5035 et
1139 4968 1454 5054 exhibere,
1498 4989 1622 5055 que
1665 4975 1922 5057 propter
1952 4971 2198 5041 viarum
2229 4972 2612 5059 discrimina,
2654 4963 2937 5044 locorum
2980 4972 3220 5043 distan-
