3892 5609
737 376 890 447 244
1460 388 1969 438 IMPERATORUM
2012 391 2103 469 nr
2146 390 2388 439 nnc-tm
2432 376 2878 439 RouAnomm

732 568 981 631 eorum,
1051 568 1171 633 que
1224 548 1580 634 imperialia
1637 548 1955 633 detinent,
2022 549 2204 616 nobis
2260 550 2620 636 specialiter
2676 549 3069 637 providimus
3136 546 3600 615 reservandam.

731 654 969 723 Datum
1013 654 1429 739 Hagen(ovie)
1476 676 1641 721 nono
1687 656 1992 723 kalendas
2038 657 2253 723 martii
2298 656 2476 741 regni
2519 658 2723 723 nostri
2770 677 2933 724 anno
2972 657 3206 743 primo.

944 778 1034 840 IV,
1073 776 1194 831 277.
1256 777 1331 830 cf.
1355 778 1607 830 Boehmer
1643 797 1694 831 n.
1719 779 1805 831 58.

736 1025 1133 1097 2671293
1175 1032 1326 1094 mai.
1360 987 1450 1094 23
1493 1032 1563 1094 in
1608 1030 1951 1116 Bopardia
1998 1028 2073 1111 (a
2116 1030 2238 1095 kal.
2270 1033 2384 1095 iun
2388 1031 2458 1112 ..)
2530 1030 2809 1113 Adolfu8
2854 1052 2967 1095 rex
3010 1032 3307 1116 mayisffl
3348 1040 3409 1093 et
3446 1028 3603 1113 fra-

950 1150 1118 1202 trum
1162 1137 1221 1201 Ιι.
1256 1159 1305 1201 8.
1340 1138 1435 1201 M.
1468 1139 1530 1202 d.
1567 1136 1986 1203 Theutonicae
2027 1137 2369 1202 Ierusalem
2404 1141 2856 1224 protectionem
2900 1139 3166 1223 suscipit
3210 1139 3422 1221 eisque
3462 1137 3605 1221 pri-

951 1245 1183 1330 vileqia
1225 1246 1772 1331 praedecessorum
1818 1258 1874 1310 et
1919 1245 2193 1309 aliorum
2240 1246 2581 1327 confirmat.

943 1364 1033 1426 IV,
1071 1364 1234 1416 278v.
1287 1365 1418 1417 Edd.
1447 1366 1654 1433 (Feder)
1693 1366 1985 1418 Unterricht
2019 1383 2117 1418 von
2153 1366 2244 1417 der
2278 1366 2442 1417 Ballei
2476 1366 2677 1417 Hessen
2714 1384 2764 1417 n.
2788 1366 2869 1417 11.
2924 1364 3214 1417 Brandenb.
3240 1363 3605 1431 Usar-patiens·

730 1453 903 1521 gesoh.
933 1454 1032 1505 105
1069 1470 1134 1505 ex
1169 1470 1241 1505 or.
1303 1454 1436 1505 citat
1469 1454 1720 1506 Boehmer
1753 1456 1885 1522 Reg.
1915 1455 2033 1506 125.

736 1724 912 1799 268.
955 1731 1133 1797 1298
1175 1746 1328 1819 sept.
1361 1732 1452 1798 22
1494 1736 1564 1797 in
1601 1730 1976 1800 G'ebesedeln
2022 1757 2127 1821 ap.
2163 1734 2525 1819 Rotenburq
2573 1730 2649 1813 (a-
2692 1732 2815 1799 kal.
2852 1731 3021 1812 oct).
3094 1730 3415 1811 Albertm,
3471 1730 3605 1795 Ro-

953 1861 1287 1904 manorum
1313 1862 1448 1919 rex,
1495 1843 1784 1907 imitamur
1807 1841 2069 1925 Rudoffi
2094 1844 2260 1928 reyis
2302 1844 2716 1927 protectori&
2755 1841 2992 1906 litteras
3024 1840 3102 1904 de
3132 1838 3320 1905 1273
3346 1860 3489 1903 nov.
3520 1837 3607 1903 14

958 1943 1191 2032 (supra
1233 1970 1296 2012 n.
1329 1940 1516 2029 265).

943 2066 1034 2129 IV,
1071 2066 1177 2119 279
1190 2084 1237 2120 r.
1275 2076 1328 2120 et
1361 2066 1469 2119 284
1481 2086 1527 2119 v.
1589 2068 1685 2121 Ed.
1711 2068 2097 2136 Brandenburg.
2124 2068 2631 2136 Usurpationsgesch.
2660 2067 2761 2119 106
2797 2086 2859 2121 ex
2896 2086 2967 2120 or.
3031 2067 3164 2119 uitat
3198 2065 3451 2118 Boehmer
3484 2064 3573 2116 52.

623 2348 632 2354 ⁵
737 2359 915 2431 269.
957 2362 1136 2429 1309
1180 2376 1365 2428 mart.
1401 2364 1446 2429 6
1493 2363 1726 2451 Spirae
1773 2363 1860 2446 (ii
1899 2387 2047 2430 non.
2080 2362 2321 2443 mart).
2402 2364 2742 2431 Heinricus
2778 2363 2939 2444 VII,
2990 2363 3429 2429 Romanorum
3472 2383 3604 2441 rex,

955 2472 1244 2535 imitatur
1270 2470 1532 2554 Rudolfi
1557 2476 1724 2558 reqis
1751 2476 2163 2558 protector-ias
2196 2472 2433 2538 litteras
2464 2474 2541 2537 de
2564 2473 2750 2538 1273
2779 2495 2920 2538 που.
2946 2472 3036 2537 14
3067 2469 3299 2557 (supra
3327 2493 3392 2535 n.
3417 2469 3604 2549 265).

945 2608 1019 2659 IV
1020 2646 1036 2670 ‚
1072 2608 1179 2660 280
1189 2626 1235 2661 v.
1301 2610 1433 2662 Edd.
1468 2610 1854 2678 Brandenburg.
1880 2611 2387 2679 Usurpationsgesch.
2416 2610 2515 2663 107
2552 2627 2616 2662 ex
2650 2628 2723 2662 or.
2790 2611 3014 2677 (Foder)
3052 2610 3347 2662 Unterricht
3380 2627 3483 2662 von
3518 2608 3610 2659 der

735 2694 898 2749 Bauei
935 2695 1138 2749 Hessen
1173 2715 1223 2749 n.
1255 2698 1336 2751 13.
1399 2699 1473 2751 Cf.
1497 2698 1749 2751 Boehmer
1784 2718 1834 2753 n.
1859 2699 1947 2754 40.

741 2970 917 3045 270.
961 2975 1140 3042 1323
1185 2978 1376 3063 april.
1409 2978 1506 3044 17
1551 2978 1730 3064 apud
1771 2974 2164 3064 Nuremberq
2218 2974 2331 3059 (xv
2378 2978 2502 3043 kal.
2548 2977 2755 3059 mac).
2838 2976 3217 3043 Ludowicus
3263 2979 3611 3063 imperator

959 3086 1263 3170 maqistro
1311 3098 1370 3151 et
1393 3086 1720 3169 fratribus
1763 3086 1823 3149 Ῐι.
1857 3108 1907 3150 8.
1933 3087 2028 3151 M.
2062 3088 2123 3151 d.
2159 3085 2273 3151 Th.
2300 3086 2356 3151 Ι.
2390 3086 2717 3167 confirmat
2743 3088 3047 3150 insertum
3080 3084 3497 3171 privileqium
3534 3086 3611 3149 de

1167 3191 1343 3257 1298
1385 3205 1538 3277 sept.
1570 3193 1661 3257 22
1702 3196 1774 3257 in
1825 3191 2201 3260 Gebesedeln
2245 3194 2424 3279 apud
2470 3192 2851 3278 Rotenburq.
2936 3191 3189 3257 Albam·
3227 3194 3395 3277 reqis
3452 3190 3607 3273 (su—

951 3320 1084 3385 pra
1127 3320 1190 3363 π.
1223 3298 1410 3379 268).

949 3418 1041 3482 IV,
1077 3418 1200 3471 284.
1258 3419 1357 3473 Ed.
1385 3418 1770 3488 Brmdenburg.
1797 3420 1845 3473 U
1871 3420 2305 3489 urpationagesoh.
2335 3420 2435 3473 109
2472 3438 2523 3473 n.
2548 3420 2617 3473 55
2654 3438 2717 3473 ex
2753 3438 2825 3473 or.

619 3702 636 3724 ”
743 3712 920 3783 271.
959 3716 1138 3783 1330
1182 3719 1331 3781 mai.
1366 3718 1409 3781 5
1453 3720 1523 3781 in
1569 3718 1862 3783 Monaco.
1935 3717 2338 3800 Dudowicus,
2391 3718 2825 3783 Romanorum
2866 3718 3235 3804 imperato-r,
3286 3716 3609 3799 confirmat

961 3825 1180 3888 domui
1206 3823 1624 3889 Theutonicae
1661 3828 1965 3892 insertum
2000 3825 2248 3892 ottonis
2275 3825 2387 3891 IV
2406 3826 2817 3911 privileqium
2846 3826 2923 3889 de
2951 3824 3129 3890 1212
3170 3826 3325 3889 mai.
3350 3822 3441 3890 10
3469 3822 3605 3889 Νο-

957 3931 1289 4015 rinberqae
1334 3929 1564 4017 (supra
1607 3955 1670 3995 π.
1703 3932 1891 4012 252).

959 4069 1355 4155 Ludowicus,
1403 4070 1504 4137 dei
1549 4074 1764 4155 gracia
1806 4072 2233 4140 Romanorum
2276 4073 2623 4158 imperator
2664 4076 2917 4157 semper
2962 4076 3299 4155 augustu8‚
3344 4070 3608 4137 honora-

737 4178 968 4245 bilibus
1013 4182 1079 4245 et
1121 4178 1430 4261 religiosis
1478 4179 1632 4245 viris
1679 4181 2036 4266 preceptori
2079 4178 2376 4263 generali,
2428 4178 3041 4246 commendatoribus
3088 4179 3438 4262 ceterisque
3484 4179 3609 4244 sin·

737 4285 1058 4371 gularibus
1103 4284 1404 4351 fratribus
1449 4286 1782 4372 hospitalis
1828 4292 2043 4353 sancte
2087 4286 2287 4353 Marie
2333 4285 2411 4352 de
2457 4285 2643 4352 domo
2690 4285 3091 4369 Theotonica,
3144 4282 3437 4351 fidelibus
3482 4284 3607 4351 suis

737 4393 1002 4476 devotiS,
1047 4392 1320 4475 gratiam
1365 4413 1544 4459 suam
1591 4396 1654 4459 et
1685 4413 1870 4459 omne
1901 4393 2151 4459 bonum.
2225 4392 2627 4459 Celsitudinis
2674 4400 2889 4459 nostre
2925 4391 3092 4459 celsa
3126 4390 3486 4459 sublimitas
3530 4390 3607 4456 ad

735 4500 856 4566 hoc
900 4500 1270 4586 precipuum
1316 4520 1428 4565 sue
1472 4499 1660 4567 debet
1701 4499 2228 4567 consideracionis
2278 4501 2475 4567 aciem
2520 4499 2847 4582 inclinare,
2894 4498 3165 4583 qualiter
3202 4499 3449 4565 devotis
3494 4500 3607 4563 im·-

736 4607 899 4691 perii
947 4610 1011 4671 et
1054 4604 1351 4692 precipue
1394 4608 1683 4691 personis
1715 4607 1963 4700 ‘divinis
2010 4608 2313 4674 dedicatis
2372 4606 2687 4690 obsequiis
2734 4605 2812 4671 ob
2858 4626 2969 4671 sue
3013 4605 3349 4692 probitatis
3396 4612 3463 4671 et
3504 4604 3605 4669 de-

737 4712 1016 4779 vocionis
1083 4712 1310 4777 merita
1377 4718 1741 4796 augmentet
1795 4714 2126 4780 commoda
2182 4720 2249 4781 et
2304 4715 2591 4781 honores.
2679 4711 2801 4777 Per
2858 4713 2979 4779 hoc
3036 4712 3205 4779 enim
3270 4712 3603 4798 imperium

736 4817 1154 4905 principantis
1187 4818 1391 4901 gloria
1419 4818 1726 4886 ineffabili
1757 4840 1797 4885 a
1836 4819 2105 4887 subditis
2149 4819 2547 4904 sublimatur,
2592 4818 2829 4885 subditi
2860 4839 3107 4905 quoque
3152 4820 3233 4885 ad
3264 4819 3605 4904 obsequen-

737 4926 886 4990 dum
937 4925 1295 4992 alliciuntur
1349 4927 1712 5013 prompcius
1769 4933 1834 4993 et
1879 4927 1960 4993 ad
2007 4926 2163 4993 bene
2206 4927 2575 4993 merendum
2630 4926 2983 4993 fervencius
3027 4926 3428 4993 inducuntur.
3508 4924 3603 4991 Ex

735 5037 918 5117 parte
964 5032 1178 5118 itaque
1223 5039 1436 5100 vestra
1477 5040 1692 5103 nostre
1739 5034 2098 5101 celsitudini
2146 5033 2359 5101 extitit
2407 5034 2731 5102 humiliter
2790 5032 3211 5121 supplicatum
3224 5082 3243 5118 ,
3302 5040 3602 5120 quatenus
