3892 5609
1550 307 1571 334 l

1148 401 1377 446 ‘rt-:RRA
1421 399 1705 448 Sanora,
1776 399 2108 449 Amnum.
2181 399 2447 447 errans
3135 385 3230 458 93

361 579 443 625 ex
500 564 683 644 parte
726 558 893 624 dicte
938 558 1191 641 (10111116,
1250 562 1585 642 611(6(1116111
1643 558 1813 624 (116(6
1864 560 2086 645 quinta
2132 558 2378 626 decima
2431 558 2806 644 recipiatur3
2869 563 2932 623 et
2976 558 3054 624 de
3099 563 3233 624 toto
3275 590 3285 598 ·

358 664 647 749 residuo,
707 665 873 749 quod
915 664 1043 751 ipsi
1084 665 1391 751 recipient
1436 685 1549 750 pro
1597 671 1771 732 recta
1804 666 2106 751 portione
2153 666 2286 732 sive
2331 666 2647 751 partiam,
2696 664 2956 732 solverit
3000 666 3232 732 dictam

360 771 651 856 quintam
704 771 1011 838 decimam
1068 772 1251 838 nobis
1308 772 1602 858 episcopo
1650 772 1750 840 vel
1808 770 2484 838 66616616·Α6601161161.
2565 769 2677 844 Et„
2706 771 2937 838 debent
2990 772 3233 839 solvere

360 878 597 945 dictam
643 879 929 965 quintam
960 879 1265 946 decimam
1315 878 1391 944 de
1422 879 1567 944 vino
1614 899 1871 944 suarum
1900 877 2225 944 vinearum
2275 882 2339 944 et
2384 879 2460 944 de
2507 878 2818 962 char-agiis
2864 883 2928 946 et
2972 879 3050 944 de
3095 879 3232 946 oleo

361 1006 619 1052 suorum
664 985 1041 1052 villanorum
1089 987 1165 1053 de
1208 990 1385 1051 tanto
1434 989 1737 1070 quantum
1797 985 1945 1051 inde
1995 985 2311 1071 recipiunt
2369 991 2434 1051 et
2489 986 2566 1051 de
2625 990 2870 1052 suomet
2927 985 3094 1071 0160,
3154 986 3234 1052 (16

359 1093 761 1179 computagio
818 1113 1185 1179 caprarum,
1244 1093 1323 1158 de
1380 1091 1601 1176 apibus
1660 1097 1725 1157 et
1780 1092 1859 1158 de
1916 1091 2155 1158 exeniis
2200 1092 2576 1158 villanorum
2631 1113 2884 1158 suorum
2943 1113 3057 1178 per
3101 1098 3230 1159 tres

359 1199 513 1266 anni
556 1201 859 1266 terminos
906 1199 1232 1282 stabilitis,
1293 1198 1533 1265 scilicet
1576 1199 1643 1264 in
1688 1198 1917 1282 natali,
1977 1199 2391 1285 carnisprivio
2440 1203 2502 1264 et
2553 1219 2775 1285 96666;
2835 1198 2913 1264 (16
2957 1198 3229 1284 gallinis,

360 1307 497 1372 ovis
542 1311 607 1374 et
651 1307 729 1372 (16
772 1327 987 1390 66660,
1046 1327 1163 1392 pro
1211 1305 1435 1389 quibus
1484 1305 1726 1372 denarii
1777 1305 1843 1370 in
1892 1305 2206 1390 aliquibus
2251 1306 2406 1372 locis
2452 1306 2842 1391 recipiuntur
2889 1311 2952 1372 et
3001 1306 3067 1370 in
3115 1305 3231 1370 ali-

359 1413 589 1498 quibus
633 1431 761 1479 non
808 1413 1215 1499 recipiuntur,
1266 1417 1331 1478 6(
1364 1412 1441 1478 (16
1489 1412 1777 1477 omnibus
1808 1412 2140 1478 arboribus
2171 1413 2448 1498 exceptis
2482 1412 2808 1477 arboribus
2839 1411 3226 1478 iardinorum

358 1525 799 1605 exceptorum,
870 1526 933 1587 et
987 1520 1064 1587 (16
1125 1518 1451 1586 arboribus
1508 1519 1884 1585 villanorum
1942 1539 2198 1584 suorum
2267 1520 2334 1584 in
2393 1525 2671 1601 tantum,
2743 1523 3046 1602 quantum
3106 1520 3232 1604 ipsi

354 1627 505 1692 inde
550 1626 877 1713 recipient,
926 1633 989 1694 et
1034 1628 1137 1694 de·
1158 1627 1448 1694 omnibus
1496 1626 1637 1693 aliis
1684 1625 1891 1708 1611116,
1942 1645 2062 1709 (1116
2093 1625 2168 1691 (16
2199 1630 2372 1692 terra
2403 1631 2748 1692 nascuntur
2793 1626 3073 1710 exceptis
3119 1646 3229 1692 nc»

356 1733 639 1799 moribus
686 1753 797 1799 sue
838 1739 1159 1819 montane,
1208 1753 1395 1818 quam
1426 1733 1613 1799 modo
1644 1737 1879 1815 teuent,
1927 1737 2248 1801 reservato
2284 1732 2485 1816 nobie,
2533 1733 2827 1819 episcopo
2876 1739 2940 1799 et
2983 1752 3228 1799 succes-

358 1839 607 1906 soribus
649 1839 919 1923 metria,
976 1861 1095 1906 usu
1150 1841 1219 1906 in
1264 1840 1447 1906 dictis
1493 1839 1853 1906 nemoribus
1904 1838 1982 1904 ad
2031 1838 2374 1904 ardendum
2425 1844 2488 1905 6(
2531 1838 2802 1925 paxillos
2847 1837 3248 1906 faciendum.'

354 1945 445 2012 Et
486 1946 611 2032 ipsi
659 1952 724 2013 et
768 1966 1157 2014 successores
1204 1947 1303 2013 sui
1349 1948 1580 2014 debent
1628 1947 1836 2011 facere
1894 1945 2136 2031 portari
2183 1945 2416 2030 dictam
2443 1946 2768 2030 quintam’
2795 1946 3103 2012 decimam
3149 1946 3227 2012 de

358 2052 648 2119 omnibus
696 2052 825 2118 suis
872 2053 1205 2136 casalibus,
1253 2074 1373 2139 que
1404 2058 1553 2119 sunt
1581 2052 1749 2118 ultra
1782 2071 2059 2135 caveam,
2107 2053 2238 2118 suis
2285 2052 2642 2138 sumptibus
2679 2052 2758 2118 ad
2791 2053 3044 2118 domum
3093 2053 3226 2139 epi-

356 2159 675 2245 scopalem
718 2159 787 2225 111
816 2159 1037 2226 Castro
1069 2158 1276 2243 Regis,
1346 2161 1434 2228 Et
1465 2180 1581 2226 1106
1614 2161 1966 2246 6916609116,
2017 2158 2072 2224 61
2115 2158 2428 2244 placuerit
2459 2158 2662 2242 nobis,
2709 2159 2999 2226 dabimus
3031 2180 3224 2225 unum

353 2285 587 2351 panem
618 2265 875 2333 cuilibet
904 2266 1159 2350 villano,
1195 2267 1301 2352 qui
1334 2267 1561 2334 dictam
1600 2266 1885 2350 quintam
1916 2261 2262 2330 decimam²
2291 2264 2587 2350 portabit.
2657 2265 2891 2350 Etiam,
2927 2266 2984 2332 si
3015 2265 3224 2350 aliquo

354 2372 543 2439 modo
588 2373 1001 2458 contingeret,
1050 2373 1217 2459 quod
1262 2373 1413 2438 dicti
1458 2375 1759 2455 magister
1806 2378 1869 2438 6(
1913 2373 2143 2438 fratres
2189 2371 2550 2458 plantarent
2593 2371 2694 2437 vel
2739 2372 3014 2457 plantari
3058 2373 3224 2440 faee-

352 2483 501 2546 rent
544 2480 921 2546 canamellas
952 2480 1052 2546 vel
1096 2479 1332 2547 salinas
1376 2480 1657 2546 facerent
1702 2483 1812 2546 aut
1854 2477 1996 2544 fieri
2038 2479 2319 2545 facerent
2361 2478 2427 2543 in
2477 2478 2684 2564 aliquo
2731 2478 3034 2544 casalium
3081 2499 3224 2546 suo-

352 2607 497 2653 rum
546 2592 609 2653 et
650 2588 1049 2673 pertinentiis
1096 2585 1457 2668 eorundem,
1502 2586 1631 2672 ipsi
1676 2590 1740 2652 et
1784 2605 2172 2652 successores
2219 2585 2318 2650 sui
2365 2584 2442 2649 de
2477 2589 2654 2651 tanta
2681 2590 2872 2670 terra,
2922 2592 3220 2671 quantam

353 2691 521 2760 dicte
560 2693 904 2762 canamelle
950 2700 1013 2761 6(
1049 2693 1249 2760 6611116
1292 2693 1611 2758 tenuerint
1640 2692 1741 2757 vel
1786 2692 2250 2778 occupaverint,
2299 2691 2534 2756 dictam
2565 2692 2846 2775 quintam
2879 2689 3223 2758 decimam-²

354 2798 619 2882 solvent,
664 2800 1069 2868 medietatem
1100 2799 1393 2866 videlicet
1436 2799 1503 2865 in
1548 2800 1863 2866 frumento
1902 2804 1967 2865 6(
1995 2799 2398 2865 medietatem
2425 2798 2492 2862 in
2525 2798 2714 2864 ordeo
2745 2799 2924 2864 iuxta
2955 2800 3222 2864 extima-

351 2904 593 2970 tionem
620 2905 899 2972 virorum
945 2906 1271 2989 bonorum,
1320 2908 1449 2972 acsi
1496 2906 1657 2972 dicte
1702 2911 1869 2972 terre
1916 2909 2128 2972 666611(
2171 2906 2486 2972 frumento
2517 2905 2618 2971 vel
2661 2905 2850 2971 ordeo
2894 2907 3218 2972 seminate.

352 3009 453 3078 De
484 3011 771 3078 omnibus
806 3033 951 3078 vero
983 3013 1359 3080 molendinis
1394 3013 1547 3096 suis,
1593 3012 1947 3097 ubicunque
1995 3017 2142 3078 sunt
2175 3017 2240 3078 et
2270 3015 2476 3094 erunt,
2523 3010 2601 3078 de
2644 3011 2906 3078 iardinis
2955 3033 3221 3098 quoque,

354 3116 434 3184 de
478 3118 855 3185 molendinis
900 3124 965 3184 et
1009 3119 1337 3195 arboribus
1383 3120 1585 3186 tocius
1618 3139 1805 3185 cavee
1836 3119 1905 3185 in
1934 3124 2204 3201 tantum,
2253 3123 2556 3202 quantum
2590 3138 2782 3184 cavea
2825 3119 3222 3205 protenditur

348 3225 419 3290 111
464 3224 723 3310 longum
771 3225 848 3292 ab
894 3231 1037 3292 ortu
1082 3226 1297 3309 magni
1326 3227 1520 3292 fontis
1550 3245 1748 3309 usque
1780 3225 1862 3290 ad
1890 3225 2280 3291 territorium
2313 3223 2620 3291 Manuetti
2668 3230 2731 3290 6(
2775 3226 2841 3290 111
2887 3224 3222 3291 16(1(11(11116

348 3334 621 3415 (611(11111,
669 3337 972 3416 quantum
1004 3353 1167 3398 unus
1196 3332 1404 3416 homo,
1440 3332 1545 3416 qui
1578 3336 1745 3399 esset
1773 3333 1838 3397 in
1868 3331 2064 3397 fundo
2097 3350 2304 3414 cavae,
2353 3353 2544 3418 super
2573 3332 2782 3416 ripam
2816 3351 2974 3415 aque
3006 3337 3224 3418 posset

349 3437 565 3504 videre
611 3438 678 3504 in
724 3438 917 3506 altum
966 3459 1047 3505 ex
1093 3445 1358 3524 utraque
1404 3444 1617 3525 parte,
1665 3439 1821 3504 nihil
1868 3437 2098 3504 debent
2141 3439 2324 3504 nobis
2371 3444 2435 3504 6(
2479 3438 2942 3504 successoribus
2987 3439 3220 3504 nostris

348 3545 595 3612 solvere
624 3547 879 3612 nomine
909 3547 1311 3613 decimarum.
1381 3543 1486 3629 Et,
1536 3545 1590 3611 si
1626 3546 2036 3628 contingeret,
2083 3545 2236 3629 quid
2279 3546 2450 3612 intra
2493 3543 2650 3610 fines
2695 3545 3009 3631 predictos
3043 3544 3220 3612 vinee

349 3651 789 3738 plantarentur
834 3659 944 3719 aut
987 3653 1225 3736 aliquid
1271 3653 1347 3719 de
1388 3651 1732 3718 seminibus
1778 3653 2068 3738 superius
2113 3651 2456 3718 nominatis
2503 3653 2940 3737 seminaretur,
2987 3653 3112 3739 ipsi
3157 3658 3222 3720 et

348 3779 742 3826 successores
786 3759 885 3824 sui
934 3759 1165 3826 dictam
1213 3759 1498 3845 quintam
1538 3759 1847 3824 decimam
1894 3759 1972 3825 de
2019 3759 2109 3824 eis
2155 3759 2402 3826 solvent
2445 3759 2626 3826 nobis
2673 3760 2966 3845 episcopo
3013 3765 3079 3825 et
3121 3779 3220 3825 ec-

348 3865 539 3932 clesie
582 3866 1073 3932 Acconensibus.
1152 3865 1243 3932 Et
1284 3867 1475 3932 iidem
1520 3867 1823 3948 magister
1868 3870 1931 3931 et
1973 3867 2202 3932 fratres
2259 3872 2322 3934 et
2365 3885 2754 3933 successores
2800 3885 3012 3932 eorum
3059 3865 3220 3932 nihil

348 3972 597 4038 solvent
637 3972 716 4039 de
756 3972 887 4038 suis
928 3973 1193 4039 iardinis
1237 3972 1491 4056 irriguis
1533 3972 1633 4038 vel
1676 3971 2027 4056 abeveraiz,
2076 3994 2196 4059 que
2241 3974 2368 4059 ipsi
2409 3973 2940 4058 inpresentiarum
2986 3972 3222 4039 11611611(

346 4078 449 4144 vel
496 4079 687 4144 etiam
731 4078 998 4144 fecerint
1042 4083 1105 4144 et
1146 4079 1481 4146 habuerint
1524 4080 1592 4144 in
1636 4078 1920 4145 futurum
1964 4081 2034 4146 in
2078 4085 2278 4162 terra,
2341 4100 2528 4164 quam
2583 4099 2749 4145 nunc
2795 4084 3042 4164 tenent,
3103 4099 3220 4146 nec

344 4185 472 4270 ipsi
520 4191 585 4251 6(
627 4203 1015 4251 successores
1061 4205 1279 4252 eorum
1326 4186 1581 4269 exigent
1612 4185 1709 4252 vel
1754 4191 1975 4272 petent
2019 4187 2293 4270 aliquam
2339 4186 2676 4253 dricturam
2725 4206 2840 4252 nec
2886 4190 3219 4254 consuetu-

346 4291 562 4358 dinem
592 4291 693 4358 vel
726 4291 1117 4358 exactionem
1150 4293 1227 4358 de
1257 4293 1465 4375 1611116,
1514 4313 1668 4376 (11166
1697 4312 1812 4358 1106
1844 4293 2176 4378 6916609116
2206 4293 2310 4359 vel
2344 4293 2504 4359 alius
2549 4313 2666 4380 pro
2711 4294 2892 4360 nobis
2940 4315 3217 4360 ememus

346 4397 447 4464 vel
494 4397 621 4464 emi
662 4398 994 4466 fecerimus
1041 4399 1107 4466 in
1154 4403 1325 4466 terra
1370 4419 1585 4464 eorum
1632 4419 1746 4484 pro
1777 4400 1950 4465 victu
1995 4405 2232 4465 nostro.
2300 4399 2388 4464 Et
2430 4400 2554 4486 ipsi
2600 4405 2664 4466 et
2693 4420 3081 4467 successores
3114 4421 3218 4468 60-

343 4525 487 4571 rum
534 4509 827 4572 tenentur
870 4525 985 4572 nos
1034 4511 1098 4572 et
1142 4525 1531 4572 successores
1576 4510 1825 4572 nostros
1871 4526 2065 4592 super
2111 4507 2418 4591 burgesiis
2467 4511 2530 4572 et
2573 4507 2936 4574 tenimentis
2981 4513 3046 4573 et
3089 4527 3219 4573 una

344 4612 527 4697 pecia
570 4616 759 4694 terre,
806 4632 992 4696 quam
1037 4616 1323 4679 tenemus
1370 4611 1449 4678 ab
1494 4612 1587 4678 616
1632 4616 1937 4700 perpetuo
1989 4614 2068 4680 ad
2103 4634 2355 4680 censum
2401 4613 2588 4680 unius
2634 4613 2892 4681 bisantii
2937 4633 3216 4679 sarrace-

346 4718 481 4784 nati
525 4737 641 4804 pro
680 4717 959 4801 quolibet
1002 4737 1187 4802 anno,
1236 4738 1357 4803 que
1402 4738 1569 4785 nunc
1613 4719 1917 4786 habemus
1963 4726 2027 4787 et
2068 4726 2355 4787 tenemus
2402 4721 2467 4786 in
2503 4719 2726 4786 Castro
2757 4718 2964 4802 Regis,
3011 4719 3216 4786 nulla·-

344 4829 529 4890 tenus
575 4824 928 4891 molestare.
1004 4823 1093 4891 Et
1140 4824 1217 4890 de
1262 4826 1553 4892 omnibus
1597 4827 1738 4893 istis
1784 4826 1994 4911 rebus,
2041 4827 2204 4893 sicut
2249 4827 2538 4913 superius
2587 4824 3044 4909 describuntur,
3091 4827 3216 4912 ipsi

346 4937 412 4998 et
454 4951 845 4999 successores
892 4932 993 5005 6111
1022 4936 1317 4998 tenentur
1346 4932 1589 5000 solvere
1620 4940 1684 4999 et
1712 4933 1995 5016 reddere,
2043 4935 2206 4999 sicut
2241 4933 2528 5019 superius
2561 4935 2656 4997 est
2686 4951 3074 5018 expressum,
3121 4933 3214 5000 vi-

346 5037 575 5104 delicet
619 5038 696 5104 de
744 5038 1033 5105 omnibus
1078 5039 1264 5106 terris
1322 5045 1453 5108 tam
1512 5039 1589 5106 de
1640 5038 1969 5106 novalibus
2019 5060 2203 5125 quam
2253 5039 2330 5106 de
2379 5038 2517 5105 aliis
2565 5038 3037 5124 60611666111166,
3094 5059 3216 5125 (1116
