3892 5609
697 299 848 372 216
1675 266 1977 363 pausem.
2048 308 2234 356 nova
2278 307 2596 357 Manem

693 469 1133 537 mandavimus
1180 468 1262 534 ad
1303 470 1508 535 instar
1553 468 1894 535 edictorum
1938 466 2356 554 publicorum,
2404 470 2709 552 quatenus
2740 465 3165 553 peremptorio
3194 466 3471 532 termino
3499 465 3575 533 in

694 578 928 645 eisdem
973 576 1202 642 litteris
1249 596 1548 661 expresso
1601 578 2042 660 comparerent
2084 575 2151 640 in
2194 574 2425 641 iudicio
2475 579 2539 641 et
2591 572 2971 641 iudicialiter
3016 592 3228 639 coram
3270 572 3457 642 nobis
3502 573 3573 639 in

694 690 898 751 castro
945 688 1158 749 nostro
1205 681 1559 769 Heilsperg,
1608 680 1685 747 ad
1730 680 2068 747 videndum
2118 687 2183 749 et
2226 679 2602 748 audiendum
2650 680 3011 771 huiusmodi
3054 679 3322 763 litteras,
3370 680 3573 767 privi-

690 790 858 873 legia
903 794 966 855 et
1008 788 1255 856 indulta
1299 788 1648 875 exemplari
1699 793 1764 855 et
1816 788 2193 871 transsumi,
2250 792 2879 874 transsumptumque
2931 786 3293 854 huiusmodi
3338 787 3405 852 in
3450 808 3572 875 pu-

691 896 918 963 blicam
953 900 1018 963 et
1047 895 1428 961 autenticam
1457 895 1728 961 formam
1759 894 1961 979 redigi
1991 893 2293 961 mandare
2324 914 2398 961 ac
2428 894 2748 961 decretum
2776 898 3065 961 nostrum
3093 893 3266 960 dicta
3296 893 3573 960 auctori-

692 1008 824 1070 tate
867 1002 1042 1087 regia
1085 1002 1268 1068 nobis
1313 1001 1652 1067 commissa
1691 1000 2095 1087 interponere
2138 1002 2221 1067 ad
2264 1006 2634 1088 perpetuam
2680 1001 2775 1067 rei
2830 1001 3203 1067 memoriam
3248 1004 3572 1087 testesque

691 1111 770 1178 de
818 1116 884 1177 et
927 1130 1118 1196 super
1148 1107 1576 1191 recognitione
1619 1105 1969 1189 sigillorum
1998 1108 2232 1174 eisdem
2263 1107 2515 1189 litteris,
2562 1106 2909 1194 privilegiis
2940 1113 3005 1173 et
3032 1104 3296 1173 indultis
3328 1127 3571 1193 appen-

691 1236 906 1283 sorum
951 1215 1235 1301 produci,
1282 1214 1479 1299 recipi
1523 1218 1588 1281 et
1632 1214 1712 1279 ad
1743 1214 2082 1280 iurandum
2128 1215 2378 1280 admitti
2418 1212 2791 1297 singulaque
2818 1211 3027 1296 sigilla
3070 1214 3437 1297 recognosci
3466 1213 3573 1279 vel

693 1323 775 1389 ad
817 1322 1150 1389 dicendum
1198 1326 1262 1387 et
1306 1339 1582 1403 causam,
1639 1320 1692 1385 si
1741 1339 1930 1403 quam
1976 1320 2283 1388 haberent
2325 1318 2785 1401 rationabilem,
2834 1338 3028 1403 quare
3072 1318 3388 1405 premissa
3428 1318 3572 1385 fieri

691 1449 822 1496 non
850 1428 1170 1511 deberent,
1219 1426 1614 1509 allegandum
1662 1431 1726 1491 et
1757 1426 2231 1510 ostendendum,
2280 1426 2559 1511 alioquin
2603 1430 2791 1511 prout
2822 1425 3059 1491 iustum
3092 1431 3157 1493 et
3198 1426 3360 1493 iuris
3402 1427 3573 1493 foret

693 1537 862 1602 circa
903 1534 1191 1621 predicta
1235 1532 1716 1620 procederemus
1761 1532 2073 1600 dictorum
2120 1534 2451 1600 citatorum
2483 1531 2881 1599 contumacia
2920 1532 2989 1597 in
3035 1532 3245 1617 aliquo
3281 1552 3411 1599 non
3456 1534 3571 1600 ob-

693 1646 932 1725 stante,
991 1641 1326 1707 citavimus
1371 1640 1678 1723 citarique
1723 1639 2161 1705 mandavimus
2207 1644 2273 1706 et
2313 1638 2577 1705 fecimus
2634 1639 2715 1705 ad
2769 1643 3007 1705 certum
3066 1639 3569 1725 peremptorium

691 1748 1033 1815 terminum
1079 1752 1558 1833 competentem,
1605 1744 1900 1813 videlicet
1943 1746 2023 1813 ad
2058 1746 2223 1813 diem
2270 1751 2334 1812 et
2375 1745 2597 1811 horam
2642 1744 2905 1811 inferius
2950 1750 3307 1812 annotatos.
3371 1744 3569 1813 Gum-

693 1874 816 1939 que
858 1854 925 1920 in
971 1852 1330 1920 huiusmodi
1374 1852 1692 1919 citationis
1739 1853 2009 1919 termino
2056 1873 2185 1919 non
2230 1855 2625 1938 compareret
2668 1852 3001 1935 quisquam
3048 1872 3163 1937 pro
3198 1858 3383 1938 parte
3408 1854 3569 1919 cita-

690 1964 902 2025 torum
946 1960 1277 2043 dictorum,
1325 1959 1436 2045 qui
1479 1977 1732 2025 causam
1782 1957 2080 2043 aliquam,
2127 1964 2386 2044 propter
2432 1978 2623 2043 quam
2666 1956 3023 2023 huiusmodi
3066 1957 3313 2041 littere,
3370 1959 3569 2045 privi-

691 2064 859 2149 legia
902 2071 967 2132 et
1010 2066 1285 2150 indulta,
1343 2064 1688 2131 transsumi
1735 2070 1800 2131 et
1841 2064 2189 2151 exemplari
2234 2084 2362 2130 non
2418 2062 2761 2147 debebant,
2820 2063 3151 2149 allegaret,
3210 2066 3571 2153 comparuit

633 2245 642 2264 ,
691 2192 906 2241 coram
951 2173 1132 2239 nobis
1179 2170 1560 2239 iudicialiter
1605 2171 1672 2237 in
1720 2171 1886 2237 dicto
1933 2176 2141 2237 castro
2186 2175 2401 2237 nostro
2448 2170 2781 2253 Heilsberg
2826 2176 2890 2238 et
2930 2171 3069 2237 loco
3114 2176 3333 2239 nostro
3380 2171 3567 2239 solito

693 2284 758 2347 et
798 2284 1096 2345 consueto
1145 2279 1224 2345 ad
1269 2279 1412 2345 iura
1461 2276 1850 2345 reddendum
1879 2298 2013 2364 pro
2060 2276 2364 2343 tribunali
2408 2277 2769 2345 sedentibus
2782 2326 2801 2361 ,
2857 2277 3149 2344 dominus
3192 2276 3568 2345 wichardus

689 2384 1054 2471 Heilsberg,
1112 2389 1483 2471 procurator
1535 2384 1856 2469 predictus
1915 2389 1980 2450 et
2021 2384 2275 2451 nomine
2332 2384 2797 2470 procuratorio,
2854 2403 2977 2467 quo
3034 2404 3227 2470 supra
3244 2434 3263 2469 ,
3318 2384 3567 2451 litteras

689 2490 1050 2557 huiusmodi
1095 2495 1344 2559 nostras
1391 2490 1713 2557 citatorias
1758 2490 1823 2557 in
1871 2490 2073 2556 valvis
2118 2490 2284 2557 dicte
2330 2489 2589 2557 ecclesie
2634 2495 2847 2557 nostre
2881 2488 3296 2558 Warmiensis
3342 2490 3567 2557 affixas

691 2618 768 2665 ac
812 2596 1022 2665 debite
1065 2598 1418 2665 executioni
1465 2596 1875 2663 demandatae
1927 2597 2328 2683 reproduxit,
2384 2598 2716 2665 citatorum
2724 2618 2845 2682 que
2888 2598 2957 2663 in
3012 2598 3250 2665 eisdem
3308 2604 3569 2665 conten-

691 2710 902 2771 torum
948 2724 1074 2771 non
1118 2704 1624 2790 comparencium
1671 2696 2129 2771 contumaciam
2178 2705 2497 2771 accusavit
2524 2705 2823 2790 ipsosque
2852 2710 3251 2771 contumaces
3280 2707 3567 2791 reputari

691 2816 758 2879 et
798 2812 866 2879 in
910 2812 1196 2898 ipsorum
1239 2810 1702 2878 contumaciam
1747 2810 2108 2897 privilegia,
2164 2810 2411 2878 litteras
2461 2815 2525 2877 et
2568 2811 2815 2878 indulta
2868 2811 3155 2897 predicta
3194 2812 3566 2897 transsumi,

695 2924 888 2986 testes
933 2917 1170 2984 ibidem
1215 2937 1328 3003 per
1373 2936 1518 2983 eum
1563 2937 1755 3004 super
1799 2918 2229 3001 recognitione
2272 2917 2621 3002 sigillorum
2669 2918 3017 3005 privilegiis
3052 2917 3292 2985 eisdem
3334 2918 3567 2987 litteris

650 3017 662 3027 Χ
696 3044 772 3092 ac
811 3011 1074 3090 indultis
1121 3028 1543 3110 appensorum
1600 3024 1937 3110 productos
1983 3024 2211 3109 recipi,
2270 3024 2350 3090 ad
2406 3024 2740 3091 iurandum
2786 3024 3037 3091 admitti
3092 3030 3159 3090 et
3213 3025 3567 3091 examinari

695 3130 1026 3215 sigillaque
1069 3129 1428 3195 huiusmodi
1461 3150 1574 3216 pro
1603 3131 1944 3215 recognitis
1975 3130 2194 3198 haberi
2233 3136 2857 3218 transsumptumque
2886 3150 2999 3217 per
3027 3150 3143 3220 nos
3172 3150 3317 3197 cum
3350 3138 3569 3198 nostra

695 3238 932 3305 decreti
985 3237 1464 3322 interpositione
1520 3238 1893 3304 auctoritate
1941 3237 2119 3320 regia
2170 3236 2351 3303 nobis
2393 3238 2461 3303 in
2506 3238 2625 3304 hac
2667 3242 2850 3324 parte
2904 3236 3245 3303 commissa
3296 3238 3568 3305 autenti-

695 3345 826 3413 cari
873 3349 936 3410 et
989 3343 1299 3429 publicari
1357 3342 1635 3428 adeoque
1690 3344 1894 3411 eidem
1952 3348 2385 3430 transsumpto
2441 3344 2670 3429 ubique
2722 3345 3000 3412 locorum
3046 3349 3179 3410 tam
3222 3344 3291 3410 in
3334 3344 3565 3411 iudicio

697 3470 886 3537 quam
931 3455 1112 3516 extra
1157 3468 1230 3517 ac
1277 3448 1770 3536 quibuscumque
1815 3450 2007 3516 curiis
2052 3455 2186 3516 tam
2232 3450 2665 3537 spiritualibus
2696 3471 2884 3536 quam
2922 3450 3309 3519 secularibus
3338 3453 3565 3519 merito

695 3557 904 3645 valeat
945 3548 1102 3623 fides
1149 3556 1434 3643 plenaria
1479 3556 1795 3641 adhiberi,
1851 3556 2062 3623 debita
2106 3576 2249 3623 cum
2292 3558 2607 3624 instancia
2650 3558 2845 3643 peciit
2886 3563 2951 3624 et
3004 3556 3369 3643 postulavit.
3436 3558 3565 3625 Nos

695 3670 847 3730 tunc
889 3663 940 3729 F
943 3664 1262 3731 ranciscus
1309 3665 1640 3750 episcopus
1682 3662 2097 3731 Warmiensis
2145 3668 2209 3730 et
2252 3664 2720 3731 commissarius
2767 3664 3047 3749 prefatus
3092 3663 3295 3731 dictos
3338 3648 3564 3733 citatos

695 3790 825 3837 non
889 3775 1324 3856 comparentes
1395 3790 1600 3854 neque
1665 3769 1936 3835 termino
2003 3770 2365 3837 huiusmodi
2428 3771 2496 3835 in
2566 3769 2774 3854 aliquo
2844 3770 3208 3837 satisfacere
3272 3776 3565 3839 curantes

697 3876 1079 3944 sufficienter
1123 3883 1337 3943 tamen
1384 3880 1746 3962 expectatos
1791 3877 2224 3963 reputavimus
2254 3876 2481 3943 merito
2525 3880 2716 3962 prout
2755 3882 2937 3943 erant
2982 3877 3275 3961 exigente
3316 3879 3567 3947 iusticia

695 3990 1116 4068 contumaces,
1163 3987 1228 4049 et
1269 3983 1337 4048 in
1384 4002 1599 4049 eorum
1645 3983 2043 4049 contumacia
2086 3983 2403 4072 predictas
2431 3982 2697 4067 litteras,
2743 3982 3074 4069 privilegia
3103 3989 3167 4050 et
3205 3984 3456 4053 indulta
3486 3986 3565 4052 ad

695 4110 811 4157 nos
857 4091 1231 4177 recepimus,
1279 4090 1572 4173 vidimus,
1619 4090 2081 4175 conspeximus,
2128 4090 2525 4176 palpavimus
2572 4096 2637 4157 et
2677 4091 3177 4157 examinavimus
3209 4091 3565 4178 diligenter,

695 4201 1012 4282 testesque
1057 4216 1248 4282 super
1301 4196 1740 4279 recognicione
1793 4196 2144 4279 sigillorum
2192 4196 2427 4263 eisdem
2482 4197 2744 4281 litteris,
2804 4196 3153 4283 privilegiis
3198 4204 3262 4265 et
3303 4199 3565 4269 indultis

697 4322 1120 4389 appensorum
1169 4322 1378 4369 coram
1424 4303 1605 4369 nobis
1651 4302 1989 4389 productos
2037 4303 2157 4369 rite
2201 4304 2553 4389 recepimus
2584 4322 2659 4369 ac
2700 4304 2768 4370 in
2811 4303 3017 4370 forma
3046 4304 3205 4371 iuris
3237 4305 3321 4371 ad
3349 4306 3565 4373 iuran-

695 4409 847 4476 dum
896 4407 1264 4475 admisimus
1307 4410 1670 4494 iuratosque
1717 4410 2049 4493 diligenter
2082 4410 2579 4477 examinavimus
2612 4429 2685 4477 ac
2713 4398 2859 4496 post
2884 4410 3169 4496 ipsorum
3200 4411 3565 4496 diligentem

697 4516 1227 4582 examinationem
1275 4515 1486 4581 omnia
1533 4520 1597 4581 et
1641 4515 1890 4599 singula
1937 4516 2147 4600 sigilla
2190 4516 2427 4583 eisdem
2470 4516 2731 4601 litteris,
2789 4516 3137 4604 privilegiis
3182 4522 3249 4585 et
3302 4519 3565 4587 indultis

697 4642 981 4709 appensa
1025 4642 1141 4709 pro
1187 4620 1570 4689 sufficienter
1615 4623 1953 4707 recognitis
1998 4621 2354 4709 habuimus,
2398 4623 2701 4690 habemus
2748 4644 2821 4690 ac
2863 4622 3081 4691 haberi
3110 4624 3421 4693 volumus.
3480 4625 3567 4693 Et

697 4730 846 4815 quia
890 4729 1065 4815 ipsas
1107 4728 1386 4812 litteras,
1444 4729 1779 4815 privilegia
1824 4735 1887 4796 et
1928 4730 2177 4797 indulta
2218 4735 2365 4817 post
2408 4730 2772 4814 diligentem
2822 4730 3183 4798 huiusmodi
3234 4733 3565 4817 visionem,

696 4836 1176 4920 inspectionem,
1224 4836 1780 4903 contrectationem
1827 4842 1890 4903 et
1935 4838 2463 4903 examinationem
2510 4856 2719 4920 sanas,
2765 4837 3065 4921 integras,
3108 4858 3238 4904 non
3281 4838 3563 4923 viciatas,

695 4961 825 5011 non
855 4942 1252 5028 cancellatas,
1293 4962 1422 5009 non
1453 4941 1710 5011 abrasas
1742 4962 1860 5011 nec
1887 4943 1957 5011 in
1988 4942 2201 5029 aliqua
2228 4944 2327 5009 sui
2355 4948 2537 5031 parte
2567 4949 2912 5030 suspectas,
2953 4944 3065 5013 sed
3098 4946 3273 5012 omni
3304 4966 3565 5033 prorsus
