<?xml version="1.0" encoding="UTF-8"?>
<!DOCTYPE html PUBLIC "-//W3C//DTD XHTML 1.0 Transitional//EN"
    "http://www.w3.org/TR/xhtml1/DTD/xhtml1-transitional.dtd">
<html xmlns="http://www.w3.org/1999/xhtml" xml:lang="en" lang="en">
 <head>
  <title>
</title>
<meta http-equiv="Content-Type" content="text/html;charset=utf-8" />
  <meta name='ocr-system' content='tesseract 3.04.00' />
  <meta name='ocr-capabilities' content='ocr_page ocr_carea ocr_par ocr_line ocrx_word'/>
</head>
<body>
  <div class='ocr_page' id='page_1' title='image "./tabulaeordinist00stregoog_0312.png"; bbox 0 0 3892 5609; ppageno 0'>
   <div class='ocr_carea' id='block_1_1' title="bbox 671 278 2561 351">
    <p class='ocr_par' dir='ltr' id='par_1_1' title="bbox 671 278 2561 351">
     <span class='ocr_line' id='line_1_1' title="bbox 671 278 2561 351; baseline -0.009 0"><span class='ocrx_word' id='word_1_1' title='bbox 671 280 822 351; x_wconf 90' lang='grc'><strong>296</strong></span> <span class='ocrx_word' id='word_1_2' title='bbox 1644 288 2071 337; x_wconf 73' lang='lat' dir='ltr'><strong>PONTIFIOUM</strong></span> <span class='ocrx_word' id='word_1_3' title='bbox 2114 278 2561 335; x_wconf 63' lang='lat' dir='ltr'><strong>Romanorum</strong></span> 
     </span>
    </p>
   </div>
   <div class='ocr_carea' id='block_1_2' title="bbox 587 431 3551 1545">
    <p class='ocr_par' dir='ltr' id='par_1_2' title="bbox 587 431 3547 1071">
     <span class='ocr_line' id='line_1_2' title="bbox 663 431 3545 537; baseline -0.002 -19"><span class='ocrx_word' id='word_1_4' title='bbox 663 456 856 535; x_wconf 87' lang='lat' dir='ltr'><strong>terea,</strong></span> <span class='ocrx_word' id='word_1_5' title='bbox 890 451 1040 537; x_wconf 86' lang='lat' dir='ltr'><strong>quia</strong></span> <span class='ocrx_word' id='word_1_6' title='bbox 1069 448 1321 534; x_wconf 87' lang='lat' dir='ltr'><strong>quidam</strong></span> <span class='ocrx_word' id='word_1_7' title='bbox 1358 454 1638 515; x_wconf 89' lang='lat' dir='ltr'><strong>vestrum</strong></span> <span class='ocrx_word' id='word_1_8' title='bbox 1667 449 1897 516; x_wconf 87' lang='lat' dir='ltr'><strong>fratres</strong></span> <span class='ocrx_word' id='word_1_9' title='bbox 1928 448 2209 533; x_wconf 87' lang='lat' dir='ltr'><strong>ipsorum</strong></span> <span class='ocrx_word' id='word_1_10' title='bbox 2244 431 2321 515; x_wconf 66' lang='lat' dir='ltr'><strong>et&#39;</strong></span> <span class='ocrx_word' id='word_1_11' title='bbox 2338 468 2556 515; x_wconf 92' lang='lat' dir='ltr'><strong>eorum</strong></span> <span class='ocrx_word' id='word_1_12' title='bbox 2586 446 2845 513; x_wconf 87' lang='lat' dir='ltr'><strong>clericos</strong></span> <span class='ocrx_word' id='word_1_13' title='bbox 2876 450 3095 512; x_wconf 86' lang='lat' dir='ltr'><strong>contra-</strong></span> <span class='ocrx_word' id='word_1_14' title='bbox 3140 445 3545 533; x_wconf 81' lang='lat' dir='ltr'><strong>privilegium</strong></span> 
     </span>
     <span class='ocr_line' id='line_1_3' title="bbox 665 553 3547 643; baseline -0.001 -19"><span class='ocrx_word' id='word_1_15' title='bbox 665 558 832 625; x_wconf 90' lang='lat' dir='ltr'><strong>sedis</strong></span> <span class='ocrx_word' id='word_1_16' title='bbox 879 555 1220 643; x_wconf 89' lang='lat' dir='ltr'><strong>apostolice</strong></span> <span class='ocrx_word' id='word_1_17' title='bbox 1258 556 1416 642; x_wconf 88' lang='lat' dir='ltr'><strong>ipsis</strong></span> <span class='ocrx_word' id='word_1_18' title='bbox 1449 554 1784 640; x_wconf 91' lang='lat' dir='ltr'><strong>indultum,</strong></span> <span class='ocrx_word' id='word_1_19' title='bbox 1819 555 1985 623; x_wconf 89' lang='lat' dir='ltr'><strong>sicut</strong></span> <span class='ocrx_word' id='word_1_20' title='bbox 2018 555 2268 640; x_wconf 89' lang='lat' dir='ltr'><strong>dicitur,</strong></span> <span class='ocrx_word' id='word_1_21' title='bbox 2315 553 2689 621; x_wconf 77' lang='lat' dir='ltr'><strong>interdicere</strong></span> <span class='ocrx_word' id='word_1_22' title='bbox 2718 559 2782 621; x_wconf 89' lang='lat' dir='ltr'><strong>et</strong></span> <span class='ocrx_word' id='word_1_23' title='bbox 2813 555 3369 621; x_wconf 78' lang='lat' dir='ltr'><strong>excommunicare</strong></span> <span class='ocrx_word' id='word_1_24' title='bbox 3400 574 3547 639; x_wconf 88' lang='lat' dir='ltr'><strong>pre-</strong></span> 
     </span>
     <span class='ocr_line' id='line_1_4' title="bbox 664 659 3547 748; baseline -0.002 -17"><span class='ocrx_word' id='word_1_25' title='bbox 664 669 951 747; x_wconf 84' lang='lat' dir='ltr'><strong>sumunt,</strong></span> <span class='ocrx_word' id='word_1_26' title='bbox 1010 663 1358 729; x_wconf 87' lang='lat' dir='ltr'><strong>districtius</strong></span> <span class='ocrx_word' id='word_1_27' title='bbox 1413 662 1802 745; x_wconf 83' lang='lat' dir='ltr'><strong>inhibemus,</strong></span> <span class='ocrx_word' id='word_1_28' title='bbox 1863 683 1945 737; x_wconf 88' lang='lat' dir='ltr'><strong>ne</strong></span> <span class='ocrx_word' id='word_1_29' title='bbox 1989 664 2161 748; x_wconf 86' lang='lat' dir='ltr'><strong>ipsos</strong></span> <span class='ocrx_word' id='word_1_30' title='bbox 2206 662 2435 729; x_wconf 85' lang='lat' dir='ltr'><strong>fratres</strong></span> <span class='ocrx_word' id='word_1_31' title='bbox 2479 659 2583 727; x_wconf 82' lang='lat' dir='ltr'><strong>vel</strong></span> <span class='ocrx_word' id='word_1_32' title='bbox 2626 681 2843 727; x_wconf 90' lang='lat' dir='ltr'><strong>eorum</strong></span> <span class='ocrx_word' id='word_1_33' title='bbox 2890 661 3151 728; x_wconf 89' lang='lat' dir='ltr'><strong>clericos</strong></span> <span class='ocrx_word' id='word_1_34' title='bbox 3198 661 3279 728; x_wconf 91' lang='lat' dir='ltr'><strong>de</strong></span> <span class='ocrx_word' id='word_1_35' title='bbox 3334 664 3547 727; x_wconf 87' lang='lat' dir='ltr'><strong>cetero</strong></span> 
     </span>
     <span class='ocr_line' id='line_1_5' title="bbox 665 766 3545 855; baseline -0.002 -17"><span class='ocrx_word' id='word_1_36' title='bbox 665 771 876 838; x_wconf 88' lang='lat' dir='ltr'><strong>taliter</strong></span> <span class='ocrx_word' id='word_1_37' title='bbox 921 770 1297 836; x_wconf 80' lang='lat' dir='ltr'><strong>interdicere</strong></span> <span class='ocrx_word' id='word_1_38' title='bbox 1329 774 1394 837; x_wconf 87' lang='lat' dir='ltr'><strong>et</strong></span> <span class='ocrx_word' id='word_1_39' title='bbox 1423 770 1968 836; x_wconf 83' lang='lat' dir='ltr'><strong>excommunicare</strong></span> <span class='ocrx_word' id='word_1_40' title='bbox 1999 770 2393 853; x_wconf 85' lang='lat' dir='ltr'><strong>aliquatenus</strong></span> <span class='ocrx_word' id='word_1_41' title='bbox 2436 770 2846 855; x_wconf 88' lang='lat' dir='ltr'><strong>attemptetis.</strong></span> <span class='ocrx_word' id='word_1_42' title='bbox 2916 767 3093 845; x_wconf 87' lang='lat' dir='ltr'><strong>Quod</strong></span> <span class='ocrx_word' id='word_1_43' title='bbox 3136 768 3193 834; x_wconf 89' lang='lat' dir='ltr'><strong>si</strong></span> <span class='ocrx_word' id='word_1_44' title='bbox 3226 766 3545 849; x_wconf 85' lang='lat' dir='ltr'><strong>ammodo,</strong></span> 
     </span>
     <span class='ocr_line' id='line_1_6' title="bbox 587 874 3545 964; baseline -0.002 -17"><span class='ocrx_word' id='word_1_45' title='bbox 587 942 592 947; x_wconf 88' lang='lat'><em>.</em></span> <span class='ocrx_word' id='word_1_46' title='bbox 665 878 832 964; x_wconf 88' lang='lat' dir='ltr'><strong>quod</strong></span> <span class='ocrx_word' id='word_1_47' title='bbox 862 897 990 945; x_wconf 90' lang='lat' dir='ltr'><strong>non</strong></span> <span class='ocrx_word' id='word_1_48' title='bbox 1018 877 1353 958; x_wconf 87' lang='lat' dir='ltr'><strong>credimus,</strong></span> <span class='ocrx_word' id='word_1_49' title='bbox 1402 877 1593 945; x_wconf 86' lang='lat' dir='ltr'><strong>fuerit</strong></span> <span class='ocrx_word' id='word_1_50' title='bbox 1617 882 2082 963; x_wconf 87' lang='lat' dir='ltr'><strong>attemptatum,</strong></span> <span class='ocrx_word' id='word_1_51' title='bbox 2116 877 2383 961; x_wconf 77' lang='lat' dir='ltr'><strong>eandem</strong></span> <span class='ocrx_word' id='word_1_52' title='bbox 2414 874 2697 941; x_wconf 85' lang='lat' dir='ltr'><strong>volumus</strong></span> <span class='ocrx_word' id='word_1_53' title='bbox 2728 876 3103 942; x_wconf 89' lang='lat' dir='ltr'><strong>sententiam</strong></span> <span class='ocrx_word' id='word_1_54' title='bbox 3134 894 3265 941; x_wconf 91' lang='lat' dir='ltr'><strong>non</strong></span> <span class='ocrx_word' id='word_1_55' title='bbox 3306 878 3545 941; x_wconf 87' lang='lat' dir='ltr'><strong>tenere.</strong></span> 
     </span>
     <span class='ocr_line' id='line_1_7' title="bbox 663 982 2910 1071; baseline -0.002 -20"><span class='ocrx_word' id='word_1_56' title='bbox 663 984 901 1051; x_wconf 89' lang='lat' dir='ltr'><strong>Datum</strong></span> <span class='ocrx_word' id='word_1_57' title='bbox 943 982 1244 1050; x_wconf 80' lang='lat' dir='ltr'><strong>Laterani</strong></span> <span class='ocrx_word' id='word_1_58' title='bbox 1289 1004 1372 1049; x_wconf 87' lang='lat' dir='ltr'><strong>xv</strong></span> <span class='ocrx_word' id='word_1_59' title='bbox 1419 984 1547 1051; x_wconf 88' lang='lat' dir='ltr'><strong>kal.</strong></span> <span class='ocrx_word' id='word_1_60' title='bbox 1594 984 1897 1051; x_wconf 85' lang='lat' dir='ltr'><strong>februarii</strong></span> <span class='ocrx_word' id='word_1_61' title='bbox 1941 982 2346 1071; x_wconf 83' lang='lat' dir='ltr'><strong>pontificatus</strong></span> <span class='ocrx_word' id='word_1_62' title='bbox 2392 982 2593 1049; x_wconf 87' lang='lat' dir='ltr'><strong>nostri</strong></span> <span class='ocrx_word' id='word_1_63' title='bbox 2640 1002 2804 1049; x_wconf 85' lang='lat' dir='ltr'><strong>anno</strong></span> <span class='ocrx_word' id='word_1_64' title='bbox 2851 1002 2910 1047; x_wconf 72' lang='grc' dir='ltr'><strong>ν.</strong></span> 
     </span>
    </p>

    <p class='ocr_par' dir='ltr' id='par_1_3' title="bbox 629 1121 3551 1545">
     <span class='ocr_line' id='line_1_8' title="bbox 877 1121 3547 1187; baseline -0.001 -11"><span class='ocrx_word' id='word_1_65' title='bbox 877 1122 1000 1176; x_wconf 88' lang='lat' dir='ltr'><strong>Sine</strong></span> <span class='ocrx_word' id='word_1_66' title='bbox 1037 1123 1182 1175; x_wconf 83' lang='lat' dir='ltr'><strong>dato:</strong></span> <span class='ocrx_word' id='word_1_67' title='bbox 1233 1125 1275 1186; x_wconf 88' lang='lat'><strong>1,</strong></span> <span class='ocrx_word' id='word_1_68' title='bbox 1313 1124 1470 1186; x_wconf 83' lang='lat' dir='ltr'><strong>66v.;</strong></span> <span class='ocrx_word' id='word_1_69' title='bbox 1518 1124 1584 1187; x_wconf 83' lang='grc' dir='ltr'><strong>Π,</strong></span> <span class='ocrx_word' id='word_1_70' title='bbox 1623 1124 1687 1175; x_wconf 87' lang='grc'><strong>91</strong></span> <span class='ocrx_word' id='word_1_71' title='bbox 1707 1142 1722 1185; x_wconf 87' lang='grc'><strong>;</strong></span> <span class='ocrx_word' id='word_1_72' title='bbox 1772 1124 1835 1175; x_wconf 89' lang='grc' dir='ltr'><strong>Α.</strong></span> <span class='ocrx_word' id='word_1_73' title='bbox 1863 1124 1932 1175; x_wconf 97' lang='grc'><strong>20</strong></span> <span class='ocrx_word' id='word_1_74' title='bbox 1970 1143 2018 1175; x_wconf 90' lang='lat' dir='ltr'><strong>n.</strong></span> <span class='ocrx_word' id='word_1_75' title='bbox 2045 1124 2077 1175; x_wconf 85' lang='lat'>5</span> <span class='ocrx_word' id='word_1_76' title='bbox 2116 1123 2295 1175; x_wconf 82' lang='lat' dir='ltr'><strong>Latine</strong></span> <span class='ocrx_word' id='word_1_77' title='bbox 2332 1131 2385 1173; x_wconf 87' lang='lat' dir='ltr'><strong>et</strong></span> <span class='ocrx_word' id='word_1_78' title='bbox 2420 1122 2720 1174; x_wconf 80' lang='lat' dir='ltr'><strong>Germanice</strong></span> <span class='ocrx_word' id='word_1_79' title='bbox 2758 1139 2869 1173; x_wconf 86' lang='lat' dir='ltr'><strong>cum</strong></span> <span class='ocrx_word' id='word_1_80' title='bbox 2906 1132 3052 1173; x_wconf 77' lang='lat' dir='ltr'><strong>nota:</strong></span> <span class='ocrx_word' id='word_1_81' title='bbox 3090 1122 3185 1173; x_wconf 81' lang='lat' dir='ltr'><strong>Est</strong></span> <span class='ocrx_word' id='word_1_82' title='bbox 3218 1122 3271 1173; x_wconf 88' lang='lat' dir='ltr'><strong>in</strong></span> <span class='ocrx_word' id='word_1_83' title='bbox 3310 1121 3547 1173; x_wconf 71' lang='lat' dir='ltr'><strong>Goslaria</strong></span> 
     </span>
     <span class='ocr_line' id='line_1_9' title="bbox 663 1209 3543 1279; baseline -0.001 -16"><span class='ocrx_word' id='word_1_84' title='bbox 663 1214 746 1265; x_wconf 81' lang='lat' dir='ltr'><strong>vel</strong></span> <span class='ocrx_word' id='word_1_85' title='bbox 781 1212 987 1279; x_wconf 71' lang='lat' dir='ltr'><strong>Alsacia</strong></span> <span class='ocrx_word' id='word_1_86' title='bbox 1023 1221 1117 1264; x_wconf 83' lang='lat' dir='ltr'><strong>etc.</strong></span> <span class='ocrx_word' id='word_1_87' title='bbox 1161 1244 1221 1250; x_wconf 90' lang='lat'><strong>—</strong></span> <span class='ocrx_word' id='word_1_88' title='bbox 1264 1214 1387 1264; x_wconf 81' lang='lat' dir='ltr'><strong>Oum</strong></span> <span class='ocrx_word' id='word_1_89' title='bbox 1424 1213 1568 1264; x_wconf 89' lang='lat' dir='ltr'><strong>dato:</strong></span> <span class='ocrx_word' id='word_1_90' title='bbox 1617 1214 1860 1264; x_wconf 75' lang='lat' dir='ltr'><strong>Laterani</strong></span> <span class='ocrx_word' id='word_1_91' title='bbox 1895 1230 1961 1263; x_wconf 77' lang='lat' dir='ltr'><strong>xv</strong></span> <span class='ocrx_word' id='word_1_92' title='bbox 1997 1212 2100 1264; x_wconf 77' lang='lat' dir='ltr'><strong>kal.</strong></span> <span class='ocrx_word' id='word_1_93' title='bbox 2138 1213 2266 1263; x_wconf 78' lang='lat' dir='ltr'><strong>febr.</strong></span> <span class='ocrx_word' id='word_1_94' title='bbox 2302 1228 2352 1277; x_wconf 83' lang='lat' dir='ltr'><strong>p.</strong></span> <span class='ocrx_word' id='word_1_95' title='bbox 2380 1230 2430 1264; x_wconf 86' lang='lat' dir='ltr'><strong>n.</strong></span> <span class='ocrx_word' id='word_1_96' title='bbox 2458 1231 2505 1263; x_wconf 81' lang='lat' dir='ltr'><strong>a.</strong></span> <span class='ocrx_word' id='word_1_97' title='bbox 2531 1212 2582 1263; x_wconf 84' lang='lat'><strong>5.</strong></span> <span class='ocrx_word' id='word_1_98' title='bbox 2647 1211 2737 1273; x_wconf 82' lang='lat' dir='ltr'><strong>IV,</strong></span> <span class='ocrx_word' id='word_1_99' title='bbox 2780 1210 2967 1271; x_wconf 79' lang='lat' dir='ltr'>183v.;</span> <span class='ocrx_word' id='word_1_100' title='bbox 3012 1210 3077 1261; x_wconf 83' lang='lat' dir='ltr'><strong>R.</strong></span> <span class='ocrx_word' id='word_1_101' title='bbox 3107 1210 3132 1261; x_wconf 95' lang='lat' dir='ltr'><strong>l</strong></span> <span class='ocrx_word' id='word_1_102' title='bbox 3174 1226 3205 1261; x_wconf 85' lang='lat' dir='ltr'><strong>e</strong></span> <span class='ocrx_word' id='word_1_103' title='bbox 3242 1210 3395 1261; x_wconf 78' lang='lat' dir='ltr'><strong>domo</strong></span> <span class='ocrx_word' id='word_1_104' title='bbox 3432 1209 3543 1261; x_wconf 71' lang='lat' dir='ltr'><strong>Nu-</strong></span> 
     </span>
     <span class='ocr_line' id='line_1_10' title="bbox 664 1298 3549 1368; baseline -0.001 -15"><span class='ocrx_word' id='word_1_105' title='bbox 664 1300 1025 1368; x_wconf 77' lang='lat' dir='ltr'><strong>rembergensi.</strong></span> <span class='ocrx_word' id='word_1_106' title='bbox 1055 1331 1114 1339; x_wconf 93' lang='lat'><strong>—-</strong></span> <span class='ocrx_word' id='word_1_107' title='bbox 1157 1300 1243 1352; x_wconf 84' lang='lat' dir='ltr'><strong>Or.</strong></span> <span class='ocrx_word' id='word_1_108' title='bbox 1282 1318 1392 1352; x_wconf 84' lang='lat' dir='ltr'><strong>cum</strong></span> <span class='ocrx_word' id='word_1_109' title='bbox 1429 1300 1568 1353; x_wconf 85' lang='lat' dir='ltr'><strong>bulla</strong></span> <span class='ocrx_word' id='word_1_110' title='bbox 1602 1301 1699 1353; x_wconf 81' lang='lat' dir='ltr'><strong>filis</strong></span> <span class='ocrx_word' id='word_1_111' title='bbox 1737 1301 1938 1353; x_wconf 83' lang='lat' dir='ltr'><strong>sericeis</strong></span> <span class='ocrx_word' id='word_1_112' title='bbox 1978 1302 2302 1368; x_wconf 79' lang='lat' dir='ltr'><strong>appendente</strong></span> <span class='ocrx_word' id='word_1_113' title='bbox 2338 1300 2591 1366; x_wconf 84' lang='lat' dir='ltr'><strong>quondam</strong></span> <span class='ocrx_word' id='word_1_114' title='bbox 2625 1299 3013 1366; x_wconf 77' lang='lat' dir='ltr'><strong>Mergenthemi‚</strong></span> <span class='ocrx_word' id='word_1_115' title='bbox 3048 1315 3182 1350; x_wconf 84' lang='lat' dir='ltr'><strong>nune</strong></span> <span class='ocrx_word' id='word_1_116' title='bbox 3207 1298 3549 1349; x_wconf 68' lang='lat' dir='ltr'><strong>vindobonae</strong></span> 
     </span>
     <span class='ocr_line' id='line_1_11' title="bbox 663 1386 3551 1454; baseline -0.001 -13"><span class='ocrx_word' id='word_1_117' title='bbox 663 1392 716 1441; x_wconf 81' lang='lat' dir='ltr'><strong>in</strong></span> <span class='ocrx_word' id='word_1_118' title='bbox 767 1390 967 1441; x_wconf 83' lang='lat' dir='ltr'><strong>archivo</strong></span> <span class='ocrx_word' id='word_1_119' title='bbox 1015 1390 1204 1440; x_wconf 77' lang='lat' dir='ltr'><strong>ordinis</strong></span> <span class='ocrx_word' id='word_1_120' title='bbox 1240 1390 1552 1441; x_wconf 83' lang='lat' dir='ltr'><strong>Theutonici.</strong></span> <span class='ocrx_word' id='word_1_121' title='bbox 1593 1420 1657 1429; x_wconf 93' lang='lat'><strong>—</strong></span> <span class='ocrx_word' id='word_1_122' title='bbox 1696 1392 2077 1441; x_wconf 82' lang='lat' dir='ltr'><strong>Transsumtum</strong></span> <span class='ocrx_word' id='word_1_123' title='bbox 2124 1390 2189 1439; x_wconf 92' lang='lat' dir='ltr'><strong>de</strong></span> <span class='ocrx_word' id='word_1_124' title='bbox 2230 1388 2365 1439; x_wconf 84' lang='lat'>1418</span> <span class='ocrx_word' id='word_1_125' title='bbox 2412 1389 2521 1439; x_wconf 84' lang='lat' dir='ltr'><strong>dec.</strong></span> <span class='ocrx_word' id='word_1_126' title='bbox 2556 1388 2591 1438; x_wconf 83' lang='lat'>2</span> <span class='ocrx_word' id='word_1_127' title='bbox 2638 1396 2846 1454; x_wconf 87' lang='lat' dir='ltr'><strong>petente</strong></span> <span class='ocrx_word' id='word_1_128' title='bbox 2881 1387 3107 1439; x_wconf 83' lang='lat' dir='ltr'><strong>Iohanne</strong></span> <span class='ocrx_word' id='word_1_129' title='bbox 3154 1388 3222 1437; x_wconf 81' lang='lat' dir='ltr'><strong>de</strong></span> <span class='ocrx_word' id='word_1_130' title='bbox 3258 1386 3551 1453; x_wconf 74' lang='lat' dir='ltr'><strong>Hofheym,</strong></span> 
     </span>
     <span class='ocr_line' id='line_1_12' title="bbox 629 1474 3549 1545; baseline -0.003 -12"><span class='ocrx_word' id='word_1_131' title='bbox 629 1525 638 1533; x_wconf 89' lang='lat'>.</span> <span class='ocrx_word' id='word_1_132' title='bbox 665 1478 853 1530; x_wconf 78' lang='lat' dir='ltr'><strong>ordinis</strong></span> <span class='ocrx_word' id='word_1_133' title='bbox 877 1477 1173 1529; x_wconf 79' lang='lat' dir='ltr'><strong>Theutonici</strong></span> <span class='ocrx_word' id='word_1_134' title='bbox 1209 1477 1420 1543; x_wconf 76' lang='lat' dir='ltr'><strong>syndico</strong></span> <span class='ocrx_word' id='word_1_135' title='bbox 1457 1486 1509 1528; x_wconf 84' lang='lat' dir='ltr'><strong>et</strong></span> <span class='ocrx_word' id='word_1_136' title='bbox 1543 1488 1882 1545; x_wconf 76' lang='lat' dir='ltr'><strong>procuratore,</strong></span> <span class='ocrx_word' id='word_1_137' title='bbox 1920 1495 2013 1544; x_wconf 87' lang='lat' dir='ltr'><strong>per</strong></span> <span class='ocrx_word' id='word_1_138' title='bbox 2038 1477 2373 1529; x_wconf 82' lang='lat' dir='ltr'><strong>Wernherum</strong></span> <span class='ocrx_word' id='word_1_139' title='bbox 2409 1476 2701 1529; x_wconf 79' lang='lat' dir='ltr'><strong>canonicum</strong></span> <span class='ocrx_word' id='word_1_140' title='bbox 2736 1485 2791 1528; x_wconf 88' lang='lat' dir='ltr'><strong>et</strong></span> <span class='ocrx_word' id='word_1_141' title='bbox 2824 1476 3090 1529; x_wconf 77' lang='lat' dir='ltr'><strong>officialem</strong></span> <span class='ocrx_word' id='word_1_142' title='bbox 3119 1474 3549 1541; x_wconf 76' lang='lat' dir='ltr'><strong>Herbipolensem</strong></span> 
     </span>
    </p>
   </div>
   <div class='ocr_carea' id='block_1_3' title="bbox 666 1562 3547 1721">
    <p class='ocr_par' dir='ltr' id='par_1_4' title="bbox 666 1562 3547 1721">
     <span class='ocr_line' id='line_1_13' title="bbox 666 1562 3547 1632; baseline -0.001 -15"><span class='ocrx_word' id='word_1_143' title='bbox 666 1567 852 1617; x_wconf 78' lang='lat' dir='ltr'><strong>facturn</strong></span> <span class='ocrx_word' id='word_1_144' title='bbox 887 1566 938 1617; x_wconf 87' lang='lat' dir='ltr'><strong>in</strong></span> <span class='ocrx_word' id='word_1_145' title='bbox 977 1564 1177 1617; x_wconf 79' lang='lat' dir='ltr'><strong>archivo</strong></span> <span class='ocrx_word' id='word_1_146' title='bbox 1213 1565 1601 1631; x_wconf 82' lang='lat' dir='ltr'><strong>Regimontano.</strong></span> <span class='ocrx_word' id='word_1_147' title='bbox 1666 1566 1781 1628; x_wconf 70' lang='lat' dir='ltr'><strong>Ed„</strong></span> <span class='ocrx_word' id='word_1_148' title='bbox 1823 1566 1916 1617; x_wconf 88' lang='lat' dir='ltr'><strong>sed</strong></span> <span class='ocrx_word' id='word_1_149' title='bbox 1952 1564 2101 1627; x_wconf 81' lang='lat' dir='ltr'><strong>male,</strong></span> <span class='ocrx_word' id='word_1_150' title='bbox 2138 1565 2365 1617; x_wconf 73' lang='lat' dir='ltr'><strong>Duellius</strong></span> <span class='ocrx_word' id='word_1_151' title='bbox 2402 1566 2455 1616; x_wconf 89' lang='lat' dir='ltr'><strong>in</strong></span> <span class='ocrx_word' id='word_1_152' title='bbox 2492 1566 2775 1632; x_wconf 83' lang='lat' dir='ltr'><strong>appendice</strong></span> <span class='ocrx_word' id='word_1_153' title='bbox 2810 1581 2861 1631; x_wconf 88' lang='lat' dir='ltr'><strong>p.</strong></span> <span class='ocrx_word' id='word_1_154' title='bbox 2889 1563 2923 1615; x_wconf 81' lang='lat'>6</span> <span class='ocrx_word' id='word_1_155' title='bbox 2958 1582 3007 1617; x_wconf 86' lang='lat' dir='ltr'><strong>n.</strong></span> <span class='ocrx_word' id='word_1_156' title='bbox 3034 1564 3123 1615; x_wconf 77' lang='lat' dir='ltr'><strong>IV.</strong></span> <span class='ocrx_word' id='word_1_157' title='bbox 3314 1564 3361 1615; x_wconf 90' lang='lat'><strong>1.</strong></span> <span class='ocrx_word' id='word_1_158' title='bbox 3408 1562 3547 1614; x_wconf 75' lang='lat' dir='ltr'><strong>sedis</strong></span> 
     </span>
     <span class='ocr_line' id='line_1_14' title="bbox 666 1650 3429 1721; baseline 0 -17"><span class='ocrx_word' id='word_1_159' title='bbox 666 1654 939 1721; x_wconf 83' lang='lat' dir='ltr'><strong>apostolice</strong></span> <span class='ocrx_word' id='word_1_160' title='bbox 975 1654 1042 1705; x_wconf 83' lang='lat' dir='ltr'><strong>sit</strong></span> <span class='ocrx_word' id='word_1_161' title='bbox 1076 1654 1465 1705; x_wconf 83' lang='lat' dir='ltr'><strong>misericorditer</strong></span> <span class='ocrx_word' id='word_1_162' title='bbox 1501 1653 1748 1705; x_wconf 86' lang='lat' dir='ltr'><strong>indultum</strong></span> <span class='ocrx_word' id='word_1_163' title='bbox 1787 1654 1850 1705; x_wconf 88' lang='lat' dir='ltr'><strong>A.</strong></span> <span class='ocrx_word' id='word_1_164' title='bbox 1875 1653 1963 1705; x_wconf 84' lang='lat'><strong>20.</strong></span> <span class='ocrx_word' id='word_1_165' title='bbox 2140 1654 2190 1704; x_wconf 89' lang='grc'><strong>2.</strong></span> <span class='ocrx_word' id='word_1_166' title='bbox 2239 1654 2381 1705; x_wconf 78' lang='lat' dir='ltr'><strong>vobis</strong></span> <span class='ocrx_word' id='word_1_167' title='bbox 2419 1654 2480 1704; x_wconf 81' lang='lat' dir='ltr'><strong>A.</strong></span> <span class='ocrx_word' id='word_1_168' title='bbox 2507 1654 2591 1705; x_wconf 87' lang='grc'><strong>20.</strong></span> <span class='ocrx_word' id='word_1_169' title='bbox 2770 1652 2820 1704; x_wconf 82' lang='lat'><strong>3.</strong></span> <span class='ocrx_word' id='word_1_170' title='bbox 2871 1653 3211 1705; x_wconf 73' lang='lat' dir='ltr'><strong>subvencione</strong></span> <span class='ocrx_word' id='word_1_171' title='bbox 3248 1653 3313 1704; x_wconf 83' lang='lat' dir='ltr'><strong>A.</strong></span> <span class='ocrx_word' id='word_1_172' title='bbox 3342 1650 3429 1705; x_wconf 84' lang='lat'><strong>20.</strong></span> 
     </span>
    </p>
   </div>
   <div class='ocr_carea' id='block_1_4' title="bbox 673 1984 3547 2417">
    <p class='ocr_par' dir='ltr' id='par_1_5' title="bbox 673 1984 3547 2417">
     <span class='ocr_line' id='line_1_15' title="bbox 673 1984 3545 2095; baseline -0.001 -18"><span class='ocrx_word' id='word_1_173' title='bbox 673 2004 847 2080; x_wconf 85' lang='grc'><strong>328.</strong></span> <span class='ocrx_word' id='word_1_174' title='bbox 889 2009 1065 2075; x_wconf 84' lang='lat'><em>1221</em></span> <span class='ocrx_word' id='word_1_175' title='bbox 1115 2012 1406 2075; x_wconf 57' lang='lat' dir='ltr'><strong>ianuar-a·</strong></span> <span class='ocrx_word' id='word_1_176' title='bbox 1432 2010 1520 2076; x_wconf 82' lang='lat'><strong>18</strong></span> <span class='ocrx_word' id='word_1_177' title='bbox 1565 2010 1877 2076; x_wconf 62' lang='lat' dir='ltr'><strong>Laterani</strong></span> <span class='ocrx_word' id='word_1_178' title='bbox 1899 1984 2034 2095; x_wconf 65' lang='lat' dir='ltr'><strong>(cf.</strong></span> <span class='ocrx_word' id='word_1_179' title='bbox 2072 2011 2244 2077; x_wconf 86' lang='lat'><em>1221</em></span> <span class='ocrx_word' id='word_1_180' title='bbox 2293 2014 2463 2077; x_wconf 65' lang='lat' dir='ltr'><strong>iuna·</strong></span> <span class='ocrx_word' id='word_1_181' title='bbox 2503 2013 2569 2093; x_wconf 88' lang='lat'><strong>2,</strong></span> <span class='ocrx_word' id='word_1_182' title='bbox 2620 2012 2795 2077; x_wconf 73' lang='lat'><em>7224</em></span> <span class='ocrx_word' id='word_1_183' title='bbox 2838 2012 3007 2076; x_wconf 64' lang='lat' dir='ltr'><strong>iunii</strong></span> <span class='ocrx_word' id='word_1_184' title='bbox 3042 2010 3135 2075; x_wconf 86' lang='lat'><strong>22</strong></span> <span class='ocrx_word' id='word_1_185' title='bbox 3178 2010 3545 2090; x_wconf 64' lang='lat' dir='ltr'><strong>Laterum).</strong></span> 
     </span>
     <span class='ocr_line' id='line_1_16' title="bbox 887 2114 3547 2203; baseline 0 -23"><span class='ocrx_word' id='word_1_186' title='bbox 887 2114 1215 2180; x_wconf 73' lang='lat' dir='ltr'><strong>Honorius</strong></span> <span class='ocrx_word' id='word_1_187' title='bbox 1247 2116 1371 2181; x_wconf 92' lang='lat' dir='ltr'><strong>III</strong></span> <span class='ocrx_word' id='word_1_188' title='bbox 1405 2130 1569 2182; x_wconf 77' lang='lat' dir='ltr'><strong>vetat</strong></span> <span class='ocrx_word' id='word_1_189' title='bbox 1613 2119 1691 2182; x_wconf 82' lang='lat' dir='ltr'><strong>ab</strong></span> <span class='ocrx_word' id='word_1_190' title='bbox 1742 2120 1985 2183; x_wconf 73' lang='lat' dir='ltr'><strong>ordinis</strong></span> <span class='ocrx_word' id='word_1_191' title='bbox 2026 2116 2397 2183; x_wconf 71' lang='lat' dir='ltr'><strong>Theutonici</strong></span> <span class='ocrx_word' id='word_1_192' title='bbox 2436 2118 2765 2184; x_wconf 73' lang='lat' dir='ltr'><strong>novalibus</strong></span> <span class='ocrx_word' id='word_1_193' title='bbox 2823 2118 2923 2183; x_wconf 83' lang='lat' dir='ltr'><strong>vel</strong></span> <span class='ocrx_word' id='word_1_194' title='bbox 2966 2119 3150 2182; x_wconf 60' lang='lat' dir='ltr'><strong>tero-22⁹</strong></span> <span class='ocrx_word' id='word_1_195' title='bbox 3202 2128 3351 2203; x_wconf 77' lang='lat' dir='ltr'><strong>poet</strong></span> <span class='ocrx_word' id='word_1_196' title='bbox 3397 2138 3547 2181; x_wconf 77' lang='lat' dir='ltr'><strong>con—</strong></span> 
     </span>
     <span class='ocr_line' id='line_1_17' title="bbox 889 2222 3545 2311; baseline 0.001 -26"><span class='ocrx_word' id='word_1_197' title='bbox 889 2222 1104 2286; x_wconf 78' lang='lat' dir='ltr'><strong>cilium</strong></span> <span class='ocrx_word' id='word_1_198' title='bbox 1149 2226 1497 2309; x_wconf 53' lang='lat' dir='ltr'><strong>acquisitae,</strong></span> <span class='ocrx_word' id='word_1_199' title='bbox 1547 2246 1706 2309; x_wconf 74' lang='lat' dir='ltr'><strong>quae</strong></span> <span class='ocrx_word' id='word_1_200' title='bbox 1729 2225 1979 2308; x_wconf 74' lang='lat' dir='ltr'><strong>fratres</strong></span> <span class='ocrx_word' id='word_1_201' title='bbox 2004 2227 2295 2311; x_wconf 55' lang='lat' dir='ltr'><strong>propm&#39;tb</strong></span> <span class='ocrx_word' id='word_1_202' title='bbox 2328 2238 2440 2290; x_wconf 80' lang='lat' dir='ltr'><strong>aut</strong></span> <span class='ocrx_word' id='word_1_203' title='bbox 2467 2225 2756 2289; x_wconf 65' lang='lat' dir='ltr'><strong>manibus</strong></span> <span class='ocrx_word' id='word_1_204' title='bbox 2788 2236 2899 2289; x_wconf 79' lang='lat' dir='ltr'><strong>aut</strong></span> <span class='ocrx_word' id='word_1_205' title='bbox 2928 2223 3279 2311; x_wconf 69' lang='lat' dir='ltr'><strong>sumptibus</strong></span> <span class='ocrx_word' id='word_1_206' title='bbox 3311 2223 3545 2302; x_wconf 75' lang='lat' dir='ltr'><strong>colant,</strong></span> 
     </span>
     <span class='ocr_line' id='line_1_18' title="bbox 889 2331 1393 2417; baseline 0 -22"><span class='ocrx_word' id='word_1_207' title='bbox 889 2331 1162 2395; x_wconf 69' lang='lat' dir='ltr'><strong>dec-intas</strong></span> <span class='ocrx_word' id='word_1_208' title='bbox 1209 2332 1393 2417; x_wconf 68' lang='lat' dir='ltr'><strong>eoeiyi.</strong></span> 
     </span>
    </p>
   </div>
   <div class='ocr_carea' id='block_1_5' title="bbox 629 2450 3547 4269">
    <p class='ocr_par' dir='ltr' id='par_1_6' title="bbox 629 2450 3547 4269">
     <span class='ocr_line' id='line_1_19' title="bbox 889 2450 3547 2557; baseline 0.001 -23"><span class='ocrx_word' id='word_1_209' title='bbox 889 2468 1208 2536; x_wconf 88' lang='lat' dir='ltr'><strong>Honorius</strong></span> <span class='ocrx_word' id='word_1_210' title='bbox 1276 2470 1607 2556; x_wconf 88' lang='lat' dir='ltr'><strong>episcopus</strong></span> <span class='ocrx_word' id='word_1_211' title='bbox 1675 2490 1894 2539; x_wconf 83' lang='lat' dir='ltr'><strong>servus</strong></span> <span class='ocrx_word' id='word_1_212' title='bbox 1964 2492 2285 2539; x_wconf 88' lang='lat' dir='ltr'><strong>servorum</strong></span> <span class='ocrx_word' id='word_1_213' title='bbox 2355 2473 2457 2539; x_wconf 91' lang='lat' dir='ltr'><strong>dei</strong></span> <span class='ocrx_word' id='word_1_214' title='bbox 2488 2450 2975 2539; x_wconf 51' lang='lat' dir='ltr'><strong>‘venerabilibus</strong></span> <span class='ocrx_word' id='word_1_215' title='bbox 3036 2470 3343 2539; x_wconf 84' lang='lat' dir='ltr'><strong>fratribus</strong></span> <span class='ocrx_word' id='word_1_216' title='bbox 3404 2470 3547 2557; x_wconf 87' lang='lat' dir='ltr'><strong>[pa-</strong></span> 
     </span>
     <span class='ocr_line' id='line_1_20' title="bbox 666 2573 3542 2666; baseline 0.002 -26"><span class='ocrx_word' id='word_1_217' title='bbox 666 2574 1016 2661; x_wconf 80' lang='lat' dir='ltr'><strong>triarchis,]</strong></span> <span class='ocrx_word' id='word_1_218' title='bbox 1034 2573 1050 2606; x_wconf 84' lang='lat'><em>¹</em></span> <span class='ocrx_word' id='word_1_219' title='bbox 1112 2576 1599 2665; x_wconf 78' lang='lat' dir='ltr'><strong>archiepiscopis</strong></span> <span class='ocrx_word' id='word_1_220' title='bbox 1645 2583 1711 2645; x_wconf 91' lang='lat' dir='ltr'><strong>et</strong></span> <span class='ocrx_word' id='word_1_221' title='bbox 1767 2580 2111 2666; x_wconf 83' lang='lat' dir='ltr'><strong>episcopie,</strong></span> <span class='ocrx_word' id='word_1_222' title='bbox 2171 2585 2235 2646; x_wconf 90' lang='lat' dir='ltr'><strong>et</strong></span> <span class='ocrx_word' id='word_1_223' title='bbox 2281 2578 2525 2647; x_wconf 91' lang='lat' dir='ltr'><strong>dilectis</strong></span> <span class='ocrx_word' id='word_1_224' title='bbox 2572 2579 2718 2647; x_wconf 91' lang='lat' dir='ltr'><strong>filiis</strong></span> <span class='ocrx_word' id='word_1_225' title='bbox 2778 2577 3141 2661; x_wconf 84' lang='lat' dir='ltr'><strong>abbatibus,</strong></span> <span class='ocrx_word' id='word_1_226' title='bbox 3202 2578 3542 2665; x_wconf 80' lang='lat' dir='ltr'><strong>prioribus,</strong></span> 
     </span>
     <span class='ocr_line' id='line_1_21' title="bbox 667 2682 3545 2772; baseline 0.001 -23"><span class='ocrx_word' id='word_1_227' title='bbox 667 2682 1154 2765; x_wconf 85' lang='lat' dir='ltr'><strong>archidiaconis,</strong></span> <span class='ocrx_word' id='word_1_228' title='bbox 1213 2683 1465 2750; x_wconf 88' lang='lat' dir='ltr'><strong>decanis</strong></span> <span class='ocrx_word' id='word_1_229' title='bbox 1521 2690 1586 2751; x_wconf 88' lang='lat' dir='ltr'><strong>et</strong></span> <span class='ocrx_word' id='word_1_230' title='bbox 1641 2686 1783 2752; x_wconf 89' lang='lat' dir='ltr'><strong>aliis</strong></span> <span class='ocrx_word' id='word_1_231' title='bbox 1840 2684 2244 2753; x_wconf 87' lang='lat' dir='ltr'><strong>ecclesiarum</strong></span> <span class='ocrx_word' id='word_1_232' title='bbox 2302 2686 2595 2772; x_wconf 88' lang='lat' dir='ltr'><strong>prelatis,</strong></span> <span class='ocrx_word' id='word_1_233' title='bbox 2652 2686 2733 2753; x_wconf 88' lang='lat' dir='ltr'><strong>ad</strong></span> <span class='ocrx_word' id='word_1_234' title='bbox 2778 2704 2934 2772; x_wconf 90' lang='lat' dir='ltr'><strong>quos</strong></span> <span class='ocrx_word' id='word_1_235' title='bbox 2977 2684 3189 2752; x_wconf 85' lang='lat' dir='ltr'><strong>littere</strong></span> <span class='ocrx_word' id='word_1_236' title='bbox 3232 2686 3355 2751; x_wconf 88' lang='lat' dir='ltr'><strong>iste</strong></span> <span class='ocrx_word' id='word_1_237' title='bbox 3398 2706 3545 2771; x_wconf 86' lang='lat' dir='ltr'><strong>per—</strong></span> 
     </span>
     <span class='ocr_line' id='line_1_22' title="bbox 667 2788 3545 2879; baseline 0 -23"><span class='ocrx_word' id='word_1_238' title='bbox 667 2788 986 2873; x_wconf 77' lang='lat' dir='ltr'><strong>venerint,</strong></span> <span class='ocrx_word' id='word_1_239' title='bbox 1045 2788 1312 2857; x_wconf 89' lang='lat' dir='ltr'><strong>salutem</strong></span> <span class='ocrx_word' id='word_1_240' title='bbox 1371 2797 1434 2858; x_wconf 90' lang='lat' dir='ltr'><strong>et</strong></span> <span class='ocrx_word' id='word_1_241' title='bbox 1491 2793 1901 2878; x_wconf 85' lang='lat' dir='ltr'><strong>apostolicam</strong></span> <span class='ocrx_word' id='word_1_242' title='bbox 1960 2792 2475 2860; x_wconf 87' lang='lat' dir='ltr'><strong>benedictionem.</strong></span> <span class='ocrx_word' id='word_1_243' title='bbox 2746 2793 2908 2871; x_wconf 83' lang='lat' dir='ltr'><strong>Quia</strong></span> <span class='ocrx_word' id='word_1_244' title='bbox 2961 2791 3333 2879; x_wconf 87' lang='lat' dir='ltr'><strong>plerumque</strong></span> <span class='ocrx_word' id='word_1_245' title='bbox 3377 2792 3545 2858; x_wconf 85' lang='lat' dir='ltr'><strong>veri-</strong></span> 
     </span>
     <span class='ocr_line' id='line_1_23' title="bbox 629 2896 3543 2985; baseline 0.001 -23"><span class='ocrx_word' id='word_1_246' title='bbox 629 2896 818 2963; x_wconf 84' lang='lat' dir='ltr'><strong>·tatis</strong></span> <span class='ocrx_word' id='word_1_247' title='bbox 885 2897 1218 2979; x_wconf 79' lang='lat' dir='ltr'><strong>integritas</strong></span> <span class='ocrx_word' id='word_1_248' title='bbox 1287 2918 1402 2983; x_wconf 91' lang='lat' dir='ltr'><strong>per</strong></span> <span class='ocrx_word' id='word_1_249' title='bbox 1460 2899 1770 2965; x_wconf 90' lang='lat' dir='ltr'><strong>minorem</strong></span> <span class='ocrx_word' id='word_1_250' title='bbox 1837 2900 2319 2983; x_wconf 85' lang='lat' dir='ltr'><strong>intelligentiam</strong></span> <span class='ocrx_word' id='word_1_251' title='bbox 2390 2906 2500 2967; x_wconf 89' lang='lat' dir='ltr'><strong>aut</strong></span> <span class='ocrx_word' id='word_1_252' title='bbox 2566 2898 2876 2967; x_wconf 87' lang='lat' dir='ltr'><strong>malitiam</strong></span> <span class='ocrx_word' id='word_1_253' title='bbox 2931 2897 3259 2966; x_wconf 88' lang='lat' dir='ltr'><strong>hominum</strong></span> <span class='ocrx_word' id='word_1_254' title='bbox 3316 2899 3543 2985; x_wconf 86' lang='lat' dir='ltr'><strong>depra-</strong></span> 
     </span>
     <span class='ocr_line' id='line_1_24' title="bbox 668 3003 3543 3097; baseline 0.001 -28"><span class='ocrx_word' id='word_1_255' title='bbox 668 3013 883 3087; x_wconf 83' lang='lat' dir='ltr'><strong>vatur,</strong></span> <span class='ocrx_word' id='word_1_256' title='bbox 941 3024 1067 3069; x_wconf 91' lang='lat' dir='ltr'><strong>non</strong></span> <span class='ocrx_word' id='word_1_257' title='bbox 1127 3003 1373 3097; x_wconf 80' lang='lat' dir='ltr'><strong>videtur</strong></span> <span class='ocrx_word' id='word_1_258' title='bbox 1426 3006 1841 3088; x_wconf 88' lang='lat' dir='ltr'><strong>incongruum</strong></span> <span class='ocrx_word' id='word_1_259' title='bbox 1857 3056 1876 3091; x_wconf 90' lang='lat'><strong>,</strong></span> <span class='ocrx_word' id='word_1_260' title='bbox 1947 3008 2003 3073; x_wconf 88' lang='lat' dir='ltr'><strong>si</strong></span> <span class='ocrx_word' id='word_1_261' title='bbox 2061 3026 2166 3090; x_wconf 90' lang='lat' dir='ltr'><strong>ea,</strong></span> <span class='ocrx_word' id='word_1_262' title='bbox 2238 3028 2358 3091; x_wconf 91' lang='lat' dir='ltr'><strong>que</strong></span> <span class='ocrx_word' id='word_1_263' title='bbox 2424 3026 2555 3072; x_wconf 88' lang='lat' dir='ltr'><strong>non</strong></span> <span class='ocrx_word' id='word_1_264' title='bbox 2613 3006 2949 3073; x_wconf 85' lang='lat' dir='ltr'><strong>manifesta</strong></span> <span class='ocrx_word' id='word_1_265' title='bbox 3004 3006 3174 3071; x_wconf 87' lang='lat' dir='ltr'><strong>dicta</strong></span> <span class='ocrx_word' id='word_1_266' title='bbox 3226 3004 3543 3087; x_wconf 80' lang='lat' dir='ltr'><strong>videntur,</strong></span> 
     </span>
     <span class='ocr_line' id='line_1_25' title="bbox 669 3108 3543 3199; baseline 0 -22"><span class='ocrx_word' id='word_1_267' title='bbox 669 3111 750 3177; x_wconf 91' lang='lat' dir='ltr'><strong>ad</strong></span> <span class='ocrx_word' id='word_1_268' title='bbox 795 3130 1044 3177; x_wconf 90' lang='lat' dir='ltr'><strong>omnem</strong></span> <span class='ocrx_word' id='word_1_269' title='bbox 1093 3108 1522 3194; x_wconf 87' lang='lat' dir='ltr'><strong>ambiguitatis</strong></span> <span class='ocrx_word' id='word_1_270' title='bbox 1569 3113 1934 3199; x_wconf 89' lang='lat' dir='ltr'><strong>scrupulum</strong></span> <span class='ocrx_word' id='word_1_271' title='bbox 1982 3113 2399 3179; x_wconf 80' lang='lat' dir='ltr'><strong>amovendum</strong></span> <span class='ocrx_word' id='word_1_272' title='bbox 2444 3112 2795 3178; x_wconf 85' lang='lat' dir='ltr'><strong>evidentius</strong></span> <span class='ocrx_word' id='word_1_273' title='bbox 2851 3117 3251 3199; x_wconf 85' lang='lat' dir='ltr'><strong>exponantur</strong></span> <span class='ocrx_word' id='word_1_274' title='bbox 3300 3117 3367 3179; x_wconf 90' lang='lat' dir='ltr'><strong>et</strong></span> <span class='ocrx_word' id='word_1_275' title='bbox 3406 3120 3543 3178; x_wconf 89' lang='lat' dir='ltr'><strong>tur-</strong></span> 
     </span>
     <span class='ocr_line' id='line_1_26' title="bbox 668 3216 3543 3304; baseline -0 -19"><span class='ocrx_word' id='word_1_276' title='bbox 668 3216 993 3285; x_wconf 83' lang='lat' dir='ltr'><strong>batoribus</strong></span> <span class='ocrx_word' id='word_1_277' title='bbox 1050 3218 1335 3285; x_wconf 84' lang='lat' dir='ltr'><strong>veritatis</strong></span> <span class='ocrx_word' id='word_1_278' title='bbox 1395 3219 1599 3285; x_wconf 86' lang='lat' dir='ltr'><strong>omnis</strong></span> <span class='ocrx_word' id='word_1_279' title='bbox 1661 3219 1982 3285; x_wconf 84' lang='lat' dir='ltr'><strong>auferatur</strong></span> <span class='ocrx_word' id='word_1_280' title='bbox 2038 3219 2549 3286; x_wconf 87' lang='lat' dir='ltr'><strong>contradictionis</strong></span> <span class='ocrx_word' id='word_1_281' title='bbox 2601 3219 2865 3303; x_wconf 85' lang='lat' dir='ltr'><strong>occasio,</strong></span> <span class='ocrx_word' id='word_1_282' title='bbox 2925 3226 3234 3304; x_wconf 81' lang='lat' dir='ltr'><strong>quatenus</strong></span> <span class='ocrx_word' id='word_1_283' title='bbox 3278 3238 3375 3302; x_wconf 85' lang='lat' dir='ltr'><strong>ea,</strong></span> <span class='ocrx_word' id='word_1_284' title='bbox 3420 3240 3543 3304; x_wconf 87' lang='lat' dir='ltr'><strong>que</strong></span> 
     </span>
     <span class='ocr_line' id='line_1_27' title="bbox 668 3323 3541 3411; baseline 0 -20"><span class='ocrx_word' id='word_1_285' title='bbox 668 3323 838 3391; x_wconf 90' lang='lat' dir='ltr'><strong>dicta</strong></span> <span class='ocrx_word' id='word_1_286' title='bbox 881 3332 1057 3408; x_wconf 87' lang='lat' dir='ltr'><strong>sunt,</strong></span> <span class='ocrx_word' id='word_1_287' title='bbox 1105 3324 1283 3391; x_wconf 86' lang='lat' dir='ltr'><strong>nulla</strong></span> <span class='ocrx_word' id='word_1_288' title='bbox 1326 3324 1582 3392; x_wconf 83' lang='lat' dir='ltr'><strong>valeant</strong></span> <span class='ocrx_word' id='word_1_289' title='bbox 1625 3325 2109 3393; x_wconf 86' lang='lat' dir='ltr'><strong>obumbratione</strong></span> <span class='ocrx_word' id='word_1_290' title='bbox 2155 3326 2408 3393; x_wconf 81' lang='lat' dir='ltr'><strong>fuscari.</strong></span> <span class='ocrx_word' id='word_1_291' title='bbox 2467 3325 2847 3411; x_wconf 88' lang='lat' dir='ltr'><strong>Accepimus</strong></span> <span class='ocrx_word' id='word_1_292' title='bbox 2882 3332 3113 3409; x_wconf 90' lang='lat' dir='ltr'><strong>autem,</strong></span> <span class='ocrx_word' id='word_1_293' title='bbox 3164 3326 3351 3410; x_wconf 88' lang='lat' dir='ltr'><strong>quod,</strong></span> <span class='ocrx_word' id='word_1_294' title='bbox 3396 3345 3541 3392; x_wconf 89' lang='lat' dir='ltr'><strong>cum</strong></span> 
     </span>
     <span class='ocr_line' id='line_1_28' title="bbox 669 3430 3541 3526; baseline 0.001 -29"><span class='ocrx_word' id='word_1_295' title='bbox 669 3431 914 3526; x_wconf 77' lang='lat' dir='ltr'><strong>dilectis</strong></span> <span class='ocrx_word' id='word_1_296' title='bbox 957 3430 1106 3497; x_wconf 87' lang='lat' dir='ltr'><strong>filiis</strong></span> <span class='ocrx_word' id='word_1_297' title='bbox 1153 3482 1169 3497; x_wconf 91' lang='lat'><strong>.</strong></span> <span class='ocrx_word' id='word_1_298' title='bbox 1193 3482 1208 3497; x_wconf 89' lang='lat'>.</span> <span class='ocrx_word' id='word_1_299' title='bbox 1259 3432 1561 3515; x_wconf 86' lang='lat' dir='ltr'><strong>magistro</strong></span> <span class='ocrx_word' id='word_1_300' title='bbox 1609 3437 1674 3499; x_wconf 90' lang='lat' dir='ltr'><strong>et</strong></span> <span class='ocrx_word' id='word_1_301' title='bbox 1717 3432 2019 3500; x_wconf 85' lang='lat' dir='ltr'><strong>fratribus</strong></span> <span class='ocrx_word' id='word_1_302' title='bbox 2065 3434 2289 3500; x_wconf 90' lang='lat' dir='ltr'><strong>domus</strong></span> <span class='ocrx_word' id='word_1_303' title='bbox 2334 3431 2666 3518; x_wconf 86' lang='lat' dir='ltr'><strong>hospitalis</strong></span> <span class='ocrx_word' id='word_1_304' title='bbox 2710 3436 2925 3499; x_wconf 85' lang='lat' dir='ltr'><strong>sancte</strong></span> <span class='ocrx_word' id='word_1_305' title='bbox 2970 3430 3170 3499; x_wconf 87' lang='lat' dir='ltr'><strong>Marie</strong></span> <span class='ocrx_word' id='word_1_306' title='bbox 3201 3432 3541 3501; x_wconf 86' lang='lat' dir='ltr'><strong>Theutoni·</strong></span> 
     </span>
     <span class='ocr_line' id='line_1_29' title="bbox 667 3537 3543 3627; baseline 0 -22"><span class='ocrx_word' id='word_1_307' title='bbox 667 3558 885 3606; x_wconf 90' lang='lat' dir='ltr'><strong>corum</strong></span> <span class='ocrx_word' id='word_1_308' title='bbox 931 3537 1416 3605; x_wconf 87' lang='lat' dir='ltr'><strong>lerosolimitani</strong></span> <span class='ocrx_word' id='word_1_309' title='bbox 1461 3539 1826 3606; x_wconf 77' lang='lat' dir='ltr'><strong>duxerimus</strong></span> <span class='ocrx_word' id='word_1_310' title='bbox 1873 3540 2372 3622; x_wconf 87' lang='lat' dir='ltr'><strong>concedendum,</strong></span> <span class='ocrx_word' id='word_1_311' title='bbox 2420 3544 2493 3606; x_wconf 90' lang='lat' dir='ltr'><strong>ut</strong></span> <span class='ocrx_word' id='word_1_312' title='bbox 2536 3539 2613 3606; x_wconf 90' lang='lat' dir='ltr'><strong>de</strong></span> <span class='ocrx_word' id='word_1_313' title='bbox 2655 3539 2998 3623; x_wconf 86' lang='lat' dir='ltr'><strong>laboribus,</strong></span> <span class='ocrx_word' id='word_1_314' title='bbox 3056 3560 3213 3624; x_wconf 87' lang='lat' dir='ltr'><strong>quos</strong></span> <span class='ocrx_word' id='word_1_315' title='bbox 3268 3542 3543 3627; x_wconf 88' lang='lat' dir='ltr'><strong>propriis</strong></span> 
     </span>
     <span class='ocr_line' id='line_1_30' title="bbox 669 3646 3543 3732; baseline 0.001 -21"><span class='ocrx_word' id='word_1_316' title='bbox 669 3646 959 3712; x_wconf 87' lang='lat' dir='ltr'><strong>manibus</strong></span> <span class='ocrx_word' id='word_1_317' title='bbox 1005 3646 1106 3712; x_wconf 84' lang='lat' dir='ltr'><strong>vel</strong></span> <span class='ocrx_word' id='word_1_318' title='bbox 1151 3646 1506 3732; x_wconf 88' lang='lat' dir='ltr'><strong>sumptibus</strong></span> <span class='ocrx_word' id='word_1_319' title='bbox 1554 3646 1868 3730; x_wconf 83' lang='lat' dir='ltr'><strong>excolunt,</strong></span> <span class='ocrx_word' id='word_1_320' title='bbox 1918 3647 1997 3713; x_wconf 90' lang='lat' dir='ltr'><strong>de</strong></span> <span class='ocrx_word' id='word_1_321' title='bbox 2042 3647 2543 3732; x_wconf 87' lang='lat' dir='ltr'><strong>possessionibus</strong></span> <span class='ocrx_word' id='word_1_322' title='bbox 2588 3646 2819 3713; x_wconf 88' lang='lat' dir='ltr'><strong>habitis</strong></span> <span class='ocrx_word' id='word_1_323' title='bbox 2866 3652 3013 3713; x_wconf 88' lang='lat' dir='ltr'><strong>ante</strong></span> <span class='ocrx_word' id='word_1_324' title='bbox 3056 3646 3393 3713; x_wconf 84' lang='lat' dir='ltr'><strong>concilium</strong></span> <span class='ocrx_word' id='word_1_325' title='bbox 3434 3668 3543 3731; x_wconf 86' lang='lat' dir='ltr'><strong>ge·</strong></span> 
     </span>
     <span class='ocr_line' id='line_1_31' title="bbox 669 3752 3543 3851; baseline 0 -32"><span class='ocrx_word' id='word_1_326' title='bbox 669 3752 882 3819; x_wconf 85' lang='lat' dir='ltr'><strong>nerale</strong></span> <span class='ocrx_word' id='word_1_327' title='bbox 925 3753 1166 3819; x_wconf 90' lang='lat' dir='ltr'><strong>nemini</strong></span> <span class='ocrx_word' id='word_1_328' title='bbox 1212 3754 1486 3819; x_wconf 88' lang='lat' dir='ltr'><strong>decimas</strong></span> <span class='ocrx_word' id='word_1_329' title='bbox 1533 3752 1777 3820; x_wconf 88' lang='lat' dir='ltr'><strong>solvere</strong></span> <span class='ocrx_word' id='word_1_330' title='bbox 1805 3759 2178 3851; x_wconf 72' lang='lat' dir='ltr'><strong>teneantur,</strong></span> <span class='ocrx_word' id='word_1_331' title='bbox 2226 3754 2483 3838; x_wconf 88' lang='lat' dir='ltr'><strong>quidam</strong></span> <span class='ocrx_word' id='word_1_332' title='bbox 2530 3754 2608 3821; x_wconf 90' lang='lat' dir='ltr'><strong>ab</strong></span> <span class='ocrx_word' id='word_1_333' title='bbox 2654 3754 2745 3821; x_wconf 90' lang='lat' dir='ltr'><strong>eis</strong></span> <span class='ocrx_word' id='word_1_334' title='bbox 2790 3752 3199 3820; x_wconf 85' lang='lat' dir='ltr'><strong>nihilominus</strong></span> <span class='ocrx_word' id='word_1_335' title='bbox 3243 3760 3391 3839; x_wconf 90' lang='lat' dir='ltr'><strong>post</strong></span> <span class='ocrx_word' id='word_1_336' title='bbox 3442 3772 3543 3820; x_wconf 85' lang='lat' dir='ltr'><strong>ce·</strong></span> 
     </span>
     <span class='ocr_line' id='line_1_32' title="bbox 671 3858 3545 3946; baseline 0.001 -21"><span class='ocrx_word' id='word_1_337' title='bbox 671 3858 1086 3926; x_wconf 87' lang='lat' dir='ltr'><strong>lebrationem</strong></span> <span class='ocrx_word' id='word_1_338' title='bbox 1129 3860 1444 3943; x_wconf 84' lang='lat' dir='ltr'><strong>generalis</strong></span> <span class='ocrx_word' id='word_1_339' title='bbox 1491 3860 1740 3927; x_wconf 87' lang='lat' dir='ltr'><strong>concilii</strong></span> <span class='ocrx_word' id='word_1_340' title='bbox 1783 3866 2007 3927; x_wconf 87' lang='lat' dir='ltr'><strong>contra</strong></span> <span class='ocrx_word' id='word_1_341' title='bbox 2050 3859 2503 3944; x_wconf 79' lang='lat' dir='ltr'><strong>indulgentiam</strong></span> <span class='ocrx_word' id='word_1_342' title='bbox 2550 3860 2717 3927; x_wconf 87' lang='lat' dir='ltr'><strong>sedis</strong></span> <span class='ocrx_word' id='word_1_343' title='bbox 2762 3860 3105 3946; x_wconf 88' lang='lat' dir='ltr'><strong>apostolice</strong></span> <span class='ocrx_word' id='word_1_344' title='bbox 3146 3860 3427 3929; x_wconf 86' lang='lat' dir='ltr'><strong>decimas</strong></span> <span class='ocrx_word' id='word_1_345' title='bbox 3466 3862 3545 3927; x_wconf 89' lang='lat' dir='ltr'><strong>de</strong></span> 
     </span>
     <span class='ocr_line' id='line_1_33' title="bbox 673 3965 3547 4054; baseline 0.001 -23"><span class='ocrx_word' id='word_1_346' title='bbox 673 3965 974 4052; x_wconf 88' lang='lat' dir='ltr'><strong>predictis</strong></span> <span class='ocrx_word' id='word_1_347' title='bbox 1021 3967 1521 4051; x_wconf 89' lang='lat' dir='ltr'><strong>possessionibus</strong></span> <span class='ocrx_word' id='word_1_348' title='bbox 1569 3968 1820 4051; x_wconf 83' lang='lat' dir='ltr'><strong>exigere</strong></span> <span class='ocrx_word' id='word_1_349' title='bbox 1868 3987 1943 4035; x_wconf 87' lang='lat' dir='ltr'><strong>ac</strong></span> <span class='ocrx_word' id='word_1_350' title='bbox 1988 3974 2363 4053; x_wconf 85' lang='lat' dir='ltr'><strong>extorquere</strong></span> <span class='ocrx_word' id='word_1_351' title='bbox 2408 3972 2801 4054; x_wconf 88' lang='lat' dir='ltr'><strong>presumunt,</strong></span> <span class='ocrx_word' id='word_1_352' title='bbox 2847 3988 2921 4034; x_wconf 89' lang='lat' dir='ltr'><strong>ac</strong></span> <span class='ocrx_word' id='word_1_353' title='bbox 2966 3988 3167 4053; x_wconf 84' lang='lat' dir='ltr'><strong>prava</strong></span> <span class='ocrx_word' id='word_1_354' title='bbox 3194 3972 3261 4034; x_wconf 90' lang='lat' dir='ltr'><strong>et</strong></span> <span class='ocrx_word' id='word_1_355' title='bbox 3290 3969 3547 4035; x_wconf 84' lang='lat' dir='ltr'><strong>sinistra</strong></span> 
     </span>
     <span class='ocr_line' id='line_1_34' title="bbox 673 4074 3545 4161; baseline 0.001 -23"><span class='ocrx_word' id='word_1_356' title='bbox 673 4074 1194 4158; x_wconf 87' lang='lat' dir='ltr'><strong>interpretatione</strong></span> <span class='ocrx_word' id='word_1_357' title='bbox 1230 4074 1560 4160; x_wconf 86' lang='lat' dir='ltr'><strong>apostolici</strong></span> <span class='ocrx_word' id='word_1_358' title='bbox 1592 4074 1908 4161; x_wconf 82' lang='lat' dir='ltr'><strong>privilegii</strong></span> <span class='ocrx_word' id='word_1_359' title='bbox 1938 4074 2285 4161; x_wconf 82' lang='lat' dir='ltr'><strong>capitulum</strong></span> <span class='ocrx_word' id='word_1_360' title='bbox 2316 4079 2747 4161; x_wconf 84' lang='lat' dir='ltr'><strong>pervertentes</strong></span> <span class='ocrx_word' id='word_1_361' title='bbox 2780 4081 3069 4142; x_wconf 87' lang='lat' dir='ltr'><strong>asserunt</strong></span> <span class='ocrx_word' id='word_1_362' title='bbox 3098 4074 3177 4141; x_wconf 89' lang='lat' dir='ltr'><strong>de</strong></span> <span class='ocrx_word' id='word_1_363' title='bbox 3216 4075 3545 4143; x_wconf 77' lang='lat' dir='ltr'><strong>novalibus</strong></span> 
     </span>
     <span class='ocr_line' id='line_1_35' title="bbox 673 4179 3543 4269; baseline 0.001 -23"><span class='ocrx_word' id='word_1_364' title='bbox 673 4179 902 4248; x_wconf 90' lang='lat' dir='ltr'><strong>debere</strong></span> <span class='ocrx_word' id='word_1_365' title='bbox 945 4179 1236 4266; x_wconf 82' lang='lat' dir='ltr'><strong>intelligi,</strong></span> <span class='ocrx_word' id='word_1_366' title='bbox 1282 4180 1392 4247; x_wconf 91' lang='lat' dir='ltr'><strong>ubi</strong></span> <span class='ocrx_word' id='word_1_367' title='bbox 1435 4181 1714 4247; x_wconf 89' lang='lat' dir='ltr'><strong>noscitur</strong></span> <span class='ocrx_word' id='word_1_368' title='bbox 1751 4181 1828 4247; x_wconf 91' lang='lat' dir='ltr'><strong>de</strong></span> <span class='ocrx_word' id='word_1_369' title='bbox 1873 4180 2195 4248; x_wconf 87' lang='lat' dir='ltr'><strong>laboribus</strong></span> <span class='ocrx_word' id='word_1_370' title='bbox 2242 4202 2379 4249; x_wconf 88' lang='lat' dir='ltr'><strong>esse</strong></span> <span class='ocrx_word' id='word_1_371' title='bbox 2425 4182 2753 4269; x_wconf 86' lang='lat' dir='ltr'><strong>scriptum.</strong></span> <span class='ocrx_word' id='word_1_372' title='bbox 2828 4179 3139 4259; x_wconf 87' lang='lat' dir='ltr'><strong>Quoniam</strong></span> <span class='ocrx_word' id='word_1_373' title='bbox 3182 4182 3378 4267; x_wconf 85' lang='lat' dir='ltr'><strong>igitur</strong></span> <span class='ocrx_word' id='word_1_374' title='bbox 3412 4204 3543 4249; x_wconf 88' lang='lat' dir='ltr'><strong>ma·</strong></span> 
     </span>
    </p>
   </div>
   <div class='ocr_carea' id='block_1_6' title="bbox 571 4286 3544 4375">
    <p class='ocr_par' dir='ltr' id='par_1_7' title="bbox 571 4286 3544 4375">
     <span class='ocr_line' id='line_1_36' title="bbox 571 4286 3544 4375; baseline 0.001 -22"><span class='ocrx_word' id='word_1_375' title='bbox 571 4286 580 4297; x_wconf 90' lang='grc'><em>“</em></span> <span class='ocrx_word' id='word_1_376' title='bbox 671 4287 968 4353; x_wconf 81' lang='lat' dir='ltr'><strong>nifestum</strong></span> <span class='ocrx_word' id='word_1_377' title='bbox 1017 4292 1114 4353; x_wconf 88' lang='lat' dir='ltr'><strong>est</strong></span> <span class='ocrx_word' id='word_1_378' title='bbox 1158 4287 1470 4373; x_wconf 89' lang='lat' dir='ltr'><strong>omnibus,</strong></span> <span class='ocrx_word' id='word_1_379' title='bbox 1517 4290 1626 4372; x_wconf 89' lang='lat' dir='ltr'><strong>qui</strong></span> <span class='ocrx_word' id='word_1_380' title='bbox 1671 4294 1840 4355; x_wconf 90' lang='lat' dir='ltr'><strong>recte</strong></span> <span class='ocrx_word' id='word_1_381' title='bbox 1871 4290 2149 4375; x_wconf 84' lang='lat' dir='ltr'><strong>sapiunt,</strong></span> <span class='ocrx_word' id='word_1_382' title='bbox 2180 4290 2767 4375; x_wconf 88' lang='lat' dir='ltr'><strong>interpretationem</strong></span> <span class='ocrx_word' id='word_1_383' title='bbox 2796 4288 3157 4355; x_wconf 86' lang='lat' dir='ltr'><strong>huiusmodi</strong></span> <span class='ocrx_word' id='word_1_384' title='bbox 3184 4310 3544 4375; x_wconf 83' lang='lat' dir='ltr'><strong>perversam</strong></span> 
     </span>
    </p>
   </div>
   <div class='ocr_carea' id='block_1_7' title="bbox 671 4393 3545 4801">
    <p class='ocr_par' dir='ltr' id='par_1_8' title="bbox 671 4393 3545 4801">
     <span class='ocr_line' id='line_1_37' title="bbox 673 4393 3545 4482; baseline 0.001 -23"><span class='ocrx_word' id='word_1_385' title='bbox 673 4414 810 4459; x_wconf 89' lang='lat' dir='ltr'><strong>esse</strong></span> <span class='ocrx_word' id='word_1_386' title='bbox 855 4401 920 4459; x_wconf 89' lang='lat' dir='ltr'><strong>et</strong></span> <span class='ocrx_word' id='word_1_387' title='bbox 961 4393 1308 4461; x_wconf 89' lang='lat' dir='ltr'><strong>intellectui</strong></span> <span class='ocrx_word' id='word_1_388' title='bbox 1353 4415 1506 4461; x_wconf 88' lang='lat' dir='ltr'><strong>sano</strong></span> <span class='ocrx_word' id='word_1_389' title='bbox 1537 4396 1958 4480; x_wconf 77' lang='lat' dir='ltr'><strong>contrariam,</strong></span> <span class='ocrx_word' id='word_1_390' title='bbox 2005 4416 2149 4462; x_wconf 88' lang='lat' dir='ltr'><strong>cum</strong></span> <span class='ocrx_word' id='word_1_391' title='bbox 2192 4396 2535 4463; x_wconf 86' lang='lat' dir='ltr'><strong>secundum</strong></span> <span class='ocrx_word' id='word_1_392' title='bbox 2580 4395 2925 4482; x_wconf 88' lang='lat' dir='ltr'><strong>capitulum</strong></span> <span class='ocrx_word' id='word_1_393' title='bbox 2971 4395 3129 4461; x_wconf 88' lang='lat' dir='ltr'><strong>illud</strong></span> <span class='ocrx_word' id='word_1_394' title='bbox 3158 4416 3199 4461; x_wconf 86' lang='lat' dir='ltr'><strong>a</strong></span> <span class='ocrx_word' id='word_1_395' title='bbox 3237 4396 3545 4463; x_wconf 88' lang='lat' dir='ltr'><strong>solutione</strong></span> 
     </span>
     <span class='ocr_line' id='line_1_38' title="bbox 672 4500 3543 4588; baseline 0.001 -21"><span class='ocrx_word' id='word_1_396' title='bbox 672 4500 1058 4568; x_wconf 89' lang='lat' dir='ltr'><strong>decimarum</strong></span> <span class='ocrx_word' id='word_1_397' title='bbox 1102 4507 1234 4567; x_wconf 88' lang='lat' dir='ltr'><strong>tam</strong></span> <span class='ocrx_word' id='word_1_398' title='bbox 1281 4502 1360 4569; x_wconf 89' lang='lat' dir='ltr'><strong>de</strong></span> <span class='ocrx_word' id='word_1_399' title='bbox 1405 4502 1592 4568; x_wconf 89' lang='lat' dir='ltr'><strong>terris</strong></span> <span class='ocrx_word' id='word_1_400' title='bbox 1637 4502 1785 4587; x_wconf 87' lang='lat' dir='ltr'><strong>illis,</strong></span> <span class='ocrx_word' id='word_1_401' title='bbox 1833 4522 1991 4588; x_wconf 88' lang='lat' dir='ltr'><strong>quas</strong></span> <span class='ocrx_word' id='word_1_402' title='bbox 2036 4502 2433 4569; x_wconf 87' lang='lat' dir='ltr'><strong>deduxerunt</strong></span> <span class='ocrx_word' id='word_1_403' title='bbox 2464 4502 2562 4569; x_wconf 89' lang='lat' dir='ltr'><strong>vel</strong></span> <span class='ocrx_word' id='word_1_404' title='bbox 2592 4502 2911 4569; x_wconf 87' lang='lat' dir='ltr'><strong>deducunt</strong></span> <span class='ocrx_word' id='word_1_405' title='bbox 2940 4501 3021 4567; x_wconf 87' lang='lat' dir='ltr'><strong>ad</strong></span> <span class='ocrx_word' id='word_1_406' title='bbox 3050 4501 3309 4587; x_wconf 86' lang='lat' dir='ltr'><strong>cultum,</strong></span> <span class='ocrx_word' id='word_1_407' title='bbox 3356 4523 3543 4588; x_wconf 82' lang='lat' dir='ltr'><strong>quam</strong></span> 
     </span>
     <span class='ocr_line' id='line_1_39' title="bbox 671 4608 3543 4697; baseline 0 -22"><span class='ocrx_word' id='word_1_408' title='bbox 671 4608 749 4675; x_wconf 91' lang='lat' dir='ltr'><strong>de</strong></span> <span class='ocrx_word' id='word_1_409' title='bbox 794 4610 980 4675; x_wconf 88' lang='lat' dir='ltr'><strong>terris</strong></span> <span class='ocrx_word' id='word_1_410' title='bbox 1028 4609 1220 4675; x_wconf 89' lang='lat' dir='ltr'><strong>etiam</strong></span> <span class='ocrx_word' id='word_1_411' title='bbox 1264 4608 1480 4693; x_wconf 74' lang='lat' dir='ltr'><strong>cultiS,</strong></span> <span class='ocrx_word' id='word_1_412' title='bbox 1541 4629 1696 4693; x_wconf 87' lang='lat' dir='ltr'><strong>quas</strong></span> <span class='ocrx_word' id='word_1_413' title='bbox 1749 4611 2027 4697; x_wconf 91' lang='lat' dir='ltr'><strong>propriis</strong></span> <span class='ocrx_word' id='word_1_414' title='bbox 2081 4611 2372 4678; x_wconf 87' lang='lat' dir='ltr'><strong>manibus</strong></span> <span class='ocrx_word' id='word_1_415' title='bbox 2433 4610 2533 4677; x_wconf 90' lang='lat' dir='ltr'><strong>vel</strong></span> <span class='ocrx_word' id='word_1_416' title='bbox 2578 4609 2933 4696; x_wconf 86' lang='lat' dir='ltr'><strong>sumptibus</strong></span> <span class='ocrx_word' id='word_1_417' title='bbox 2992 4609 3307 4693; x_wconf 74' lang='lat' dir='ltr'><strong>excolunt,</strong></span> <span class='ocrx_word' id='word_1_418' title='bbox 3364 4608 3543 4677; x_wconf 88' lang='lat' dir='ltr'><strong>liberi</strong></span> 
     </span>
     <span class='ocr_line' id='line_1_40' title="bbox 671 4714 3541 4801; baseline 0 -20"><span class='ocrx_word' id='word_1_419' title='bbox 671 4716 919 4801; x_wconf 89' lang='lat' dir='ltr'><strong>penitus</strong></span> <span class='ocrx_word' id='word_1_420' title='bbox 966 4716 1097 4782; x_wconf 91' lang='lat' dir='ltr'><strong>sint</strong></span> <span class='ocrx_word' id='word_1_421' title='bbox 1141 4719 1204 4783; x_wconf 91' lang='lat' dir='ltr'><strong>et</strong></span> <span class='ocrx_word' id='word_1_422' title='bbox 1247 4716 1580 4799; x_wconf 91' lang='lat' dir='ltr'><strong>immunes,</strong></span> <span class='ocrx_word' id='word_1_423' title='bbox 1629 4736 1706 4782; x_wconf 92' lang='lat' dir='ltr'><strong>ne</strong></span> <span class='ocrx_word' id='word_1_424' title='bbox 1752 4715 1920 4783; x_wconf 89' lang='lat' dir='ltr'><strong>ullus</strong></span> <span class='ocrx_word' id='word_1_425' title='bbox 1968 4723 2187 4784; x_wconf 88' lang='lat' dir='ltr'><strong>contra</strong></span> <span class='ocrx_word' id='word_1_426' title='bbox 2232 4737 2339 4783; x_wconf 88' lang='lat' dir='ltr'><strong>eos</strong></span> <span class='ocrx_word' id='word_1_427' title='bbox 2372 4717 2705 4783; x_wconf 87' lang='lat' dir='ltr'><strong>materiam</strong></span> <span class='ocrx_word' id='word_1_428' title='bbox 2746 4716 2974 4784; x_wconf 78' lang='lat' dir='ltr'><strong>habeat</strong></span> <span class='ocrx_word' id='word_1_429' title='bbox 3010 4715 3404 4801; x_wconf 87' lang='lat' dir='ltr'><strong>malignandi</strong></span> <span class='ocrx_word' id='word_1_430' title='bbox 3447 4714 3541 4782; x_wconf 79' lang='lat' dir='ltr'><strong>vel</strong></span> 
     </span>
    </p>
   </div>
   <div class='ocr_carea' id='block_1_8' title="bbox 551 4820 3541 4909">
    <p class='ocr_par' dir='ltr' id='par_1_9' title="bbox 551 4820 3541 4909">
     <span class='ocr_line' id='line_1_41' title="bbox 551 4820 3541 4909; baseline 0 -22"><span class='ocrx_word' id='word_1_431' title='bbox 551 4894 558 4900; x_wconf 63' lang='grc'>,</span> <span class='ocrx_word' id='word_1_432' title='bbox 671 4820 1139 4906; x_wconf 90' lang='lat' dir='ltr'><strong>quomodolibet</strong></span> <span class='ocrx_word' id='word_1_433' title='bbox 1191 4822 1366 4907; x_wconf 89' lang='lat' dir='ltr'><strong>ipsos</strong></span> <span class='ocrx_word' id='word_1_434' title='bbox 1427 4828 1646 4889; x_wconf 87' lang='lat' dir='ltr'><strong>contra</strong></span> <span class='ocrx_word' id='word_1_435' title='bbox 1689 4823 2001 4890; x_wconf 84' lang='lat' dir='ltr'><strong>iustitiam</strong></span> <span class='ocrx_word' id='word_1_436' title='bbox 2044 4822 2454 4906; x_wconf 88' lang='lat' dir='ltr'><strong>molestandi,</strong></span> <span class='ocrx_word' id='word_1_437' title='bbox 2514 4822 2689 4889; x_wconf 84' lang='lat' dir='ltr'><strong>vobis</strong></span> <span class='ocrx_word' id='word_1_438' title='bbox 2736 4843 2852 4909; x_wconf 88' lang='lat' dir='ltr'><strong>per</strong></span> <span class='ocrx_word' id='word_1_439' title='bbox 2905 4822 3249 4908; x_wconf 84' lang='lat' dir='ltr'><strong>apostolica</strong></span> <span class='ocrx_word' id='word_1_440' title='bbox 3309 4824 3541 4908; x_wconf 85' lang='lat' dir='ltr'><strong>scripta</strong></span> 
     </span>
    </p>
   </div>
   <div class='ocr_carea' id='block_1_9' title="bbox 669 4928 3540 5018">
    <p class='ocr_par' dir='ltr' id='par_1_10' title="bbox 669 4928 3540 5018">
     <span class='ocr_line' id='line_1_42' title="bbox 669 4928 3540 5018; baseline 0 -23"><span class='ocrx_word' id='word_1_441' title='bbox 669 4928 1042 4997; x_wconf 83' lang='lat' dir='ltr'><strong>mandamus</strong></span> <span class='ocrx_word' id='word_1_442' title='bbox 1115 4935 1180 4995; x_wconf 86' lang='lat' dir='ltr'><strong>et</strong></span> <span class='ocrx_word' id='word_1_443' title='bbox 1246 4930 1530 4999; x_wconf 83' lang='lat' dir='ltr'><strong>districte</strong></span> <span class='ocrx_word' id='word_1_444' title='bbox 1598 4930 2011 5018; x_wconf 74' lang='lat' dir='ltr'><strong>precipimuS,</strong></span> <span class='ocrx_word' id='word_1_445' title='bbox 2084 4935 2392 5016; x_wconf 85' lang='lat' dir='ltr'><strong>quatenus</strong></span> <span class='ocrx_word' id='word_1_446' title='bbox 2464 4930 2753 4999; x_wconf 89' lang='lat' dir='ltr'><strong>omnibus</strong></span> <span class='ocrx_word' id='word_1_447' title='bbox 2822 4930 3255 5016; x_wconf 81' lang='lat' dir='ltr'><strong>parrochianis</strong></span> <span class='ocrx_word' id='word_1_448' title='bbox 3320 4929 3540 4997; x_wconf 78' lang='lat' dir='ltr'><strong>vestris</strong></span> 
     </span>
    </p>
   </div>
  </div>
 </body>
</html>
