<?xml version="1.0" encoding="UTF-8"?>
<!DOCTYPE html PUBLIC "-//W3C//DTD XHTML 1.0 Transitional//EN"
    "http://www.w3.org/TR/xhtml1/DTD/xhtml1-transitional.dtd">
<html xmlns="http://www.w3.org/1999/xhtml" xml:lang="en" lang="en">
 <head>
  <title>
</title>
<meta http-equiv="Content-Type" content="text/html;charset=utf-8" />
  <meta name='ocr-system' content='tesseract 3.04.00' />
  <meta name='ocr-capabilities' content='ocr_page ocr_carea ocr_par ocr_line ocrx_word'/>
</head>
<body>
  <div class='ocr_page' id='page_1' title='image "./tabulaeordinist00stregoog_0218.png"; bbox 0 0 3892 5609; ppageno 0'>
   <div class='ocr_carea' id='block_1_1' title="bbox 697 298 2590 370">
    <p class='ocr_par' dir='ltr' id='par_1_1' title="bbox 697 298 2590 370">
     <span class='ocr_line' id='line_1_1' title="bbox 697 298 2590 370; baseline -0.007 0"><span class='ocrx_word' id='word_1_1' title='bbox 697 298 848 370; x_wconf 81' lang='lat'>202</span> <span class='ocrx_word' id='word_1_2' title='bbox 1672 310 1975 359; x_wconf 71' lang='lat' dir='ltr'>pausem.</span> <span class='ocrx_word' id='word_1_3' title='bbox 2044 311 2231 358; x_wconf 58' lang='lat' dir='ltr'>nova</span> <span class='ocrx_word' id='word_1_4' title='bbox 2276 308 2590 359; x_wconf 62' lang='lat' dir='ltr'>masma</span> 
     </span>
    </p>
   </div>
   <div class='ocr_carea' id='block_1_2' title="bbox 693 469 3573 3863">
    <p class='ocr_par' dir='ltr' id='par_1_2' title="bbox 693 469 3573 3863">
     <span class='ocr_line' id='line_1_2' title="bbox 697 469 3573 555; baseline 0 -19"><span class='ocrx_word' id='word_1_5' title='bbox 697 474 762 536; x_wconf 87' lang='lat' dir='ltr'>et</span> <span class='ocrx_word' id='word_1_6' title='bbox 815 474 1116 536; x_wconf 88' lang='lat' dir='ltr'>strennua</span> <span class='ocrx_word' id='word_1_7' title='bbox 1169 469 1398 535; x_wconf 88' lang='lat' dir='ltr'>merita</span> <span class='ocrx_word' id='word_1_8' title='bbox 1455 469 1883 555; x_wconf 88' lang='lat' dir='ltr'>predictorum</span> <span class='ocrx_word' id='word_1_9' title='bbox 1937 470 2208 537; x_wconf 79' lang='lat' dir='ltr'><strong>fratrum</strong></span> <span class='ocrx_word' id='word_1_10' title='bbox 2262 469 2421 555; x_wconf 88' lang='lat' dir='ltr'>ipsis</span> <span class='ocrx_word' id='word_1_11' title='bbox 2480 473 2545 535; x_wconf 91' lang='lat' dir='ltr'>et</span> <span class='ocrx_word' id='word_1_12' title='bbox 2596 469 2781 535; x_wconf 89' lang='lat' dir='ltr'>beato</span> <span class='ocrx_word' id='word_1_13' title='bbox 2826 470 3034 535; x_wconf 90' lang='lat' dir='ltr'>ordini</span> <span class='ocrx_word' id='word_1_14' title='bbox 3077 476 3429 537; x_wconf 87' lang='lat' dir='ltr'>memorato</span> <span class='ocrx_word' id='word_1_15' title='bbox 3485 471 3573 537; x_wconf 89' lang='lat' dir='ltr'>ad</span> 
     </span>
     <span class='ocr_line' id='line_1_3' title="bbox 693 565 3572 662; baseline 0.001 -21"><span class='ocrx_word' id='word_1_16' title='bbox 693 574 942 642; x_wconf 88' lang='lat' dir='ltr'>laudem</span> <span class='ocrx_word' id='word_1_17' title='bbox 1003 580 1066 641; x_wconf 92' lang='lat' dir='ltr'>et</span> <span class='ocrx_word' id='word_1_18' title='bbox 1121 575 1387 658; x_wconf 83' lang='lat' dir='ltr'>gloriam</span> <span class='ocrx_word' id='word_1_19' title='bbox 1447 578 1896 662; x_wconf 88' lang='lat' dir='ltr'>omnipotentis</span> <span class='ocrx_word' id='word_1_20' title='bbox 1954 578 2057 643; x_wconf 90' lang='lat' dir='ltr'>dei</span> <span class='ocrx_word' id='word_1_21' title='bbox 2116 584 2181 643; x_wconf 89' lang='lat' dir='ltr'>et</span> <span class='ocrx_word' id='word_1_22' title='bbox 2221 576 2584 643; x_wconf 73' lang='lat' dir='ltr'>beatissime</span> <span class='ocrx_word' id='word_1_23' title='bbox 2630 576 2893 659; x_wconf 85' lang='lat' dir='ltr'>virginis</span> <span class='ocrx_word' id='word_1_24' title='bbox 2939 565 3140 643; x_wconf 84' lang='lat' dir='ltr'>Marie</span> <span class='ocrx_word' id='word_1_25' title='bbox 3182 578 3407 643; x_wconf 66' lang='lat' dir='ltr'>matris</span> <span class='ocrx_word' id='word_1_26' title='bbox 3454 598 3572 644; x_wconf 88' lang='lat' dir='ltr'>sue</span> 
     </span>
     <span class='ocr_line' id='line_1_4' title="bbox 695 680 3569 769; baseline 0.001 -22"><span class='ocrx_word' id='word_1_27' title='bbox 695 682 997 767; x_wconf 80' lang='lat' dir='ltr'>gloriose,</span> <span class='ocrx_word' id='word_1_28' title='bbox 1068 686 1299 748; x_wconf 89' lang='lat' dir='ltr'>terram</span> <span class='ocrx_word' id='word_1_29' title='bbox 1355 680 1833 769; x_wconf 79' lang='lat' dir='ltr'>Lythwinorum</span> <span class='ocrx_word' id='word_1_30' title='bbox 1901 704 2044 750; x_wconf 88' lang='lat' dir='ltr'>cum</span> <span class='ocrx_word' id='word_1_31' title='bbox 2114 683 2403 749; x_wconf 89' lang='lat' dir='ltr'>omnibus</span> <span class='ocrx_word' id='word_1_32' title='bbox 2472 684 2878 769; x_wconf 77' lang='lat' dir='ltr'>pertinenciis</span> <span class='ocrx_word' id='word_1_33' title='bbox 2934 684 3065 749; x_wconf 87' lang='lat' dir='ltr'>suis</span> <span class='ocrx_word' id='word_1_34' title='bbox 3122 689 3189 750; x_wconf 91' lang='lat' dir='ltr'>et</span> <span class='ocrx_word' id='word_1_35' title='bbox 3252 685 3569 769; x_wconf 73' lang='lat' dir='ltr'>partibuS,</span> 
     </span>
     <span class='ocr_line' id='line_1_5' title="bbox 695 789 3569 877; baseline 0 -22"><span class='ocrx_word' id='word_1_36' title='bbox 695 790 1142 874; x_wconf 89' lang='lat' dir='ltr'>cuiuscumque</span> <span class='ocrx_word' id='word_1_37' title='bbox 1186 790 1526 875; x_wconf 83' lang='lat' dir='ltr'>ydiomatis</span> <span class='ocrx_word' id='word_1_38' title='bbox 1573 791 1706 857; x_wconf 86' lang='lat' dir='ltr'>sive</span> <span class='ocrx_word' id='word_1_39' title='bbox 1753 790 2127 877; x_wconf 87' lang='lat' dir='ltr'>Samayten,</span> <span class='ocrx_word' id='word_1_40' title='bbox 2184 790 2447 857; x_wconf 85' lang='lat' dir='ltr'>Karsow</span> <span class='ocrx_word' id='word_1_41' title='bbox 2492 789 2593 856; x_wconf 91' lang='lat' dir='ltr'>vel</span> <span class='ocrx_word' id='word_1_42' title='bbox 2635 789 2847 876; x_wconf 82' lang='lat' dir='ltr'>Rusye</span> <span class='ocrx_word' id='word_1_43' title='bbox 2892 810 3005 857; x_wconf 89' lang='lat' dir='ltr'>seu</span> <span class='ocrx_word' id='word_1_44' title='bbox 3049 789 3309 856; x_wconf 86' lang='lat' dir='ltr'>alterius</span> <span class='ocrx_word' id='word_1_45' title='bbox 3355 791 3569 857; x_wconf 83' lang='lat' dir='ltr'>cuius-</span> 
     </span>
     <span class='ocr_line' id='line_1_6' title="bbox 695 894 3569 982; baseline 0.001 -20"><span class='ocrx_word' id='word_1_46' title='bbox 695 915 962 980; x_wconf 91' lang='lat' dir='ltr'>cumque</span> <span class='ocrx_word' id='word_1_47' title='bbox 1008 897 1303 980; x_wconf 80' lang='lat' dir='ltr'>existant,</span> <span class='ocrx_word' id='word_1_48' title='bbox 1350 903 1539 982; x_wconf 88' lang='lat' dir='ltr'>prout</span> <span class='ocrx_word' id='word_1_49' title='bbox 1581 917 1750 963; x_wconf 89' lang='lat' dir='ltr'>nunc</span> <span class='ocrx_word' id='word_1_50' title='bbox 1793 902 1960 981; x_wconf 83' lang='lat' dir='ltr'>sunt,</span> <span class='ocrx_word' id='word_1_51' title='bbox 2007 898 2108 963; x_wconf 90' lang='lat' dir='ltr'>vel</span> <span class='ocrx_word' id='word_1_52' title='bbox 2152 896 2233 963; x_wconf 90' lang='lat' dir='ltr'>ad</span> <span class='ocrx_word' id='word_1_53' title='bbox 2268 914 2701 981; x_wconf 86' lang='lat' dir='ltr'>quamcunque</span> <span class='ocrx_word' id='word_1_54' title='bbox 2743 894 2932 963; x_wconf 89' lang='lat' dir='ltr'>fidem</span> <span class='ocrx_word' id='word_1_55' title='bbox 2964 896 3441 982; x_wconf 73' lang='lat' dir='ltr'>declinaverint,</span> <span class='ocrx_word' id='word_1_56' title='bbox 3486 898 3569 965; x_wconf 90' lang='lat' dir='ltr'>de</span> 
     </span>
     <span class='ocr_line' id='line_1_7' title="bbox 695 1002 3569 1090; baseline 0.001 -23"><span class='ocrx_word' id='word_1_57' title='bbox 695 1002 1011 1088; x_wconf 87' lang='lat' dir='ltr'>imperiali</span> <span class='ocrx_word' id='word_1_58' title='bbox 1059 1004 1431 1071; x_wconf 86' lang='lat' dir='ltr'>auctoritate</span> <span class='ocrx_word' id='word_1_59' title='bbox 1477 1004 1783 1070; x_wconf 81' lang='lat' dir='ltr'>donamus</span> <span class='ocrx_word' id='word_1_60' title='bbox 1836 1024 1995 1090; x_wconf 89' lang='lat' dir='ltr'>pure</span> <span class='ocrx_word' id='word_1_61' title='bbox 2040 1008 2106 1071; x_wconf 89' lang='lat' dir='ltr'>et</span> <span class='ocrx_word' id='word_1_62' title='bbox 2148 1002 2673 1086; x_wconf 82' lang='lat' dir='ltr'>irrevocabiliter,</span> <span class='ocrx_word' id='word_1_63' title='bbox 2730 1005 2869 1069; x_wconf 88' lang='lat' dir='ltr'>iure</span> <span class='ocrx_word' id='word_1_64' title='bbox 2924 1004 3181 1089; x_wconf 88' lang='lat' dir='ltr'>proprio</span> <span class='ocrx_word' id='word_1_65' title='bbox 3224 1004 3294 1069; x_wconf 92' lang='lat' dir='ltr'>in</span> <span class='ocrx_word' id='word_1_66' title='bbox 3338 1024 3569 1090; x_wconf 88' lang='lat' dir='ltr'>perpe-</span> 
     </span>
     <span class='ocr_line' id='line_1_8' title="bbox 697 1109 3567 1197; baseline 0.001 -22"><span class='ocrx_word' id='word_1_67' title='bbox 697 1115 874 1175; x_wconf 90' lang='lat' dir='ltr'>tuum</span> <span class='ocrx_word' id='word_1_68' title='bbox 921 1129 1036 1195; x_wconf 86' lang='lat' dir='ltr'>pro</span> <span class='ocrx_word' id='word_1_69' title='bbox 1084 1130 1151 1177; x_wconf 92' lang='lat' dir='ltr'>se</span> <span class='ocrx_word' id='word_1_70' title='bbox 1183 1115 1262 1176; x_wconf 83' lang='lat' dir='ltr'>et</span> <span class='ocrx_word' id='word_1_71' title='bbox 1306 1112 1438 1176; x_wconf 88' lang='lat' dir='ltr'>suis</span> <span class='ocrx_word' id='word_1_72' title='bbox 1482 1110 1944 1177; x_wconf 89' lang='lat' dir='ltr'>successoribus</span> <span class='ocrx_word' id='word_1_73' title='bbox 1984 1109 2431 1197; x_wconf 84' lang='lat' dir='ltr'>recipientibus</span> <span class='ocrx_word' id='word_1_74' title='bbox 2462 1110 2695 1176; x_wconf 89' lang='lat' dir='ltr'>dictam</span> <span class='ocrx_word' id='word_1_75' title='bbox 2726 1114 2986 1193; x_wconf 75' lang='lat' dir='ltr'>terram,</span> <span class='ocrx_word' id='word_1_76' title='bbox 3032 1110 3395 1195; x_wconf 88' lang='lat' dir='ltr'>dictumque</span> <span class='ocrx_word' id='word_1_77' title='bbox 3436 1110 3567 1177; x_wconf 57' lang='lat' dir='ltr'>fr&amp;</span> 
     </span>
     <span class='ocr_line' id='line_1_9' title="bbox 695 1214 3568 1303; baseline 0 -21"><span class='ocrx_word' id='word_1_78' title='bbox 695 1222 861 1282; x_wconf 91' lang='lat' dir='ltr'>trem</span> <span class='ocrx_word' id='word_1_79' title='bbox 893 1216 1366 1301; x_wconf 84' lang='lat' dir='ltr'>Theodericum,</span> <span class='ocrx_word' id='word_1_80' title='bbox 1413 1214 1696 1284; x_wconf 79' lang='lat' dir='ltr'>felicem⁸</span> <span class='ocrx_word' id='word_1_81' title='bbox 1742 1223 2030 1284; x_wconf 90' lang='lat' dir='ltr'>nostrum</span> <span class='ocrx_word' id='word_1_82' title='bbox 2077 1222 2141 1283; x_wconf 93' lang='lat' dir='ltr'>et</span> <span class='ocrx_word' id='word_1_83' title='bbox 2179 1216 2437 1303; x_wconf 89' lang='lat' dir='ltr'>imperii</span> <span class='ocrx_word' id='word_1_84' title='bbox 2480 1216 2855 1303; x_wconf 89' lang='lat' dir='ltr'>principem,</span> <span class='ocrx_word' id='word_1_85' title='bbox 2883 1218 3157 1285; x_wconf 78' lang='lat' dir='ltr'>&#39;nomine</span> <span class='ocrx_word' id='word_1_86' title='bbox 3199 1216 3355 1283; x_wconf 88' lang='lat' dir='ltr'>dicti</span> <span class='ocrx_word' id='word_1_87' title='bbox 3400 1218 3568 1284; x_wconf 80' lang='lat' dir='ltr'>sacri</span> 
     </span>
     <span class='ocr_line' id='line_1_10' title="bbox 697 1323 3569 1409; baseline 0 -21"><span class='ocrx_word' id='word_1_88' title='bbox 697 1323 937 1389; x_wconf 87' lang='lat' dir='ltr'>ordinis</span> <span class='ocrx_word' id='word_1_89' title='bbox 985 1324 1354 1389; x_wconf 87' lang='lat' dir='ltr'>investimus</span> <span class='ocrx_word' id='word_1_90' title='bbox 1386 1323 1463 1390; x_wconf 93' lang='lat' dir='ltr'>de</span> <span class='ocrx_word' id='word_1_91' title='bbox 1494 1323 1730 1391; x_wconf 88' lang='lat' dir='ltr'>eisdem</span> <span class='ocrx_word' id='word_1_92' title='bbox 1761 1344 1904 1391; x_wconf 91' lang='lat' dir='ltr'>cum</span> <span class='ocrx_word' id='word_1_93' title='bbox 1935 1324 2489 1390; x_wconf 90' lang='lat' dir='ltr'>administracione</span> <span class='ocrx_word' id='word_1_94' title='bbox 2534 1324 2979 1409; x_wconf 86' lang='lat' dir='ltr'>temporalium</span> <span class='ocrx_word' id='word_1_95' title='bbox 3025 1330 3091 1391; x_wconf 91' lang='lat' dir='ltr'>et</span> <span class='ocrx_word' id='word_1_96' title='bbox 3130 1324 3569 1390; x_wconf 84' lang='lat' dir='ltr'>iurisdictione</span> 
     </span>
     <span class='ocr_line' id='line_1_11' title="bbox 698 1428 3567 1518; baseline 0 -22"><span class='ocrx_word' id='word_1_97' title='bbox 698 1428 979 1496; x_wconf 89' lang='lat' dir='ltr'>eiusdem</span> <span class='ocrx_word' id='word_1_98' title='bbox 1036 1429 1324 1515; x_wconf 87' lang='lat' dir='ltr'>plenaria</span> <span class='ocrx_word' id='word_1_99' title='bbox 1378 1432 1790 1518; x_wconf 88' lang='lat' dir='ltr'>principatus.</span> <span class='ocrx_word' id='word_1_100' title='bbox 1874 1431 1991 1497; x_wconf 89' lang='lat' dir='ltr'>Cui</span> <span class='ocrx_word' id='word_1_101' title='bbox 2038 1431 2289 1515; x_wconf 90' lang='lat' dir='ltr'>quidem</span> <span class='ocrx_word' id='word_1_102' title='bbox 2336 1434 2541 1496; x_wconf 89' lang='lat' dir='ltr'>castro</span> <span class='ocrx_word' id='word_1_103' title='bbox 2595 1430 2933 1516; x_wconf 83' lang='lat' dir='ltr'>principali</span> <span class='ocrx_word' id='word_1_104' title='bbox 2976 1430 3145 1499; x_wconf 91' lang='lat' dir='ltr'>idem</span> <span class='ocrx_word' id='word_1_105' title='bbox 3190 1436 3410 1497; x_wconf 86' lang='lat' dir='ltr'>noster</span> <span class='ocrx_word' id='word_1_106' title='bbox 3452 1451 3567 1516; x_wconf 87' lang='lat' dir='ltr'>pa-</span> 
     </span>
     <span class='ocr_line' id='line_1_12' title="bbox 697 1535 3569 1625; baseline 0.001 -24"><span class='ocrx_word' id='word_1_107' title='bbox 697 1535 920 1601; x_wconf 88' lang='lat' dir='ltr'>truelis</span> <span class='ocrx_word' id='word_1_108' title='bbox 950 1535 1212 1602; x_wconf 90' lang='lat' dir='ltr'>dilectus</span> <span class='ocrx_word' id='word_1_109' title='bbox 1245 1557 1475 1603; x_wconf 89' lang='lat' dir='ltr'>nomen</span> <span class='ocrx_word' id='word_1_110' title='bbox 1521 1544 1585 1604; x_wconf 94' lang='lat' dir='ltr'>et</span> <span class='ocrx_word' id='word_1_111' title='bbox 1611 1539 1889 1621; x_wconf 85' lang='lat' dir='ltr'>insignia</span> <span class='ocrx_word' id='word_1_112' title='bbox 1919 1558 2239 1603; x_wconf 89' lang='lat' dir='ltr'>armorum</span> <span class='ocrx_word' id='word_1_113' title='bbox 2278 1542 2343 1603; x_wconf 87' lang='lat' dir='ltr'>et</span> <span class='ocrx_word' id='word_1_114' title='bbox 2369 1536 2589 1603; x_wconf 86' lang='lat' dir='ltr'>vexilli</span> <span class='ocrx_word' id='word_1_115' title='bbox 2616 1541 2783 1603; x_wconf 89' lang='lat' dir='ltr'>terre</span> <span class='ocrx_word' id='word_1_116' title='bbox 2811 1535 3120 1622; x_wconf 86' lang='lat' dir='ltr'>Bawarie,</span> <span class='ocrx_word' id='word_1_117' title='bbox 3166 1558 3289 1623; x_wconf 83' lang='lat' dir='ltr'>qne</span> <span class='ocrx_word' id='word_1_118' title='bbox 3314 1537 3569 1625; x_wconf 78' lang='lat' dir='ltr'>Beyern</span> 
     </span>
     <span class='ocr_line' id='line_1_13' title="bbox 697 1642 3567 1729; baseline 0.001 -22"><span class='ocrx_word' id='word_1_119' title='bbox 697 1642 949 1725; x_wconf 89' lang='lat' dir='ltr'>dicitur,</span> <span class='ocrx_word' id='word_1_120' title='bbox 999 1644 1453 1729; x_wconf 85' lang='lat' dir='ltr'>appropriavit,</span> <span class='ocrx_word' id='word_1_121' title='bbox 1498 1646 1592 1711; x_wconf 89' lang='lat' dir='ltr'>ita</span> <span class='ocrx_word' id='word_1_122' title='bbox 1637 1644 1803 1729; x_wconf 90' lang='lat' dir='ltr'>quod</span> <span class='ocrx_word' id='word_1_123' title='bbox 1846 1644 2121 1727; x_wconf 87' lang='lat' dir='ltr'>insignia</span> <span class='ocrx_word' id='word_1_124' title='bbox 2164 1644 2263 1709; x_wconf 92' lang='lat' dir='ltr'>sui</span> <span class='ocrx_word' id='word_1_125' title='bbox 2298 1642 2515 1709; x_wconf 86' lang='lat' dir='ltr'>vexilli</span> <span class='ocrx_word' id='word_1_126' title='bbox 2558 1664 2637 1709; x_wconf 89' lang='lat' dir='ltr'>ea</span> <span class='ocrx_word' id='word_1_127' title='bbox 2676 1643 2908 1711; x_wconf 90' lang='lat' dir='ltr'>debent</span> <span class='ocrx_word' id='word_1_128' title='bbox 2949 1644 3205 1711; x_wconf 85' lang='lat' dir='ltr'>honoris</span> <span class='ocrx_word' id='word_1_129' title='bbox 3250 1650 3317 1711; x_wconf 90' lang='lat' dir='ltr'>et</span> <span class='ocrx_word' id='word_1_130' title='bbox 3358 1644 3567 1728; x_wconf 83' lang='lat' dir='ltr'>digni-</span> 
     </span>
     <span class='ocr_line' id='line_1_14' title="bbox 695 1749 3569 1837; baseline 0.001 -24"><span class='ocrx_word' id='word_1_131' title='bbox 695 1750 848 1813; x_wconf 87' lang='lat' dir='ltr'>tatis</span> <span class='ocrx_word' id='word_1_132' title='bbox 895 1751 1295 1833; x_wconf 86' lang='lat' dir='ltr'>prerogativa</span> <span class='ocrx_word' id='word_1_133' title='bbox 1339 1749 1596 1836; x_wconf 89' lang='lat' dir='ltr'>pollere,</span> <span class='ocrx_word' id='word_1_134' title='bbox 1644 1757 1718 1816; x_wconf 89' lang='lat' dir='ltr'>ut</span> <span class='ocrx_word' id='word_1_135' title='bbox 1758 1771 1873 1835; x_wconf 90' lang='lat' dir='ltr'>pre</span> <span class='ocrx_word' id='word_1_136' title='bbox 1905 1749 2193 1815; x_wconf 90' lang='lat' dir='ltr'>omnibus</span> <span class='ocrx_word' id='word_1_137' title='bbox 2222 1750 2471 1817; x_wconf 83' lang='lat' dir='ltr'>vexillis</span> <span class='ocrx_word' id='word_1_138' title='bbox 2515 1749 2659 1817; x_wconf 89' lang='lat' dir='ltr'>aliis</span> <span class='ocrx_word' id='word_1_139' title='bbox 2702 1751 2775 1817; x_wconf 90' lang='lat' dir='ltr'>in</span> <span class='ocrx_word' id='word_1_140' title='bbox 2802 1750 3316 1837; x_wconf 82' lang='lat' dir='ltr'>expedicionibus</span> <span class='ocrx_word' id='word_1_141' title='bbox 3344 1756 3569 1819; x_wconf 80' lang='lat' dir='ltr'>contra</span> 
     </span>
     <span class='ocr_line' id='line_1_15' title="bbox 695 1853 3565 1944; baseline 0.001 -24"><span class='ocrx_word' id='word_1_142' title='bbox 695 1853 1064 1940; x_wconf 84' lang='lat' dir='ltr'>Lythwinos</span> <span class='ocrx_word' id='word_1_143' title='bbox 1110 1857 1240 1921; x_wconf 91' lang='lat' dir='ltr'>sint</span> <span class='ocrx_word' id='word_1_144' title='bbox 1283 1857 1600 1923; x_wconf 85' lang='lat' dir='ltr'>anteriora</span> <span class='ocrx_word' id='word_1_145' title='bbox 1642 1858 1711 1923; x_wconf 91' lang='lat' dir='ltr'>in</span> <span class='ocrx_word' id='word_1_146' title='bbox 1741 1876 2001 1939; x_wconf 86' lang='lat' dir='ltr'>agressu</span> <span class='ocrx_word' id='word_1_147' title='bbox 2046 1862 2110 1923; x_wconf 93' lang='lat' dir='ltr'>et</span> <span class='ocrx_word' id='word_1_148' title='bbox 2152 1856 2378 1923; x_wconf 86' lang='lat' dir='ltr'>ultima</span> <span class='ocrx_word' id='word_1_149' title='bbox 2420 1858 2489 1922; x_wconf 91' lang='lat' dir='ltr'>in</span> <span class='ocrx_word' id='word_1_150' title='bbox 2529 1876 2779 1923; x_wconf 87' lang='lat' dir='ltr'>recessu</span> <span class='ocrx_word' id='word_1_151' title='bbox 2824 1862 2889 1923; x_wconf 91' lang='lat' dir='ltr'>et</span> <span class='ocrx_word' id='word_1_152' title='bbox 2931 1858 3375 1924; x_wconf 87' lang='lat' dir='ltr'>nichilominus</span> <span class='ocrx_word' id='word_1_153' title='bbox 3422 1878 3565 1944; x_wconf 87' lang='lat' dir='ltr'>pre-</span> 
     </span>
     <span class='ocr_line' id='line_1_16' title="bbox 698 1961 3567 2049; baseline 0.001 -23"><span class='ocrx_word' id='word_1_154' title='bbox 698 1961 864 2027; x_wconf 89' lang='lat' dir='ltr'>dicte</span> <span class='ocrx_word' id='word_1_155' title='bbox 909 1962 1184 2045; x_wconf 85' lang='lat' dir='ltr'>regionis</span> <span class='ocrx_word' id='word_1_156' title='bbox 1227 1964 1464 2047; x_wconf 85' lang='lat' dir='ltr'>incole,</span> <span class='ocrx_word' id='word_1_157' title='bbox 1519 1984 1674 2048; x_wconf 89' lang='lat' dir='ltr'>quos</span> <span class='ocrx_word' id='word_1_158' title='bbox 1723 1962 2071 2049; x_wconf 85' lang='lat' dir='ltr'>opitulante</span> <span class='ocrx_word' id='word_1_159' title='bbox 2116 1964 2397 2029; x_wconf 89' lang='lat' dir='ltr'>omnium</span> <span class='ocrx_word' id='word_1_160' title='bbox 2440 1963 2763 2029; x_wconf 89' lang='lat' dir='ltr'>conditore</span> <span class='ocrx_word' id='word_1_161' title='bbox 2806 1964 2873 2029; x_wconf 91' lang='lat' dir='ltr'>in</span> <span class='ocrx_word' id='word_1_162' title='bbox 2920 1963 3137 2031; x_wconf 90' lang='lat' dir='ltr'>eadem</span> <span class='ocrx_word' id='word_1_163' title='bbox 3184 1970 3358 2031; x_wconf 86' lang='lat' dir='ltr'>terra</span> <span class='ocrx_word' id='word_1_164' title='bbox 3398 1964 3567 2031; x_wconf 87' lang='lat' dir='ltr'>felici</span> 
     </span>
     <span class='ocr_line' id='line_1_17' title="bbox 699 2068 3568 2157; baseline 0.001 -24"><span class='ocrx_word' id='word_1_165' title='bbox 699 2068 1070 2135; x_wconf 84' lang='lat' dir='ltr'>succedente</span> <span class='ocrx_word' id='word_1_166' title='bbox 1116 2076 1400 2156; x_wconf 91' lang='lat' dir='ltr'>tempore</span> <span class='ocrx_word' id='word_1_167' title='bbox 1453 2070 1808 2137; x_wconf 89' lang='lat' dir='ltr'>inhabitare</span> <span class='ocrx_word' id='word_1_168' title='bbox 1859 2070 2224 2153; x_wconf 83' lang='lat' dir='ltr'>contigerit,</span> <span class='ocrx_word' id='word_1_169' title='bbox 2280 2070 2349 2135; x_wconf 90' lang='lat' dir='ltr'>in</span> <span class='ocrx_word' id='word_1_170' title='bbox 2406 2070 2649 2157; x_wconf 85' lang='lat' dir='ltr'>prefato</span> <span class='ocrx_word' id='word_1_171' title='bbox 2698 2075 2903 2136; x_wconf 85' lang='lat' dir='ltr'>castro</span> <span class='ocrx_word' id='word_1_172' title='bbox 2948 2070 3209 2157; x_wconf 84' lang='lat' dir='ltr'>capitali</span> <span class='ocrx_word' id='word_1_173' title='bbox 3250 2070 3568 2138; x_wconf 80' lang='lat' dir='ltr'>debebunt</span> 
     </span>
     <span class='ocr_line' id='line_1_18' title="bbox 696 2159 3565 2262; baseline 0.001 -21"><span class='ocrx_word' id='word_1_174' title='bbox 696 2176 1018 2259; x_wconf 87' lang='lat' dir='ltr'>requirere</span> <span class='ocrx_word' id='word_1_175' title='bbox 1063 2197 1180 2243; x_wconf 89' lang='lat' dir='ltr'>sua</span> <span class='ocrx_word' id='word_1_176' title='bbox 1223 2178 1382 2242; x_wconf 89' lang='lat' dir='ltr'>iura.</span> <span class='ocrx_word' id='word_1_177' title='bbox 1453 2177 1676 2243; x_wconf 88' lang='lat' dir='ltr'>Dictus</span> <span class='ocrx_word' id='word_1_178' title='bbox 1723 2178 1912 2243; x_wconf 89' lang='lat' dir='ltr'>etiam</span> <span class='ocrx_word' id='word_1_179' title='bbox 1960 2175 2265 2262; x_wconf 89' lang='lat' dir='ltr'>patruelis</span> <span class='ocrx_word' id='word_1_180' title='bbox 2308 2181 2524 2242; x_wconf 89' lang='lat' dir='ltr'>noster</span> <span class='ocrx_word' id='word_1_181' title='bbox 2552 2176 2817 2242; x_wconf 89' lang='lat' dir='ltr'>dilectus</span> <span class='ocrx_word' id='word_1_182' title='bbox 2860 2159 3059 2261; x_wconf 86' lang='lat' dir='ltr'>glorie</span> <span class='ocrx_word' id='word_1_183' title='bbox 3104 2182 3171 2243; x_wconf 87' lang='lat' dir='ltr'>et</span> <span class='ocrx_word' id='word_1_184' title='bbox 3208 2176 3419 2243; x_wconf 87' lang='lat' dir='ltr'>laudis</span> <span class='ocrx_word' id='word_1_185' title='bbox 3463 2177 3565 2243; x_wconf 88' lang='lat' dir='ltr'>dei</span> 
     </span>
     <span class='ocr_line' id='line_1_19' title="bbox 696 2282 3563 2368; baseline 0 -20"><span class='ocrx_word' id='word_1_186' title='bbox 696 2284 1043 2368; x_wconf 89' lang='lat' dir='ltr'>matrisque</span> <span class='ocrx_word' id='word_1_187' title='bbox 1089 2304 1202 2350; x_wconf 86' lang='lat' dir='ltr'>sue</span> <span class='ocrx_word' id='word_1_188' title='bbox 1244 2283 1515 2366; x_wconf 83' lang='lat' dir='ltr'>gloriose</span> <span class='ocrx_word' id='word_1_189' title='bbox 1560 2304 1687 2350; x_wconf 91' lang='lat' dir='ltr'>non</span> <span class='ocrx_word' id='word_1_190' title='bbox 1729 2284 2073 2367; x_wconf 87' lang='lat' dir='ltr'>inmemor,</span> <span class='ocrx_word' id='word_1_191' title='bbox 2131 2283 2243 2349; x_wconf 90' lang='lat' dir='ltr'>sed</span> <span class='ocrx_word' id='word_1_192' title='bbox 2296 2283 2461 2349; x_wconf 89' lang='lat' dir='ltr'>iuste</span> <span class='ocrx_word' id='word_1_193' title='bbox 2516 2288 2581 2349; x_wconf 90' lang='lat' dir='ltr'>et</span> <span class='ocrx_word' id='word_1_194' title='bbox 2623 2282 2915 2365; x_wconf 85' lang='lat' dir='ltr'>religiose</span> <span class='ocrx_word' id='word_1_195' title='bbox 2957 2284 3273 2367; x_wconf 79' lang='lat' dir='ltr'>cogitans,</span> <span class='ocrx_word' id='word_1_196' title='bbox 3331 2282 3563 2350; x_wconf 90' lang='lat' dir='ltr'>delibe-</span> 
     </span>
     <span class='ocr_line' id='line_1_20' title="bbox 696 2388 3563 2476; baseline 0 -21"><span class='ocrx_word' id='word_1_197' title='bbox 696 2389 866 2455; x_wconf 85' lang='lat' dir='ltr'>ravit</span> <span class='ocrx_word' id='word_1_198' title='bbox 907 2410 1038 2455; x_wconf 88' lang='lat' dir='ltr'>una</span> <span class='ocrx_word' id='word_1_199' title='bbox 1067 2410 1209 2456; x_wconf 91' lang='lat' dir='ltr'>cum</span> <span class='ocrx_word' id='word_1_200' title='bbox 1254 2391 1502 2476; x_wconf 86' lang='lat' dir='ltr'>prefato</span> <span class='ocrx_word' id='word_1_201' title='bbox 1533 2390 1835 2474; x_wconf 86' lang='lat' dir='ltr'>magistro</span> <span class='ocrx_word' id='word_1_202' title='bbox 1867 2388 2146 2473; x_wconf 82' lang='lat' dir='ltr'>generali</span> <span class='ocrx_word' id='word_1_203' title='bbox 2178 2393 2425 2455; x_wconf 89' lang='lat' dir='ltr'>maturo</span> <span class='ocrx_word' id='word_1_204' title='bbox 2460 2388 2791 2475; x_wconf 88' lang='lat' dir='ltr'>prehabito</span> <span class='ocrx_word' id='word_1_205' title='bbox 2820 2390 3081 2456; x_wconf 87' lang='lat' dir='ltr'>consilio</span> <span class='ocrx_word' id='word_1_206' title='bbox 3108 2390 3563 2456; x_wconf 79' lang='lat' dir='ltr'>instituendam</span> 
     </span>
     <span class='ocr_line' id='line_1_21' title="bbox 701 2496 3564 2584; baseline -0.001 -21"><span class='ocrx_word' id='word_1_207' title='bbox 701 2500 764 2563; x_wconf 91' lang='lat' dir='ltr'>et</span> <span class='ocrx_word' id='word_1_208' title='bbox 809 2497 1301 2563; x_wconf 86' lang='lat' dir='ltr'>construendam</span> <span class='ocrx_word' id='word_1_209' title='bbox 1339 2497 1476 2563; x_wconf 86' lang='lat' dir='ltr'>fore</span> <span class='ocrx_word' id='word_1_210' title='bbox 1520 2498 1585 2562; x_wconf 89' lang='lat' dir='ltr'>in</span> <span class='ocrx_word' id='word_1_211' title='bbox 1631 2496 1918 2584; x_wconf 85' lang='lat' dir='ltr'>predicta</span> <span class='ocrx_word' id='word_1_212' title='bbox 1962 2502 2159 2579; x_wconf 87' lang='lat' dir='ltr'>terra,</span> <span class='ocrx_word' id='word_1_213' title='bbox 2218 2516 2409 2581; x_wconf 88' lang='lat' dir='ltr'>quam</span> <span class='ocrx_word' id='word_1_214' title='bbox 2462 2496 2737 2582; x_wconf 88' lang='lat' dir='ltr'>primum</span> <span class='ocrx_word' id='word_1_215' title='bbox 2784 2516 2921 2563; x_wconf 86' lang='lat' dir='ltr'>eam</span> <span class='ocrx_word' id='word_1_216' title='bbox 2969 2498 3368 2582; x_wconf 86' lang='lat' dir='ltr'>omnipotens</span> <span class='ocrx_word' id='word_1_217' title='bbox 3412 2496 3564 2561; x_wconf 87' lang='lat' dir='ltr'>deus</span> 
     </span>
     <span class='ocr_line' id='line_1_22' title="bbox 697 2600 3568 2689; baseline 0 -22"><span class='ocrx_word' id='word_1_218' title='bbox 697 2600 822 2667; x_wconf 89' lang='lat' dir='ltr'>fide</span> <span class='ocrx_word' id='word_1_219' title='bbox 867 2602 1174 2669; x_wconf 87' lang='lat' dir='ltr'>catholica</span> <span class='ocrx_word' id='word_1_220' title='bbox 1219 2604 1638 2689; x_wconf 88' lang='lat' dir='ltr'>ampliaverit,</span> <span class='ocrx_word' id='word_1_221' title='bbox 1685 2604 2015 2688; x_wconf 83' lang='lat' dir='ltr'>ecclesiam</span> <span class='ocrx_word' id='word_1_222' title='bbox 2058 2602 2514 2686; x_wconf 85' lang='lat' dir='ltr'>kathedralem,</span> <span class='ocrx_word' id='word_1_223' title='bbox 2560 2603 2629 2669; x_wconf 93' lang='lat' dir='ltr'>in</span> <span class='ocrx_word' id='word_1_224' title='bbox 2660 2622 2786 2688; x_wconf 88' lang='lat' dir='ltr'>qua</span> <span class='ocrx_word' id='word_1_225' title='bbox 2820 2606 3146 2687; x_wconf 85' lang='lat' dir='ltr'>tamquam</span> <span class='ocrx_word' id='word_1_226' title='bbox 3190 2603 3261 2669; x_wconf 88' lang='lat' dir='ltr'>in</span> <span class='ocrx_word' id='word_1_227' title='bbox 3306 2601 3568 2669; x_wconf 84' lang='lat' dir='ltr'>ecclesia</span> 
     </span>
     <span class='ocr_line' id='line_1_23' title="bbox 699 2706 3563 2797; baseline 0 -23"><span class='ocrx_word' id='word_1_228' title='bbox 699 2710 1189 2795; x_wconf 86' lang='lat' dir='ltr'>metropolitana</span> <span class='ocrx_word' id='word_1_229' title='bbox 1217 2710 1740 2797; x_wconf 86' lang='lat' dir='ltr'>archyepiscopus</span> <span class='ocrx_word' id='word_1_230' title='bbox 1771 2706 1890 2777; x_wconf 79' lang='lat' dir='ltr'>sit⁰</span> <span class='ocrx_word' id='word_1_231' title='bbox 1930 2708 2452 2794; x_wconf 87' lang='lat' dir='ltr'>metropolitanus</span> <span class='ocrx_word' id='word_1_232' title='bbox 2498 2729 2625 2775; x_wconf 86' lang='lat' dir='ltr'>una</span> <span class='ocrx_word' id='word_1_233' title='bbox 2652 2729 2795 2775; x_wconf 89' lang='lat' dir='ltr'>cum</span> <span class='ocrx_word' id='word_1_234' title='bbox 2826 2709 3143 2777; x_wconf 88' lang='lat' dir='ltr'>canonicis</span> <span class='ocrx_word' id='word_1_235' title='bbox 3188 2709 3425 2775; x_wconf 85' lang='lat' dir='ltr'>ibidem</span> <span class='ocrx_word' id='word_1_236' title='bbox 3466 2710 3563 2775; x_wconf 89' lang='lat' dir='ltr'>in-</span> 
     </span>
     <span class='ocr_line' id='line_1_24' title="bbox 699 2814 3563 2903; baseline 0.001 -22"><span class='ocrx_word' id='word_1_237' title='bbox 699 2816 1032 2883; x_wconf 88' lang='lat' dir='ltr'>stituendis</span> <span class='ocrx_word' id='word_1_238' title='bbox 1079 2822 1383 2903; x_wconf 89' lang='lat' dir='ltr'>perpetuo</span> <span class='ocrx_word' id='word_1_239' title='bbox 1429 2818 1826 2903; x_wconf 87' lang='lat' dir='ltr'>permanebit</span> <span class='ocrx_word' id='word_1_240' title='bbox 1870 2822 1953 2900; x_wconf 90' lang='lat' dir='ltr'>et,</span> <span class='ocrx_word' id='word_1_241' title='bbox 2000 2816 2057 2881; x_wconf 90' lang='lat' dir='ltr'>si</span> <span class='ocrx_word' id='word_1_242' title='bbox 2090 2817 2196 2900; x_wconf 90' lang='lat' dir='ltr'>qui</span> <span class='ocrx_word' id='word_1_243' title='bbox 2243 2814 2623 2901; x_wconf 84' lang='lat' dir='ltr'>suffraganei</span> <span class='ocrx_word' id='word_1_244' title='bbox 2668 2816 3017 2903; x_wconf 86' lang='lat' dir='ltr'>opitulante</span> <span class='ocrx_word' id='word_1_245' title='bbox 3062 2817 3317 2883; x_wconf 89' lang='lat' dir='ltr'>domino</span> <span class='ocrx_word' id='word_1_246' title='bbox 3360 2818 3563 2903; x_wconf 87' lang='lat' dir='ltr'>impo-</span> 
     </span>
     <span class='ocr_line' id='line_1_25' title="bbox 699 2910 3564 3009; baseline 0 -20"><span class='ocrx_word' id='word_1_247' title='bbox 699 2926 939 2990; x_wconf 87' lang='lat' dir='ltr'>sterum</span> <span class='ocrx_word' id='word_1_248' title='bbox 985 2924 1392 3006; x_wconf 85' lang='lat' dir='ltr'>creabuntur,</span> <span class='ocrx_word' id='word_1_249' title='bbox 1450 2923 1546 2989; x_wconf 90' lang='lat' dir='ltr'>illi</span> <span class='ocrx_word' id='word_1_250' title='bbox 1591 2910 1794 2991; x_wconf 78' lang='lat' dir='ltr'>eide&#39;m</span> <span class='ocrx_word' id='word_1_251' title='bbox 1841 2922 2330 3009; x_wconf 85' lang='lat' dir='ltr'>archyepiscopo</span> <span class='ocrx_word' id='word_1_252' title='bbox 2376 2928 2681 3007; x_wconf 85' lang='lat' dir='ltr'>tanquam</span> <span class='ocrx_word' id='word_1_253' title='bbox 2724 2944 2839 2989; x_wconf 86' lang='lat' dir='ltr'>suo</span> <span class='ocrx_word' id='word_1_254' title='bbox 2884 2924 3375 3009; x_wconf 86' lang='lat' dir='ltr'>metropolitano</span> <span class='ocrx_word' id='word_1_255' title='bbox 3418 2923 3564 2989; x_wconf 85' lang='lat' dir='ltr'>sub-</span> 
     </span>
     <span class='ocr_line' id='line_1_26' title="bbox 701 3029 3563 3113; baseline 0 -18"><span class='ocrx_word' id='word_1_256' title='bbox 701 3036 886 3097; x_wconf 90' lang='lat' dir='ltr'>erunt</span> <span class='ocrx_word' id='word_1_257' title='bbox 931 3036 994 3097; x_wconf 91' lang='lat' dir='ltr'>et</span> <span class='ocrx_word' id='word_1_258' title='bbox 1037 3031 1160 3098; x_wconf 88' lang='lat' dir='ltr'>sibi</span> <span class='ocrx_word' id='word_1_259' title='bbox 1205 3029 1592 3097; x_wconf 84' lang='lat' dir='ltr'>exhibebunt</span> <span class='ocrx_word' id='word_1_260' title='bbox 1634 3032 1700 3095; x_wconf 90' lang='lat' dir='ltr'>in</span> <span class='ocrx_word' id='word_1_261' title='bbox 1731 3032 2021 3097; x_wconf 88' lang='lat' dir='ltr'>omnibus</span> <span class='ocrx_word' id='word_1_262' title='bbox 2056 3029 2507 3113; x_wconf 89' lang='lat' dir='ltr'>obedienciam,</span> <span class='ocrx_word' id='word_1_263' title='bbox 2550 3030 2976 3097; x_wconf 86' lang='lat' dir='ltr'>reverenciam</span> <span class='ocrx_word' id='word_1_264' title='bbox 3020 3030 3299 3096; x_wconf 86' lang='lat' dir='ltr'>debitam</span> <span class='ocrx_word' id='word_1_265' title='bbox 3344 3035 3413 3097; x_wconf 92' lang='lat' dir='ltr'>et</span> <span class='ocrx_word' id='word_1_266' title='bbox 3452 3031 3563 3096; x_wconf 90' lang='lat' dir='ltr'>ho-</span> 
     </span>
     <span class='ocr_line' id='line_1_27' title="bbox 697 3136 3561 3223; baseline -0 -20"><span class='ocrx_word' id='word_1_267' title='bbox 697 3157 938 3220; x_wconf 90' lang='lat' dir='ltr'>norem,</span> <span class='ocrx_word' id='word_1_268' title='bbox 985 3158 1106 3223; x_wconf 91' lang='lat' dir='ltr'>que</span> <span class='ocrx_word' id='word_1_269' title='bbox 1139 3137 1387 3222; x_wconf 89' lang='lat' dir='ltr'>quidem</span> <span class='ocrx_word' id='word_1_270' title='bbox 1423 3137 1688 3203; x_wconf 87' lang='lat' dir='ltr'>ecclesia</span> <span class='ocrx_word' id='word_1_271' title='bbox 1729 3142 1792 3202; x_wconf 87' lang='lat' dir='ltr'>et</span> <span class='ocrx_word' id='word_1_272' title='bbox 1823 3136 2401 3222; x_wconf 86' lang='lat' dir='ltr'>archiepiscopatus</span> <span class='ocrx_word' id='word_1_273' title='bbox 2431 3136 2677 3222; x_wconf 86' lang='lat' dir='ltr'>Beyern</span> <span class='ocrx_word' id='word_1_274' title='bbox 2710 3136 3132 3222; x_wconf 88' lang='lat' dir='ltr'>appellabitur</span> <span class='ocrx_word' id='word_1_275' title='bbox 3158 3136 3227 3202; x_wconf 91' lang='lat' dir='ltr'>in</span> <span class='ocrx_word' id='word_1_276' title='bbox 3258 3141 3561 3203; x_wconf 84' lang='lat' dir='ltr'>eternum.</span> 
     </span>
     <span class='ocr_line' id='line_1_28' title="bbox 697 3242 3565 3329; baseline 0 -20"><span class='ocrx_word' id='word_1_277' title='bbox 697 3244 770 3309; x_wconf 91' lang='lat' dir='ltr'>In</span> <span class='ocrx_word' id='word_1_278' title='bbox 817 3244 993 3310; x_wconf 89' lang='lat' dir='ltr'>cuius</span> <span class='ocrx_word' id='word_1_279' title='bbox 1039 3244 1134 3309; x_wconf 88' lang='lat' dir='ltr'>rei</span> <span class='ocrx_word' id='word_1_280' title='bbox 1194 3244 1622 3309; x_wconf 88' lang='lat' dir='ltr'>testimonium</span> <span class='ocrx_word' id='word_1_281' title='bbox 1682 3248 2004 3329; x_wconf 89' lang='lat' dir='ltr'>presentes</span> <span class='ocrx_word' id='word_1_282' title='bbox 2060 3244 2371 3309; x_wconf 89' lang='lat' dir='ltr'>conscribi</span> <span class='ocrx_word' id='word_1_283' title='bbox 2427 3248 2490 3309; x_wconf 94' lang='lat' dir='ltr'>et</span> <span class='ocrx_word' id='word_1_284' title='bbox 2546 3248 2765 3309; x_wconf 89' lang='lat' dir='ltr'>nostra</span> <span class='ocrx_word' id='word_1_285' title='bbox 2809 3242 2981 3309; x_wconf 89' lang='lat' dir='ltr'>bulla</span> <span class='ocrx_word' id='word_1_286' title='bbox 3026 3262 3219 3310; x_wconf 85' lang='lat' dir='ltr'>aurea</span> <span class='ocrx_word' id='word_1_287' title='bbox 3258 3242 3565 3329; x_wconf 79' lang='lat' dir='ltr'>signoque</span> 
     </span>
     <span class='ocr_line' id='line_1_29' title="bbox 695 3344 3563 3420; baseline 0 -4"><span class='ocrx_word' id='word_1_288' title='bbox 695 3355 914 3416; x_wconf 88' lang='lat' dir='ltr'>nostro</span> <span class='ocrx_word' id='word_1_289' title='bbox 959 3355 1257 3416; x_wconf 88' lang='lat' dir='ltr'>consueto</span> <span class='ocrx_word' id='word_1_290' title='bbox 1312 3351 1610 3417; x_wconf 90' lang='lat' dir='ltr'>iussimus</span> <span class='ocrx_word' id='word_1_291' title='bbox 1667 3350 2061 3415; x_wconf 90' lang='lat' dir='ltr'>communiri.</span> <span class='ocrx_word' id='word_1_292' title='bbox 2142 3349 2375 3415; x_wconf 87' lang='lat' dir='ltr'>Datum</span> <span class='ocrx_word' id='word_1_293' title='bbox 2424 3348 2671 3417; x_wconf 87' lang='lat' dir='ltr'>Monaci</span> <span class='ocrx_word' id='word_1_294' title='bbox 2716 3350 2875 3415; x_wconf 86' lang='lat' dir='ltr'>xvii⁰</span> <span class='ocrx_word' id='word_1_295' title='bbox 2913 3368 3112 3416; x_wconf 87' lang='lat' dir='ltr'>nonas</span> <span class='ocrx_word' id='word_1_296' title='bbox 3126 3344 3173 3378; x_wconf 87' lang='lat'>¹⁰</span> <span class='ocrx_word' id='word_1_297' title='bbox 3215 3350 3563 3420; x_wconf 88' lang='lat' dir='ltr'>decembris</span> 
     </span>
     <span class='ocr_line' id='line_1_30' title="bbox 697 3456 3563 3542; baseline 0.001 -21"><span class='ocrx_word' id='word_1_298' title='bbox 697 3478 863 3523; x_wconf 87' lang='lat' dir='ltr'>anno</span> <span class='ocrx_word' id='word_1_299' title='bbox 911 3457 1150 3523; x_wconf 91' lang='lat' dir='ltr'>domini</span> <span class='ocrx_word' id='word_1_300' title='bbox 1195 3456 1531 3522; x_wconf 91' lang='lat' dir='ltr'>millesimo</span> <span class='ocrx_word' id='word_1_301' title='bbox 1577 3457 2015 3523; x_wconf 84' lang='lat' dir='ltr'>trecentesimo</span> <span class='ocrx_word' id='word_1_302' title='bbox 2062 3456 2379 3522; x_wconf 87' lang='lat' dir='ltr'>tricesimo</span> <span class='ocrx_word' id='word_1_303' title='bbox 2426 3457 2694 3542; x_wconf 91' lang='lat' dir='ltr'>septimo</span> <span class='ocrx_word' id='word_1_304' title='bbox 2740 3457 3090 3524; x_wconf 89' lang='lat' dir='ltr'>indiccione</span> <span class='ocrx_word' id='word_1_305' title='bbox 3122 3457 3347 3541; x_wconf 83' lang='lat' dir='ltr'>quinta</span> <span class='ocrx_word' id='word_1_306' title='bbox 3387 3458 3563 3541; x_wconf 79' lang='lat' dir='ltr'>regni</span> 
     </span>
     <span class='ocr_line' id='line_1_31' title="bbox 697 3563 2496 3649; baseline 0 -21"><span class='ocrx_word' id='word_1_307' title='bbox 697 3565 899 3629; x_wconf 90' lang='lat' dir='ltr'>nostri</span> <span class='ocrx_word' id='word_1_308' title='bbox 947 3584 1110 3630; x_wconf 88' lang='lat' dir='ltr'>anno</span> <span class='ocrx_word' id='word_1_309' title='bbox 1160 3565 1455 3631; x_wconf 89' lang='lat' dir='ltr'>vicesimo</span> <span class='ocrx_word' id='word_1_310' title='bbox 1501 3564 1695 3630; x_wconf 89' lang='lat' dir='ltr'>tercio</span> <span class='ocrx_word' id='word_1_311' title='bbox 1742 3563 1996 3649; x_wconf 90' lang='lat' dir='ltr'>imperii</span> <span class='ocrx_word' id='word_1_312' title='bbox 2040 3582 2189 3629; x_wconf 88' lang='lat' dir='ltr'>vero</span> <span class='ocrx_word' id='word_1_313' title='bbox 2234 3563 2496 3629; x_wconf 88' lang='lat' dir='ltr'>decimo.</span> 
     </span>
     <span class='ocr_line' id='line_1_32' title="bbox 989 3668 3285 3756; baseline 0.001 -21"><span class='ocrx_word' id='word_1_314' title='bbox 989 3670 1250 3754; x_wconf 80' lang='lat' dir='ltr'>Signum</span> <span class='ocrx_word' id='word_1_315' title='bbox 1297 3671 1538 3738; x_wconf 89' lang='lat' dir='ltr'>domini</span> <span class='ocrx_word' id='word_1_316' title='bbox 1581 3668 1903 3735; x_wconf 86' lang='lat' dir='ltr'>Ludowici</span> <span class='ocrx_word' id='word_1_317' title='bbox 1944 3668 2371 3736; x_wconf 86' lang='lat' dir='ltr'>Romanorum</span> <span class='ocrx_word' id='word_1_318' title='bbox 2416 3670 2820 3756; x_wconf 88' lang='lat' dir='ltr'>imperatoris</span> <span class='ocrx_word' id='word_1_319' title='bbox 2861 3669 3285 3737; x_wconf 84' lang='lat' dir='ltr'>invictissimi.</span> 
     </span>
     <span class='ocr_line' id='line_1_33' title="bbox 1748 3776 2517 3863; baseline 0 -22"><span class='ocrx_word' id='word_1_320' title='bbox 1748 3776 1860 3857; x_wconf 89' lang='lat' dir='ltr'>(L.</span> <span class='ocrx_word' id='word_1_321' title='bbox 1907 3776 2517 3863; x_wconf 64' lang='lat' dir='ltr'>monogrammatis.)</span> 
     </span>
    </p>
   </div>
   <div class='ocr_carea' id='block_1_3' title="bbox 912 3898 3565 3965">
    <p class='ocr_par' dir='ltr' id='par_1_3' title="bbox 912 3898 3565 3965">
     <span class='ocr_line' id='line_1_34' title="bbox 912 3898 3565 3965; baseline 0 -15"><span class='ocrx_word' id='word_1_322' title='bbox 912 3900 1170 3965; x_wconf 79' lang='lat' dir='ltr'>originale</span> <span class='ocrx_word' id='word_1_323' title='bbox 1205 3898 1258 3949; x_wconf 89' lang='lat' dir='ltr'>in</span> <span class='ocrx_word' id='word_1_324' title='bbox 1293 3899 1496 3949; x_wconf 80' lang='lat' dir='ltr'>archivo</span> <span class='ocrx_word' id='word_1_325' title='bbox 1533 3908 1728 3950; x_wconf 83' lang='lat' dir='ltr'>secreto</span> <span class='ocrx_word' id='word_1_326' title='bbox 1764 3898 2079 3951; x_wconf 86' lang='lat' dir='ltr'>Berolinensi</span> <span class='ocrx_word' id='word_1_327' title='bbox 2116 3900 2409 3950; x_wconf 80' lang='lat' dir='ltr'>adservatur</span> <span class='ocrx_word' id='word_1_328' title='bbox 2444 3898 2652 3964; x_wconf 82' lang='lat' dir='ltr'>pulchre</span> <span class='ocrx_word' id='word_1_329' title='bbox 2688 3898 2892 3964; x_wconf 90' lang='lat' dir='ltr'>quidem</span> <span class='ocrx_word' id='word_1_330' title='bbox 2934 3898 3026 3950; x_wconf 79' lang='lat' dir='ltr'>sed</span> <span class='ocrx_word' id='word_1_331' title='bbox 3060 3899 3243 3949; x_wconf 76' lang='lat' dir='ltr'>minim</span> <span class='ocrx_word' id='word_1_332' title='bbox 3275 3898 3331 3949; x_wconf 85' lang='lat' dir='ltr'>in</span> <span class='ocrx_word' id='word_1_333' title='bbox 3364 3899 3565 3953; x_wconf 83' lang='lat' dir='ltr'>modum</span> 
     </span>
    </p>
   </div>
   <div class='ocr_carea' id='block_1_4' title="bbox 695 3986 3561 4135">
    <p class='ocr_par' dir='ltr' id='par_1_4' title="bbox 695 3986 3561 4135">
     <span class='ocr_line' id='line_1_35' title="bbox 695 3986 3561 4053; baseline 0 -14"><span class='ocrx_word' id='word_1_334' title='bbox 695 3988 972 4039; x_wconf 79' lang='lat' dir='ltr'>incorrecte</span> <span class='ocrx_word' id='word_1_335' title='bbox 1009 3989 1264 4053; x_wconf 81' lang='lat' dir='ltr'>scriptum.</span> <span class='ocrx_word' id='word_1_336' title='bbox 1319 3986 1596 4051; x_wconf 87' lang='lat' dir='ltr'>Appendet</span> <span class='ocrx_word' id='word_1_337' title='bbox 1631 3986 1727 4037; x_wconf 87' lang='lat' dir='ltr'>filis</span> <span class='ocrx_word' id='word_1_338' title='bbox 1765 3988 1965 4038; x_wconf 80' lang='lat' dir='ltr'>sericeis</span> <span class='ocrx_word' id='word_1_339' title='bbox 1992 3988 2137 4037; x_wconf 86' lang='lat' dir='ltr'>viridi</span> <span class='ocrx_word' id='word_1_340' title='bbox 2173 3997 2227 4037; x_wconf 84' lang='lat' dir='ltr'>et</span> <span class='ocrx_word' id='word_1_341' title='bbox 2261 3989 2411 4038; x_wconf 87' lang='lat' dir='ltr'>rubro</span> <span class='ocrx_word' id='word_1_342' title='bbox 2440 3986 2579 4038; x_wconf 72' lang='lat' dir='ltr'>bulla</span> <span class='ocrx_word' id='word_1_343' title='bbox 2608 4004 2776 4038; x_wconf 80' lang='lat' dir='ltr'>aurea.</span> <span class='ocrx_word' id='word_1_344' title='bbox 2834 3988 2881 4039; x_wconf 88' lang='lat'>1.</span> <span class='ocrx_word' id='word_1_345' title='bbox 2914 3988 3194 4053; x_wconf 73' lang='lat' dir='ltr'>Imperator</span> <span class='ocrx_word' id='word_1_346' title='bbox 3228 3988 3281 4037; x_wconf 84' lang='lat' dir='ltr'>in</span> <span class='ocrx_word' id='word_1_347' title='bbox 3318 3988 3447 4039; x_wconf 84' lang='lat' dir='ltr'>solio</span> <span class='ocrx_word' id='word_1_348' title='bbox 3480 4004 3561 4039; x_wconf 84' lang='lat' dir='ltr'>re-</span> 
     </span>
     <span class='ocr_line' id='line_1_36' title="bbox 697 4074 3560 4135; baseline -0.001 -8"><span class='ocrx_word' id='word_1_349' title='bbox 697 4076 867 4127; x_wconf 84' lang='lat' dir='ltr'>sidens</span> <span class='ocrx_word' id='word_1_350' title='bbox 905 4075 1294 4126; x_wconf 82' lang='lat' dir='ltr'>LVDOVICVS</span> <span class='ocrx_word' id='word_1_351' title='bbox 1320 4074 1642 4135; x_wconf 82' lang='lat' dir='ltr'><strong>QVARTVS</strong></span> <span class='ocrx_word' id='word_1_352' title='bbox 1679 4075 1798 4125; x_wconf 84' lang='lat' dir='ltr'>DEI</span> <span class='ocrx_word' id='word_1_353' title='bbox 1824 4075 2085 4125; x_wconf 76' lang='lat' dir='ltr'>GRACIA</span> <span class='ocrx_word' id='word_1_354' title='bbox 2108 4075 2561 4126; x_wconf 82' lang='lat' dir='ltr'><strong>ROMANORVM</strong></span> <span class='ocrx_word' id='word_1_355' title='bbox 2593 4075 3001 4126; x_wconf 73' lang='lat' dir='ltr'><strong>IMPERATOR</strong></span> <span class='ocrx_word' id='word_1_356' title='bbox 3035 4076 3315 4127; x_wconf 76' lang='lat' dir='ltr'>SEMPER</span> <span class='ocrx_word' id='word_1_357' title='bbox 3339 4075 3560 4127; x_wconf 79' lang='lat' dir='ltr'><strong>AVGV·</strong></span> 
     </span>
    </p>
   </div>
   <div class='ocr_carea' id='block_1_5' title="bbox 693 4162 3564 4848">
    <p class='ocr_par' dir='ltr' id='par_1_5' title="bbox 693 4162 3564 4848">
     <span class='ocr_line' id='line_1_37' title="bbox 697 4162 3563 4229; baseline 0 -14"><span class='ocrx_word' id='word_1_358' title='bbox 697 4164 881 4215; x_wconf 84' lang='lat' dir='ltr'>STVS.</span> <span class='ocrx_word' id='word_1_359' title='bbox 943 4164 994 4215; x_wconf 84' lang='lat'>2.</span> <span class='ocrx_word' id='word_1_360' title='bbox 1030 4164 1242 4229; x_wconf 84' lang='lat' dir='ltr'>Effigies</span> <span class='ocrx_word' id='word_1_361' title='bbox 1279 4164 1416 4213; x_wconf 78' lang='lat' dir='ltr'>urbis</span> <span class='ocrx_word' id='word_1_362' title='bbox 1453 4162 1671 4214; x_wconf 83' lang='lat' dir='ltr'>Romae:</span> <span class='ocrx_word' id='word_1_363' title='bbox 1715 4162 1914 4215; x_wconf 84' lang='lat' dir='ltr'>ROMA</span> <span class='ocrx_word' id='word_1_364' title='bbox 1955 4163 2177 4213; x_wconf 79' lang='lat' dir='ltr'>CAPVT</span> <span class='ocrx_word' id='word_1_365' title='bbox 2213 4164 2443 4215; x_wconf 80' lang='lat' dir='ltr'>MVNDI</span> <span class='ocrx_word' id='word_1_366' title='bbox 2478 4164 2690 4215; x_wconf 78' lang='lat' dir='ltr'>REGIT</span> <span class='ocrx_word' id='word_1_367' title='bbox 2728 4162 2929 4215; x_wconf 89' lang='lat' dir='ltr'>ORBIS</span> <span class='ocrx_word' id='word_1_368' title='bbox 2965 4164 3201 4215; x_wconf 78' lang='lat' dir='ltr'>FRENA</span> <span class='ocrx_word' id='word_1_369' title='bbox 3237 4164 3563 4216; x_wconf 73' lang='lat' dir='ltr'>ROTVNDI.</span> 
     </span>
     <span class='ocr_line' id='line_1_38' title="bbox 695 4252 3563 4317; baseline 0 -14"><span class='ocrx_word' id='word_1_370' title='bbox 695 4252 756 4303; x_wconf 92' lang='lat' dir='ltr'>In</span> <span class='ocrx_word' id='word_1_371' title='bbox 795 4252 966 4303; x_wconf 89' lang='lat' dir='ltr'>dorso:</span> <span class='ocrx_word' id='word_1_372' title='bbox 1004 4252 1262 4317; x_wconf 76' lang='lat' dir='ltr'>recognita</span> <span class='ocrx_word' id='word_1_373' title='bbox 1299 4270 1389 4317; x_wconf 89' lang='lat' dir='ltr'>per</span> <span class='ocrx_word' id='word_1_374' title='bbox 1413 4252 1526 4303; x_wconf 87' lang='lat' dir='ltr'>Pot.</span> <span class='ocrx_word' id='word_1_375' title='bbox 1559 4283 1616 4289; x_wconf 89' lang='lat'><em>-</em></span> <span class='ocrx_word' id='word_1_376' title='bbox 1657 4252 1716 4301; x_wconf 92' lang='lat' dir='ltr'>In</span> <span class='ocrx_word' id='word_1_377' title='bbox 1755 4252 1929 4302; x_wconf 82' lang='lat' dir='ltr'>dorso:</span> <span class='ocrx_word' id='word_1_378' title='bbox 1966 4252 2261 4303; x_wconf 78' lang='lat' dir='ltr'>Ludowicus</span> <span class='ocrx_word' id='word_1_379' title='bbox 2300 4252 2390 4303; x_wconf 90' lang='lat' dir='ltr'>der</span> <span class='ocrx_word' id='word_1_380' title='bbox 2414 4252 2585 4303; x_wconf 82' lang='lat' dir='ltr'>vierde</span> <span class='ocrx_word' id='word_1_381' title='bbox 2622 4252 2733 4317; x_wconf 81' lang='lat' dir='ltr'>gipt</span> <span class='ocrx_word' id='word_1_382' title='bbox 2767 4252 2871 4303; x_wconf 91' lang='lat' dir='ltr'>und</span> <span class='ocrx_word' id='word_1_383' title='bbox 2907 4252 3169 4317; x_wconf 82' lang='lat' dir='ltr'>bestetigit</span> <span class='ocrx_word' id='word_1_384' title='bbox 3203 4252 3293 4304; x_wconf 86' lang='lat' dir='ltr'>der</span> <span class='ocrx_word' id='word_1_385' title='bbox 3316 4252 3563 4304; x_wconf 76' lang='lat' dir='ltr'>Littowen</span> 
     </span>
     <span class='ocr_line' id='line_1_39' title="bbox 694 4340 3564 4406; baseline 0.001 -15"><span class='ocrx_word' id='word_1_386' title='bbox 694 4342 816 4393; x_wconf 76' lang='lat' dir='ltr'>land</span> <span class='ocrx_word' id='word_1_387' title='bbox 851 4342 942 4392; x_wconf 83' lang='lat' dir='ltr'>mit</span> <span class='ocrx_word' id='word_1_388' title='bbox 977 4341 1075 4392; x_wconf 79' lang='lat' dir='ltr'>alle</span> <span class='ocrx_word' id='word_1_389' title='bbox 1111 4341 1255 4391; x_wconf 82' lang='lat' dir='ltr'>sinen</span> <span class='ocrx_word' id='word_1_390' title='bbox 1292 4341 1771 4405; x_wconf 79' lang='lat' dir='ltr'>czuegehorungen,</span> <span class='ocrx_word' id='word_1_391' title='bbox 1795 4340 2112 4406; x_wconf 76' lang='lat' dir='ltr'>&#39;welcherley</span> <span class='ocrx_word' id='word_1_392' title='bbox 2148 4356 2408 4406; x_wconf 80' lang='lat' dir='ltr'>geczunge</span> <span class='ocrx_word' id='word_1_393' title='bbox 2444 4358 2505 4406; x_wconf 79' lang='lat' dir='ltr'>sy</span> <span class='ocrx_word' id='word_1_394' title='bbox 2542 4341 2646 4401; x_wconf 83' lang='lat' dir='ltr'>ein,</span> <span class='ocrx_word' id='word_1_395' title='bbox 2694 4340 2801 4390; x_wconf 79' lang='lat' dir='ltr'>alze</span> <span class='ocrx_word' id='word_1_396' title='bbox 2838 4340 3178 4406; x_wconf 76' lang='lat' dir='ltr'>Samaythen,</span> <span class='ocrx_word' id='word_1_397' title='bbox 3224 4341 3564 4394; x_wconf 72' lang='lat' dir='ltr'>chhowen</span> 
     </span>
     <span class='ocr_line' id='line_1_40' title="bbox 694 4428 3562 4495; baseline 0 -14"><span class='ocrx_word' id='word_1_398' title='bbox 694 4431 800 4481; x_wconf 89' lang='lat' dir='ltr'>und</span> <span class='ocrx_word' id='word_1_399' title='bbox 823 4430 1042 4490; x_wconf 82' lang='lat' dir='ltr'>Russen,</span> <span class='ocrx_word' id='word_1_400' title='bbox 1081 4429 1294 4481; x_wconf 84' lang='lat' dir='ltr'>welches</span> <span class='ocrx_word' id='word_1_401' title='bbox 1331 4430 1514 4479; x_wconf 80' lang='lat' dir='ltr'>andere</span> <span class='ocrx_word' id='word_1_402' title='bbox 1550 4445 1836 4494; x_wconf 75' lang='lat' dir='ltr'>geczunges</span> <span class='ocrx_word' id='word_1_403' title='bbox 1873 4444 1967 4494; x_wconf 81' lang='lat' dir='ltr'>syo</span> <span class='ocrx_word' id='word_1_404' title='bbox 2002 4430 2079 4481; x_wconf 77' lang='lat' dir='ltr'>sin</span> <span class='ocrx_word' id='word_1_405' title='bbox 2116 4429 2254 4481; x_wconf 80' lang='lat' dir='ltr'>alczo</span> <span class='ocrx_word' id='word_1_406' title='bbox 2290 4428 2469 4494; x_wconf 82' lang='lat' dir='ltr'>alsyge</span> <span class='ocrx_word' id='word_1_407' title='bbox 2503 4446 2603 4479; x_wconf 87' lang='lat' dir='ltr'>nue</span> <span class='ocrx_word' id='word_1_408' title='bbox 2640 4429 2717 4479; x_wconf 83' lang='lat' dir='ltr'>sin</span> <span class='ocrx_word' id='word_1_409' title='bbox 2746 4428 2871 4480; x_wconf 83' lang='lat' dir='ltr'>ader</span> <span class='ocrx_word' id='word_1_410' title='bbox 2894 4446 3016 4480; x_wconf 71' lang='lat' dir='ltr'>caue</span> <span class='ocrx_word' id='word_1_411' title='bbox 3038 4429 3279 4480; x_wconf 78' lang='lat' dir='ltr'>welchem</span> <span class='ocrx_word' id='word_1_412' title='bbox 3314 4429 3562 4495; x_wconf 75' lang='lat' dir='ltr'>gelouben</span> 
     </span>
     <span class='ocr_line' id='line_1_41' title="bbox 695 4516 3563 4585; baseline -0.001 -14"><span class='ocrx_word' id='word_1_413' title='bbox 695 4537 787 4585; x_wconf 83' lang='lat' dir='ltr'>sye</span> <span class='ocrx_word' id='word_1_414' title='bbox 835 4519 943 4569; x_wconf 82' lang='lat' dir='ltr'>sich</span> <span class='ocrx_word' id='word_1_415' title='bbox 989 4519 1196 4584; x_wconf 78' lang='lat' dir='ltr'>neygin.</span> <span class='ocrx_word' id='word_1_416' title='bbox 1266 4517 1422 4568; x_wconf 83' lang='lat' dir='ltr'>Manu</span> <span class='ocrx_word' id='word_1_417' title='bbox 1470 4536 1510 4568; x_wconf 84' lang='lat' dir='ltr'>s.</span> <span class='ocrx_word' id='word_1_418' title='bbox 1544 4535 1634 4567; x_wconf 82' lang='lat' dir='ltr'>xv:</span> <span class='ocrx_word' id='word_1_419' title='bbox 1689 4517 1981 4569; x_wconf 78' lang='lat' dir='ltr'>Lodowicus</span> <span class='ocrx_word' id='word_1_420' title='bbox 2024 4517 2296 4584; x_wconf 81' lang='lat' dir='ltr'>imperator</span> <span class='ocrx_word' id='word_1_421' title='bbox 2337 4517 2437 4567; x_wconf 88' lang='lat'>1111</span> <span class='ocrx_word' id='word_1_422' title='bbox 2484 4517 2691 4568; x_wconf 83' lang='lat' dir='ltr'>donavit</span> <span class='ocrx_word' id='word_1_423' title='bbox 2734 4526 2895 4568; x_wconf 83' lang='lat' dir='ltr'>terras</span> <span class='ocrx_word' id='word_1_424' title='bbox 2942 4516 3133 4568; x_wconf 83' lang='lat' dir='ltr'>scilicet</span> <span class='ocrx_word' id='word_1_425' title='bbox 3178 4517 3563 4585; x_wconf 68' lang='lat' dir='ltr'>Samagitarum,</span> 
     </span>
     <span class='ocr_line' id='line_1_42' title="bbox 694 4604 3563 4673; baseline -0.001 -14"><span class='ocrx_word' id='word_1_426' title='bbox 694 4608 906 4659; x_wconf 79' lang='lat' dir='ltr'>Karsow</span> <span class='ocrx_word' id='word_1_427' title='bbox 961 4615 1198 4657; x_wconf 77' lang='lat' dir='ltr'>etcetera.</span> <span class='ocrx_word' id='word_1_428' title='bbox 1257 4634 1318 4644; x_wconf 86' lang='lat'>-—</span> <span class='ocrx_word' id='word_1_429' title='bbox 1388 4604 1630 4656; x_wconf 81' lang='lat' dir='ltr'>Litteram</span> <span class='ocrx_word' id='word_1_430' title='bbox 1693 4604 1933 4655; x_wconf 85' lang='lat' dir='ltr'>initialem</span> <span class='ocrx_word' id='word_1_431' title='bbox 1986 4606 2027 4655; x_wconf 87' lang='lat' dir='ltr'>L</span> <span class='ocrx_word' id='word_1_432' title='bbox 2082 4605 2229 4657; x_wconf 81' lang='lat' dir='ltr'>valde</span> <span class='ocrx_word' id='word_1_433' title='bbox 2294 4614 2523 4656; x_wconf 82' lang='lat' dir='ltr'>ornatam</span> <span class='ocrx_word' id='word_1_434' title='bbox 2584 4605 2744 4655; x_wconf 86' lang='lat' dir='ltr'>edidit</span> <span class='ocrx_word' id='word_1_435' title='bbox 2797 4606 2855 4655; x_wconf 79' lang='lat' dir='ltr'>F.</span> <span class='ocrx_word' id='word_1_436' title='bbox 2894 4606 2957 4657; x_wconf 83' lang='lat' dir='ltr'>A.</span> <span class='ocrx_word' id='word_1_437' title='bbox 2988 4604 3243 4673; x_wconf 74' lang='lat' dir='ltr'>Vofsberg·</span> <span class='ocrx_word' id='word_1_438' title='bbox 3305 4608 3357 4657; x_wconf 85' lang='lat' dir='ltr'>in</span> <span class='ocrx_word' id='word_1_439' title='bbox 3418 4608 3563 4659; x_wconf 74' lang='lat' dir='ltr'>Neue</span> 
     </span>
     <span class='ocr_line' id='line_1_43' title="bbox 693 4692 3559 4761; baseline -0 -14"><span class='ocrx_word' id='word_1_440' title='bbox 693 4694 1014 4747; x_wconf 79' lang='lat' dir='ltr'>Preufsische</span> <span class='ocrx_word' id='word_1_441' title='bbox 1067 4694 1554 4745; x_wconf 70' lang='lat' dir='ltr'>Provinzialblatter.</span> <span class='ocrx_word' id='word_1_442' title='bbox 1627 4694 1954 4760; x_wconf 68' lang='lat' dir='ltr'>Konigsberg</span> <span class='ocrx_word' id='word_1_443' title='bbox 1994 4692 2145 4744; x_wconf 83' lang='lat'>1850.</span> <span class='ocrx_word' id='word_1_444' title='bbox 2208 4693 2259 4754; x_wconf 90' lang='lat'>1,</span> <span class='ocrx_word' id='word_1_445' title='bbox 2300 4693 2423 4744; x_wconf 83' lang='lat'>107:</span> <span class='ocrx_word' id='word_1_446' title='bbox 2486 4693 2695 4757; x_wconf 85' lang='lat' dir='ltr'>„Ueber</span> <span class='ocrx_word' id='word_1_447' title='bbox 2750 4693 2831 4744; x_wconf 90' lang='lat' dir='ltr'>die</span> <span class='ocrx_word' id='word_1_448' title='bbox 2872 4692 3187 4761; x_wconf 79' lang='lat' dir='ltr'>Verleihung</span> <span class='ocrx_word' id='word_1_449' title='bbox 3240 4694 3331 4745; x_wconf 86' lang='lat' dir='ltr'>der</span> <span class='ocrx_word' id='word_1_450' title='bbox 3383 4694 3559 4746; x_wconf 75' lang='lat' dir='ltr'>Beier-</span> 
     </span>
     <span class='ocr_line' id='line_1_44' title="bbox 697 4781 3557 4848; baseline -0 -12"><span class='ocrx_word' id='word_1_451' title='bbox 697 4785 852 4837; x_wconf 80' lang='lat' dir='ltr'>fahne</span> <span class='ocrx_word' id='word_1_452' title='bbox 898 4784 1004 4834; x_wconf 87' lang='lat' dir='ltr'>und</span> <span class='ocrx_word' id='word_1_453' title='bbox 1041 4784 1130 4833; x_wconf 85' lang='lat' dir='ltr'>des</span> <span class='ocrx_word' id='word_1_454' title='bbox 1167 4782 1482 4833; x_wconf 86' lang='lat' dir='ltr'>baierischen</span> <span class='ocrx_word' id='word_1_455' title='bbox 1507 4782 1770 4848; x_wconf 83' lang='lat' dir='ltr'>Wappens</span> <span class='ocrx_word' id='word_1_456' title='bbox 1818 4800 1882 4833; x_wconf 84' lang='lat' dir='ltr'>an</span> <span class='ocrx_word' id='word_1_457' title='bbox 1931 4782 2013 4833; x_wconf 89' lang='lat' dir='ltr'>die</span> <span class='ocrx_word' id='word_1_458' title='bbox 2048 4782 2381 4848; x_wconf 81' lang='lat' dir='ltr'>Baierburg“‚</span> <span class='ocrx_word' id='word_1_459' title='bbox 2426 4782 2514 4833; x_wconf 92' lang='lat' dir='ltr'>ubi</span> <span class='ocrx_word' id='word_1_460' title='bbox 2550 4782 2719 4833; x_wconf 78' lang='lat' dir='ltr'>variae</span> <span class='ocrx_word' id='word_1_461' title='bbox 2759 4781 3001 4834; x_wconf 87' lang='lat' dir='ltr'>lectiones</span> <span class='ocrx_word' id='word_1_462' title='bbox 3036 4790 3466 4835; x_wconf 80' lang='lat' dir='ltr'>transsumtorum.</span> <span class='ocrx_word' id='word_1_463' title='bbox 3499 4814 3557 4822; x_wconf 89' lang='lat'>—</span> 
     </span>
    </p>
   </div>
   <div class='ocr_carea' id='block_1_6' title="bbox 697 4870 3561 5028">
    <p class='ocr_par' dir='ltr' id='par_1_6' title="bbox 697 4870 3561 5028">
     <span class='ocr_line' id='line_1_45' title="bbox 697 4870 3561 4939; baseline -0 -15"><span class='ocrx_word' id='word_1_464' title='bbox 697 4875 820 4924; x_wconf 84' lang='lat' dir='ltr'>Cum</span> <span class='ocrx_word' id='word_1_465' title='bbox 857 4874 975 4923; x_wconf 77' lang='lat' dir='ltr'>dato</span> <span class='ocrx_word' id='word_1_466' title='bbox 1003 4872 1076 4923; x_wconf 90' lang='lat' dir='ltr'>VI</span> <span class='ocrx_word' id='word_1_467' title='bbox 1111 4888 1228 4923; x_wconf 87' lang='lat' dir='ltr'>non.</span> <span class='ocrx_word' id='word_1_468' title='bbox 1264 4872 1513 4923; x_wconf 88' lang='lat' dir='ltr'>decembr.</span> <span class='ocrx_word' id='word_1_469' title='bbox 1553 4872 1714 4923; x_wconf 86' lang='lat' dir='ltr'>edidit</span> <span class='ocrx_word' id='word_1_470' title='bbox 1749 4872 1993 4937; x_wconf 77' lang='lat' dir='ltr'>Ludewig</span> <span class='ocrx_word' id='word_1_471' title='bbox 2038 4872 2089 4921; x_wconf 84' lang='lat' dir='ltr'>in</span> <span class='ocrx_word' id='word_1_472' title='bbox 2134 4870 2356 4936; x_wconf 83' lang='lat' dir='ltr'>reliquiis</span> <span class='ocrx_word' id='word_1_473' title='bbox 2392 4872 2859 4936; x_wconf 76' lang='lat' dir='ltr'>manuscriptorum.</span> <span class='ocrx_word' id='word_1_474' title='bbox 2922 4872 3239 4923; x_wconf 77' lang='lat' dir='ltr'>Francofurti</span> <span class='ocrx_word' id='word_1_475' title='bbox 3274 4882 3327 4923; x_wconf 84' lang='lat' dir='ltr'>et</span> <span class='ocrx_word' id='word_1_476' title='bbox 3361 4872 3561 4939; x_wconf 72' lang='lat' dir='ltr'>Lipsiae</span> 
     </span>
     <span class='ocr_line' id='line_1_46' title="bbox 699 4959 3561 5028; baseline -0.001 -15"><span class='ocrx_word' id='word_1_477' title='bbox 699 4960 852 5013; x_wconf 79' lang='lat'>1720.</span> <span class='ocrx_word' id='word_1_478' title='bbox 906 4961 948 5024; x_wconf 90' lang='lat'>1,</span> <span class='ocrx_word' id='word_1_479' title='bbox 987 4960 1092 5013; x_wconf 83' lang='lat'>336</span> <span class='ocrx_word' id='word_1_480' title='bbox 1128 4978 1177 5012; x_wconf 86' lang='lat' dir='ltr'>n.</span> <span class='ocrx_word' id='word_1_481' title='bbox 1203 4959 1308 5011; x_wconf 84' lang='lat'>239</span> <span class='ocrx_word' id='word_1_482' title='bbox 1347 4960 1516 5027; x_wconf 82' lang='lat' dir='ltr'>(bulla</span> <span class='ocrx_word' id='word_1_483' title='bbox 1549 4962 1752 5028; x_wconf 79' lang='lat' dir='ltr'>aurea).</span> <span class='ocrx_word' id='word_1_484' title='bbox 1794 4990 1856 4999; x_wconf 85' lang='lat'>--</span> <span class='ocrx_word' id='word_1_485' title='bbox 1898 4961 2023 5012; x_wconf 86' lang='lat' dir='ltr'>Cum</span> <span class='ocrx_word' id='word_1_486' title='bbox 2058 4960 2179 5012; x_wconf 73' lang='lat' dir='ltr'>dato</span> <span class='ocrx_word' id='word_1_487' title='bbox 2219 4959 2283 5011; x_wconf 81' lang='lat'>17</span> <span class='ocrx_word' id='word_1_488' title='bbox 2322 4959 2432 5011; x_wconf 86' lang='lat' dir='ltr'>dec.</span> <span class='ocrx_word' id='word_1_489' title='bbox 2468 4960 2629 5011; x_wconf 84' lang='lat' dir='ltr'>edidit</span> <span class='ocrx_word' id='word_1_490' title='bbox 2662 4960 2861 5028; x_wconf 81' lang='lat' dir='ltr'>Luenig</span> <span class='ocrx_word' id='word_1_491' title='bbox 2894 4960 3171 5013; x_wconf 81' lang='lat' dir='ltr'>&#39;l&#39;eutsches</span> <span class='ocrx_word' id='word_1_492' title='bbox 3204 4960 3561 5013; x_wconf 63' lang='lat' dir='ltr'>Reiohsarchiv</span> 
     </span>
    </p>
   </div>
   <div class='ocr_carea' id='block_1_7' title="bbox 3802 3404 3805 5527">
    <p class='ocr_par' dir='ltr' id='par_1_7' title="bbox 3802 3404 3805 5527">
     <span class='ocr_line' id='line_1_47' title="bbox 3802 3404 3805 5527; baseline 0 0"><span class='ocrx_word' id='word_1_493' title='bbox 3802 3404 3805 5527; x_wconf 95' lang='lat' dir='ltr'> </span> 
     </span>
    </p>
   </div>
  </div>
 </body>
</html>
