3892 5609
1320 297 1589 346 nunu.
1660 297 1875 348 Rom.
1945 298 2248 348 Flumen
3069 289 3104 359 1
3117 288 3214 360 53

344 457 505 524 satis
537 456 750 542 dandi,
794 455 1027 524 iudicio
1060 443 1205 522 sisti
1246 461 1309 523 et
1340 456 1688 524 iudicatum
1725 457 1884 524 solvi
1916 457 2032 526 sub
2061 458 2374 545 ypotheca
2418 465 2482 526 et
2525 458 2908 544 obligatione
2937 460 3218 528 omnium

347 569 417 630 et
456 563 847 649 singulorum
891 565 1201 631 bonorum
1246 583 1502 631 suorum
1546 564 1875 631 mobilium
1931 570 1996 632 et
2039 565 2461 634 immobilium
2505 566 2893 652 presentium
2939 571 3004 634 et
3045 567 3218 633 futu-

345 691 565 736 rorum
612 691 685 738 ac
728 671 1010 738 omnium
1055 671 1211 737 iuris
1259 675 1323 738 et
1365 671 1517 738 facti
1562 671 2136 739 renunctiationum
2183 673 2263 739 ad
2307 673 2424 740 hec
2467 673 2706 758 pariter
2737 677 2801 739 et
2829 672 3095 758 cautela,
3141 674 3221 740 de

347 782 415 844 et
470 797 663 864 super
714 777 941 863 quibus
996 779 1287 845 omnibus
1344 783 1408 844 et
1464 777 1728 861 singulis
1782 779 2111 863 premissis
2166 780 2449 865 prefatus
2497 779 2786 846 dominus
2831 765 3220 847 constituens

348 884 472 952 sibi
519 905 558 950 a
601 905 703 951 me
747 885 992 951 notario
1037 885 1289 971 publico
1334 885 1737 971 infrascripto
1785 905 1980 950 unum
2028 885 2129 951 vel
2183 885 2370 972 plura
2427 885 2750 973 publicum
2803 906 2914 953 seu
2965 887 3221 974 publica

345 989 489 1058 fieri
546 990 765 1058 confici
821 992 1007 1078 petiit
1061 992 1549 1059 instrumentum
1596 991 1698 1059 vel
1753 992 2192 1058 instrumenta.
2275 993 2440 1060 Acta
2493 998 2642 1060 sunt
2697 992 2813 1059 hec
2862 1013 3059 1077 anno,
3120 995 3219 1060 in-

348 1097 686 1180 (dictione)
698 1094 743 1181 ²,
789 1098 911 1180 die,
958 1118 1193 1183 mense,
1240 1098 1416 1182 hora,
1463 1097 1833 1186 pontificatu
1865 1103 1928 1164 et
1957 1098 2116 1184 loco,
2153 1099 2379 1184 quibus
2411 1120 2625 1186 supra,
2672 1100 3068 1186 presentibus
3098 1099 3218 1167 ibi-

346 1205 495 1272 dem
538 1203 852 1272 nobilibus
900 1208 965 1270 et
1006 1204 1285 1272 honestis
1317 1205 1475 1296 viris
1502 1203 1841 1272 Melchiore
1874 1204 1952 1271 de
1981 1204 2364 1274 Rabenstein
2399 1207 2904 1291 Bambergensis,
2949 1203 3220 1294 Georgio

347 1310 777 1394 Clingenbeck
818 1309 1211 1379 Pataviensis
1258 1316 1321 1378 et
1366 1311 1707 1378 Cristofero
1750 1310 2174 1379 Gallenhoffer
2217 1313 2694 1400 Herbipolensis
2739 1313 3080 1379 diocesium
3127 1317 3220 1380 te-

348 1418 553 1485 stibus
602 1417 683 1484 ad
728 1418 847 1484 hoc
890 1417 1247 1504 specialiter
1291 1419 1531 1503 rogatis
1576 1424 1767 1504 atque
1812 1419 2154 1503 requisitis,

1461 1544 1769 1630 (Siquam
1810 1543 2104 1626 notarii.)

776 1647 863 1714 Et
918 1668 1033 1732 ego
1080 1646 1387 1734 Georgius
1431 1649 1796 1716 Bonemilch
1854 1649 2118 1717 clericus
2163 1647 2533 1733 Moguntine
2579 1648 2876 1734 diocesis,
2932 1649 3220 1736 publicus

674 1775 854 1823 sacra
899 1756 1246 1841 apostolica
1289 1758 1663 1824 auctoritate
1706 1757 2012 1840 notarius,
2069 1758 2219 1842 quia
2263 1756 2448 1823 dictis
2491 1757 2944 1842 procurationi,
2989 1758 3224 1824 consti·

672 1863 941 1947 tucioni,
995 1864 1326 1948 potestatis
1374 1863 1643 1947 dationi,
1687 1862 2156 1947 ratihabitioni,
2205 1862 2576 1941 relevationi
2622 1863 3034 1949 omnibusque
3079 1863 3222 1932 aliis

674 1974 738 2036 et
783 1969 1047 2053 singulis
1094 1971 1442 2055 premissis,
1489 1971 1637 2036 dum
1686 1971 1849 2037 sicut
1891 1971 2281 2058 premittitur
2312 1969 2535 2036 fierent
2567 1973 2632 2036 et
2662 1975 3018 2054 agerentur,
3066 1991 3222 2038 una-

670 2096 813 2142 cum
857 2076 1254 2162 presentibus
1300 2076 1564 2143 testibus
1617 2097 1879 2163 presens
1922 2078 2185 2146 interfui
2229 2097 2427 2163 eaque
2473 2075 2684 2142 omnia
2731 2080 2794 2141 et
2837 2075 3086 2159 singula
3131 2078 3222 2144 sic

672 2183 809 2249 fieri
838 2182 969 2248 vidi
1014 2188 1078 2249 et
1122 2183 1354 2268 audivi,
1398 2183 1663 2268 ideoque
1708 2185 1773 2250 in
1818 2190 2036 2251 notam
2075 2185 2288 2271 recepi
2333 2189 2398 2252 et
2443 2183 2593 2268 quia
2636 2181 2756 2248 hoc
2797 2202 3059 2268 presens
3103 2205 3223 2270 pu-

674 2289 904 2356 blicum
948 2289 1440 2356 instrumentum
1482 2289 1553 2355 in
1596 2288 1783 2357 fidem
1830 2293 2111 2358 omnium
2171 2295 2235 2357 et
2286 2289 2677 2373 singulorum
2722 2308 2916 2354 manu
2958 2290 3223 2375 propria

673 2395 943 2462 fideliter
986 2397 1408 2482 conscriptum
1456 2397 1684 2462 exinde
1726 2397 1999 2484 confeci,
2053 2397 2429 2483 subscripsi,
2480 2395 2799 2482 publicavi
2844 2401 2908 2461 et
2948 2396 3018 2461 in
3061 2397 3224 2462 hanc

672 2502 988 2588 publicam
1033 2503 1305 2569 formam
1346 2502 1562 2586 redegi
1606 2504 1908 2588 signoque
1956 2511 2021 2571 et
2063 2505 2319 2570 nomine
2361 2503 2521 2570 meis
2563 2501 2766 2567 solitis
2815 2506 2878 2569 et
2906 2504 3222 2570 consuetis

676 2610 939 2693 signavi.

565 2732 643 2782 Ex
679 2731 938 2798 originali,
984 2733 1117 2799 quod
1154 2743 1441 2784 asservatur
1476 2732 1529 2783 in
1565 2732 1767 2783 archivo
1804 2733 2061 2784 secretiori
2095 2733 2426 2785 Berolinensi.
2671 2734 2714 2784 l.
2754 2733 2860 2796 Or„
2897 2732 2931 2785 l.
2956 2733 3221 2799 quotiens?

350 2819 403 2871 2.
442 2819 663 2872 dictione
700 2821 865 2872 scriba
900 2821 1119 2872 scribere
1157 2821 1339 2873 oblitus
1376 2829 1458 2872 est
1493 2820 1543 2871 in
1578 2820 1721 2871 initio
1756 2819 1939 2872 lineae.

358 3088 397 3157 1
413 3087 537 3158 57.
578 3089 756 3156 1524
795 3091 925 3156 dec.
957 3090 1021 3154 7.
1093 3089 1419 3170 Alberws,
1488 3091 1747 3155 ordinis·
1784 3087 2156 3155 Theutonici
2209 3093 2507 3176 maqister
2545 3089 2890 3176 grener-alis,
2949 3089 3228 3156 Iohanni

582 3195 835 3262 Alberto
869 3209 924 3262 et
959 3194 1303 3283 Gumperto
1329 3197 1657 3282 fratribus
1701 3200 1833 3262 suia
1880 3200 2126 3261 curiam
2171 3199 2412 3262 ordinis
2446 3197 2688 3262 Romae
2731 3201 2918 3264 sitam
2963 3196 3221 3281 confert.

576 3335 715 3404 Wir
742 3337 1047 3405 Albrecht
1087 3358 1213 3404 von
1256 3342 1462 3422 gottes
1504 3337 1753 3421 gnaden
1787 3336 2334 3404 Teutschordenns
2379 3335 2822 3423 hohemaister,
2865 3337 3226 3422 marggrafe

352 3466 437 3512 zu
478 3444 999 3528 Branndenburg,
1047 3465 1127 3510 zu
1174 3443 1429 3528 Stettin,
1474 3444 1834 3528 Pommern,
1888 3444 2000 3510 der
2045 3443 2368 3510 Cassuben
2411 3444 2543 3509 und
2569 3441 2900 3512 Wennden
2942 3443 3222 3529 hertzog,

353 3552 662 3635 burggraf
722 3572 803 3616 zu
868 3550 1258 3636 Nuremberg
1323 3552 1453 3618 und
1518 3551 1683 3618 furst
1751 3572 1831 3617 zu
1888 3550 2108 3634 Rugen
2123 3599 2142 3634 ,
2213 3551 2540 3618 bekennen
2605 3549 2735 3616 und
2803 3550 2962 3616 thun
3020 3550 3225 3616 kunth

354 3657 689 3724 offennlich
736 3657 855 3723 mit
896 3657 1097 3723 disem
1146 3657 1343 3725 briefe
1386 3678 1507 3741 gen
1554 3657 2103 3741 allermenigclich,
2157 3657 2278 3723 den
2323 3657 2530 3724 dieser
2573 3676 2808 3724 unnser
2853 3656 3049 3724 briefe
3091 3657 3224 3722 fur-

354 3765 598 3851 kompt,
646 3764 979 3848 angezaigt
1022 3765 1151 3830 und
1196 3765 1449 3848 gelesen
1478 3764 1722 3847 wirdet,
1769 3764 1874 3829 fur
1918 3783 2081 3830 unns
2127 3764 2256 3830 und
2302 3763 2424 3830 alle
2468 3783 2702 3830 unnser
2743 3763 3224 3847 nachkommen,

354 3873 469 3938 das
494 3873 610 3937 wir
639 3871 757 3936 mit
778 3870 1273 3938 wolbedachtem
1303 3876 1497 3955 muet,
1528 3870 1775 3938 rechter
1795 3870 2027 3937 wissen
2055 3869 2186 3937 und
2216 3870 2534 3954 zeittigem
2558 3875 2792 3954 vorrat,
2816 3869 2939 3936 den
2961 3871 3078 3936 wir
3106 3871 3226 3936 mit

355 3979 480 4044 den
524 3977 832 4061 wirdigen
876 3998 1142 4044 unnsers
1186 3977 1537 4045 Teutschen
1583 3977 1855 4044 ordenns
1900 3977 2344 4060 comenthurn,
2389 3981 2540 4060 vogt
2551 4025 2570 4058 ,
2617 3975 2896 4063 pflegern
2941 3977 3074 4042 und
3117 3997 3224 4060 ge-

352 4079 611 4152 mainen
666 4085 1245 4151 conventsbrudern
1300 4085 1413 4151 der
1456 4083 1687 4151 lannde
1734 4105 1815 4148 zu
1859 4083 2164 4151 Preussen
2221 4083 2564 4150 derhalben
2617 4083 2914 4150 mermals
2969 4083 3223 4168 gehabt,

354 4193 485 4258 und
530 4191 651 4258 mit
692 4190 1021 4258 derselben
1074 4191 1532 4259 sonderlichem
1586 4190 1994 4274 mitgehellen
2035 4191 2166 4256 und
2232 4189 2635 4274 bewilligung
2688 4190 2756 4255 in
2813 4188 2996 4257 craffi·
3050 4191 3226 4257 einer

354 4295 835 4381 rechtmessigen
902 4297 1121 4382 freyen
1188 4297 1495 4365 donacion
1562 4297 1693 4363 und
1760 4295 2384 4364 unwiderrufflichen
2445 4296 2724 4381 ubergab
2789 4297 3036 4363 unnder
3103 4296 3226 4363 den

352 4403 771 4486 lebenndigen
816 4425 927 4470 aus
956 4405 1047 4470 vil
1089 4405 1409 4473 redlichen
1452 4403 1877 4488 beweglichen
1920 4404 2230 4472 ursachen
2273 4403 2423 4470 umb
2469 4422 2738 4470 unnsers
2781 4403 2912 4469 und
2956 4423 3224 4470 unnsers

352 4512 584 4579 ordens
637 4510 893 4577 bessern
946 4517 1099 4579 nutz
1154 4511 1285 4577 und
1342 4513 1653 4580 frommen
1706 4511 1917 4578 willen
1975 4512 2105 4578 und
2157 4531 2282 4578 von
2339 4530 2556 4594 wegen
2615 4510 2727 4576 der
2781 4509 3226 4593 angebornnen

352 4619 480 4685 lieb
494 4667 515 4700 ,
575 4623 731 4683 trew
774 4617 905 4682 und
947 4617 1414 4703 freuntschafft,
1472 4619 1673 4685 damit
1728 4639 1891 4685 unns
1937 4619 2042 4686 die
2087 4617 2463 4710 erwirdigen
2518 4616 2648 4683 und
2702 4615 3226 4700 hochgebornnen

352 4725 621 4807 fursten,
668 4743 900 4789 unnser
942 4723 1341 4792 freuntlliche
1383 4724 1546 4792 liebe
1591 4725 1843 4809 bruder,
1889 4725 2037 4791 herr
2066 4723 2110 4790 J
2112 4725 2319 4792 ohann
2348 4721 2699 4808 Albrecht²,
2746 4721 3069 4806 coadjutor
3113 4722 3226 4788 der

354 4831 551 4898 beder
604 4828 765 4896 stifft
804 4829 1238 4915 Magdenburg
1292 4833 1421 4900 und
1464 4833 1889 4914 Halberstatt,
1946 4831 2077 4897 und
2131 4831 2247 4898 her
2291 4827 2741 4914 Gumbrecht²,
2801 4828 2960 4896 bede
3013 4847 3226 4912 marg—

354 4938 579 5021 grafen
621 4957 703 5003 zu
746 4935 1277 5023 Branndenburg,
1323 4960 1406 5005 zu
1450 4937 1714 5024 Stettin,
1758 4938 2134 5023 Pommern,
2191 4937 2305 5004 der
2347 4937 2668 5006 Cassuben
2723 4936 2854 5002 und
2897 4933 3227 5003 Wennden
