3892 5609
1386 361 1776 411 pervasam
1821 362 2209 413 Genusum
3072 355 3220 428 355

361 538 528 583 nem.
754 519 981 587 Dilecti
1025 520 1142 586 filii
1189 522 1488 605 magister
1535 528 1598 589 et
1639 522 1868 591 fratres
1912 522 2261 609 Hospitalis
2304 522 2800 591 lerosolimitani'
2821 524 3001 592 nobis
3034 546 3224 613 expo-

360 646 514 693 nere
559 632 966 713 curaverunt,
1014 629 1178 714 quod
1192 678 1210 713 ,
1259 649 1397 696 cum
1445 629 1646 697 felicis
1689 630 2143 697 recordationis
2189 628 2540 697 celestinus
2587 650 2774 718 papa,
2822 632 3226 719 predecessor

363 739 599 818 noster,
645 734 860 801 volens
906 735 1187 821 ipsorum
1236 742 1301 803 et
1342 744 1551 805 vestre
1599 738 1794 823 quieti
1840 758 1914 804 ac
1960 738 2101 825 paci
2131 744 2397 824 paterna
2426 738 2845 805 sollicitudine
2873 740 3223 826 providere,

362 838 615 908 duxerit
657 843 1078 927 statuendum,
1123 849 1196 909 ut
1241 844 1462 911 domus
1511 850 1721 911 vestra
1767 865 1908 911 cum
1954 844 2213 931 reliquis
2246 844 2367 914 sibi
2398 846 2693 913 subiectis
2725 846 2840 913 sub
2872 847 3227 913 obedientia

363 949 428 1012 et
470 948 880 1035 dispositione
924 950 1157 1038 prioris
1203 951 1338 1019 sive
1381 952 1671 1036 magistri
1710 952 2059 1039 Hospitalis
2092 952 2392 1035 eiusdem,
2440 954 2549 1037 qui
2580 973 2695 1040 pro
2726 959 3011 1040 tempore
3039 955 3223 1039 foret,

363 1055 616 1121 omnino
670 1061 984 1141 maneret,
1043 1059 1134 1125 ita
1187 1064 1432 1144 tamen,
1491 1059 1654 1145 quod
1714 1059 1792 1125 de
1849 1065 2034 1143 gente
2078 1060 2604 1127 Theutonicorum
2660 1059 2935 1146 priorem
2986 1066 3051 1127 et
3094 1082 3225 1128 ser-

363 1161 601 1227 vientes
656 1164 915 1231 idoneos
971 1166 1383 1234 constitueret
1435 1169 1503 1233 in
1548 1168 1671 1250 eis,
1729 1168 1836 1252 qui
1883 1165 2120 1233 Christi
2165 1166 2547 1253 pauperibus
2593 1167 2659 1232 in
2705 1166 2923 1251 lingua
2967 1188 3083 1235 sua
3125 1189 3225 1235 re-

362 1270 744 1356 sponderent
789 1291 861 1339 ac
906 1272 997 1339 eis
1041 1274 1400 1339 necessaria
1442 1274 1878 1339 ministrarent
1923 1278 1988 1341 et
2029 1273 2274 1359 prefato
2318 1274 2516 1360 priori
2565 1274 2697 1340 sive
2725 1276 3030 1359 magistro
3064 1276 3227 1343 sicut

361 1376 470 1442 alii
525 1377 752 1445 fratres
809 1379 942 1445 eius
997 1380 1321 1447 humiliter
1379 1380 1736 1463 obedirent,
1793 1383 1984 1465 prout
2028 1381 2093 1445 in
2140 1379 2416 1446 eiusdem
2450 1380 2765 1471 ‘Celestini
2808 1381 3139 1469 privilegio
3187 1403 3227 1448 a

359 1482 520 1549 bone
577 1486 878 1553 memorie
921 1486 1205 1554 Adriano
1262 1508 1433 1574 papa
1485 1494 1706 1574 postea
1761 1488 2055 1553 roborato
2100 1485 2347 1573 plenius
2395 1495 2685 1555 asserunt
2728 1489 3065 1571 contineri3
3111 1510 3223 1557 vos

356 1595 571 1657 tamen
624 1593 1020 1678 postmodum
1079 1600 1500 1681 proponentes
1557 1596 1810 1661 domum
1867 1593 2155 1660 eamdem
2214 1595 2585 1686 auctoritate
2642 1596 2982 1682 apostolice
3026 1594 3223 1663 sedis¹

360 1704 716 1787 exemptam
764 1706 828 1767 et
871 1702 1120 1788 penitus
1169 1721 1206 1767 a
1252 1702 1634 1769 subiectione
1673 1702 1957 1788 ipsorum
1986 1702 2329 1767 immunem
2376 1703 2583 1769 conati
2629 1704 2779 1768 estis
2820 1703 3222 1789 privilegium
3306 1731 3311 1739 ·

357 1807 699 1891 infringere
744 1808 1159 1892 antedictum,
1207 1809 1286 1875 ab
1334 1808 1696 1876 eorumdem
1741 1809 2101 1875 obedientia
2146 1814 2209 1875 et
2253 1808 2415 1891 aliie,
2461 1810 2529 1875 in
2576 1810 2799 1893 quibus
2844 1812 3001 1897 ipsis
3048 1816 3223 1877 tene-

359 1914 544 1997 mini,
601 1934 711 1980 vos
768 1915 1134 1983 subtrahere
1190 1917 1464 1983 indebite
1509 1915 1871 1999 satagendO,
1918 1917 1984 1981 in
2032 1936 2330 2007 magnum
2376 1915 2723 2003 Hospitalis
2769 1918 3037 2004 predicti
3078 1938 3224 2003 pre-

355 2021 656 2088 iudicium
703 2028 768 2089 et
809 2042 1166 2106 gravamen.
1261 2024 1441 2090 Unde
1485 2024 1807 2111 petierunt
1847 2023 2189 2107 instanter,
2248 2027 2321 2088 ut
2371 2022 2491 2089 sibi
2538 2044 2728 2110 super
2772 2024 2894 2091 hiis
2940 2024 3223 2091 exhiberi

354 2129 696 2213 iustitiam,
757 2130 822 2195 in
869 2149 992 2214 qua
1035 2135 1322 2196 tenemur
1367 2131 1662 2215 singuliS,
1708 2112 2077 2197 faceremus.
2148 2128 2445 2196 Volentes
2488 2130 2683 2214 igitur
2727 2132 3063 2215 unicuique
3108 2150 3226 2197 sua

353 2236 495 2302 iura
538 2237 777 2303 servari
821 2258 936 2322 per
981 2238 1323 2324 apostolica
1353 2238 1530 2305 vobis
1577 2240 1815 2326 scripta
1855 2236 2249 2320 mandamus»,
2297 2242 2603 2322 quatenus
2651 2258 2849 2323 usque
2882 2238 2961 2303 ad
2988 2237 3221 2306 festum

354 2343 763 2410 dedicationis
809 2342 978 2410 beati
1005 2343 1328 2411 Michaelis
1373 2346 1664 2432 proximo
1696 2350 2028 2412 venturum
2045 2394 2063 2427 ,
2112 2345 2278 2429 quod
2321 2363 2437 2431 pro
2484 2346 2905 2443 peremptorio
2952 2344 3220 2412 termino

353 2450 532 2518 vobis
574 2448 974 2538 prefigimus,
1027 2472 1142 2537 per
1185 2452 1614 2551 responsalem
1662 2451 2074 2519 sufficientem
2120 2456 2185 2518 et
2228 2452 2523 2518 idoneum
2568 2470 2779 2517 coram
2824 2450 3007 2518 nobis
3051 2472 3222 2518 com-

352 2577 600 2645 parere
634 2558 866 2625 curetis
912 2558 1183 2644 ,prefatis
1237 2560 1541 2643 magistro
1589 2564 1654 2625 et
1693 2558 1995 2625 fratribus
2050 2580 2238 2645 super
2281 2558 2612 2645 predictis,
2668 2558 3010 2625 secundum
3055 2559 3223 2645 quod

351 2666 590 2761 iustitie
646 2667 796 2733 ordo
853 2666 1212 2749 dictaverit,
1272 2667 1656 2753 responsuri.
1749 2667 1985 2733 Datum
2033 2664 2329 2733 Laterani
2385 2666 2431 2731 ii
2487 2665 2629 2731 idus
2685 2666 2959 2732 ianuarii
3015 2650 3225 2753 ponti-

351 2771 574 2841 ficatus
617 2774 820 2840 nostri
864 2794 1029 2841 anno
1071 2774 1260 2841 tertio
1307 2773 1568 2840 decim0.

565 2916 643 2965 Ex
678 2914 890 2967 bullario
941 2915 1172 2981 originali
1208 2914 1396 2966 archivi
1431 2913 1712 2965 Melitensis
1761 2931 1810 2965 n.
1841 2914 1907 2963 10
1952 2913 2112 2965 edidit
2146 2913 2475 2963 Sebastianus
2511 2913 2659 2964 Pauli
2694 2913 2746 2975 1,
2772 2912 2879 2965 272
2924 2883 2975 2965 n.
3002 2912 3053 2976 6,
3088 2914 3225 2965 unde

351 3004 554 3070 repetiit
588 3004 796 3055 Hennes
834 3004 859 3055 1
907 3004 956 3055 in
996 3004 1308 3071 praefatione
1345 3021 1396 3070 p.
1423 3003 1474 3054 5.
1537 3002 1646 3054 Nec
1684 3002 1955 3053 Coelestini
1991 3002 2041 3052 II
2086 3002 2257 3067 (1143
2294 3008 2423 3067 sept.
2450 3000 2520 3051 26
2548 3030 2608 3039 —
2642 3002 2781 3052 1144
2812 3002 2980 3053 martii
3017 3002 3081 3069 8)
3128 3020 3227 3055 nec

351 3092 599 3145 Hadriani
635 3093 707 3143 IV
745 3093 908 3158 (1154
943 3093 1111 3145 decbr.
1137 3094 1170 3144 5
1201 3124 1262 3131 —-
1295 3093 1430 3143 1159
1467 3101 1598 3157 sept.
1630 3093 1680 3157 l)
1718 3108 1808 3156 pro
1845 3090 2083 3156 hospitali
2120 3090 2336 3156 quodam
2366 3090 2787 3141 'theutonicorum
2823 3089 3106 3141 Acconensi
3141 3090 3221 3141 in-

351 3182 516 3234 notuit
547 3180 862 3248 privilegium
875 3200 892 3243 3
928 3182 1092 3247 ipsum
1113 3181 1216 3232 tale
1241 3180 1490 3247 hospitale
1513 3189 1632 3231 tune
1656 3179 1882 3231 extitisse
1908 3178 2111 3229 aliunde
2136 3178 2339 3246 probari
2362 3196 2461 3230 non
2486 3187 2670 3245 potest,
2706 3179 2779 3229 ita
2802 3187 2861 3230 ut
2884 3160 3105 3229 dubitari
3127 3175 3220 3230 de-

351 3272 487 3332 beat,
523 3288 643 3321 num
679 3270 774 3321 hoc
809 3270 874 3321 sit
909 3270 1196 3335 genuinum.
1249 3270 1430 3334 Neque
1465 3269 1598 3319 enim
1635 3276 1808 3318 carent
1843 3267 1969 3319 alias
2005 3267 2267 3333 hospitalis
2305 3286 2344 3319 s.
2370 3268 2607 3319 Iohannis
2644 3268 2857 3319 bullaria
2893 3267 3222 3333 supposititiis

351 3358 641 3426 privileg-iis,
667 3368 724 3410 ut
745 3358 840 3409 hoc
863 3367 979 3409 utar
1004 3358 1292 3423 (Caorsinus
1316 3358 1379 3408 D.
1397 3358 1447 3418 5,
1473 3357 1669 3407 Senner
1695 3356 1758 3407 G.
1770 3356 1842 3422 3),
1869 3356 2003 3421 quod
2027 3355 2259 3407 falsarius
2283 3356 2413 3407 male
2432 3355 2696 3407 historicus
2720 3372 2936 3421 magnae
2958 3354 3060 3406 litis
3080 3356 3217 3406 futu-

349 3465 456 3498 ram
493 3464 696 3499 causam
731 3448 976 3513 Gregorio
1002 3446 1124 3497 Vffl
1149 3444 1482 3515 („Religionis
1517 3446 1740 3511 vestre“)
1779 3446 2024 3510 ascripsit.
2082 3446 2345 3496 Caeterum
2380 3460 2444 3495 ne
2473 3443 2610 3494 1258
2647 3444 2848 3510 quidem
2884 3462 3017 3495 anno
3040 3444 3217 3510 hospi-

349 3536 464 3586 talis
491 3552 530 3587 s.
549 3536 786 3587 Iohannis
811 3536 1212 3601 praetensionem
1251 3534 1314 3585 de
1339 3534 1628 3585 obedientia
1651 3534 1716 3584 ab
1742 3532 1977 3599 hospitali
2004 3552 2044 3584 s.
2064 3533 2257 3585 Mariae
2286 3534 2381 3585 sibi
2404 3533 2577 3584 debita
2600 3532 2801 3584 omnino
2824 3532 2981 3584 fuisse
3006 3533 3221 3599 sopitam
3258 3588 3264 3597 ,

295 3692 304 3703 ι
350 3623 530 3675 edocet
565 3623 788 3689 diploma
822 3624 888 3675 de
915 3623 1052 3674 1268
1089 3632 1186 3674 oet.
1211 3624 1244 3674 9
1281 3640 1436 3688 supra
1470 3642 1522 3675 n.
1553 3622 1651 3674 116
1687 3639 1738 3687 p.
1770 3622 1886 3673 102.
1941 3621 2017 3673 Cf.
2056 3622 2207 3673 etiam
2242 3622 2489 3673 L'estoire
2526 3622 2592 3671 de
2626 3621 2834 3673 Eracles
2870 3638 3134 3690 emper-eur
3170 3630 3223 3673 et

348 3712 400 3763 la
435 3722 706 3778 conqueste
731 3713 795 3763 de
818 3712 869 3763 la
892 3722 1028 3764 terre
1051 3713 1370 3763 d’outremer.
1424 3711 1572 3763 XXV
1600 3730 1711 3778 cap.
1735 3712 1770 3763 3
1806 3712 1857 3763 in
1883 3712 2093 3763 Recueil
2118 3711 2209 3763 des
2232 3710 2501 3763 historiens
2526 3710 2617 3763 des
2642 3711 2895 3763 croisades
2918 3711 2987 3774 11,
3018 3711 3113 3762 141
3142 3728 3217 3777 sq.

353 3802 398 3852 1.
436 3802 571 3853 sedis
608 3800 880 3868 apostolice
905 3801 970 3851 11.

348 4013 447 4084 46
461 4012 528 4085 9.
573 4062 894 4081 ........
943 4018 1120 4103 apud
1179 4015 1402 4081 Urbem
1448 4015 1733 4081 Veterem.
1801 4014 2147 4103 Greyorius
2178 4016 2285 4083 IX
2330 4018 2572 4083 ordinis
2616 4015 2986 4082 Theutonici
3027 4016 3214 4082 libe-r-

567 4136 720 4190 cates
767 4136 822 4189 et
861 4124 1203 4211 pm'vileqia
1248 4123 1588 4205 confirmat.

569 4264 908 4348 Gregorius
952 4268 1287 4353 episcopus
1335 4284 1554 4331 servus
1601 4284 1926 4331 servorum
1974 4264 2075 4331 dei
2124 4263 2367 4329 dilectis
2414 4263 2560 4330 filiis
2608 4269 2723 4331 etc.
2972 4263 3129 4357 Cum
3176 4284 3216 4331 a

342 4371 525 4438 nobis
580 4374 848 4459 petitur,
907 4373 1074 4457 quod
1129 4374 1366 4439 iustum
1415 4378 1512 4441 est
1555 4376 1620 4439 et
1663 4372 2031 4458 honestum,
2077 4376 2209 4437 tam
2254 4370 2436 4454 vigor
2482 4371 2776 4456 equitatis
2822 4390 3011 4456 quam
3060 4372 3211 4437 ordo

345 4479 542 4564 exigit
593 4480 861 4546 racionis
875 4530 894 4564 ,
952 4485 1024 4546 ut
1066 4480 1134 4545 id
1190 4500 1306 4566 per
1351 4476 1838 4547 sollicitudinem
1897 4478 2088 4545 officii
2132 4479 2335 4544 nostri
2380 4477 2461 4544 ad
2508 4477 2785 4545 debitum
2833 4478 3215 4565 perducatur

343 4586 648 4653 effectum.
715 4584 1094 4672 Eapropter,
1141 4586 1354 4653 dilecti
1396 4588 1463 4652 in
1511 4586 1764 4653 domino
1808 4585 1944 4670 filii,
1994 4586 2219 4653 vestris
2250 4586 2435 4651 iustis
2466 4584 2999 4671 postulacionibus
3030 4589 3211 4668 grato

341 4698 780 4761 concurrentes
825 4712 1088 4759 assensu
1134 4713 1350 4760 omnes
1394 4693 1718 4761 libertates
1768 4700 1832 4760 et
1870 4694 2302 4783 immunitates
2333 4714 2373 4759 a
2402 4692 2947 4779 predecessoribus
2975 4692 3211 4759 nostris

341 4800 639 4867 Romanis
685 4798 1084 4886 pontificibus
1129 4801 1262 4867 sive
1307 4822 1422 4887 per
1469 4800 1800 4887 privilegia
1843 4800 1944 4867 vel
1992 4800 2151 4866 alias
2196 4800 2628 4884 indulgencias
2658 4792 2835 4868 vobis
2868 4800 2967 4867 vel
2996 4798 3211 4886 hospi-

341 4908 455 4975 tali
487 4914 707 4985 ¹vestro
755 4926 1081 4974 concessas
1126 4928 1371 4975 necnon
1415 4908 1738 4975 libertates
1785 4914 1850 4974 et
1901 4908 2343 4995 exempciones
2384 4908 2761 4975 secularium
2805 4908 3211 4975 exaccionum

341 5038 380 5083 a
423 5014 675 5100 regibus
722 5018 786 5082 et
811 5014 1220 5102 principibus
1252 5014 1354 5083 vel
1385 5014 1526 5082 aliis
1558 5014 1792 5083 Christi
1822 5014 2111 5083 fidelibus
2144 5015 2614 5085 racionabiliter
2644 5015 2823 5083 vobis
2854 5036 2965 5083 seu
2995 5015 3209 5102 hospi-

2662 5130 2783 5185 23*
