3892 5609
1093 424 1321 470 'ranna
1370 420 1650 471 sANcrA.
1723 424 2083 471 Animum.-
2128 424 2393 472 crpnns
2592 434 2595 439 ·
3140 415 3181 484 3

305 580 668 647 Bernardus
715 580 794 647 de
821 580 1134 667 Anegnia,
1180 580 1448 649 Michael
1495 582 1718 662 scriba.
1787 582 2023 649 Datum
2074 582 2351 669 Sydonie
2395 602 2510 671 per
2554 603 2809 649 manum
2860 582 3185 671 Stephani,

306 686 546 754 domini
599 686 846 755 Radulfi
901 688 1314 756 Bethleemite
1370 689 1652 777 episcopi
1706 691 1997 777 regisque
2058 691 2415 759 cancellarii
2481 690 2551 757 111
2610 690 2730 756 1166
2786 688 2989 756 officio
3049 690 3185 755 vice

303 795 647 880 fungentis,
695 804 758 859 v⁴³
802 795 930 861 kal.
973 794 1296 863 februarii.

517 936 560 1001 Ι,
600 934 634 988 6
669 954 721 988 n.
745 936 797 989 2.
981 937 1026 989 1.
1065 936 1117 988 in
1151 936 1379 1003 margine
1415 935 1515 989 alia
1549 954 1702 989 mann
1732 936 1782 987 ’Β
1825 943 2074 1003 „casti-um
2108 937 2297 1004 regis“.
2484 936 2535 989 2.
2572 938 2645 989 sic
2681 936 2872 988 correxi
2907 953 2999 1002 pro
3036 936 3089 988 iii
3124 936 3184 987 B.
3215 995 3226 1010 .

309 1290 379 1361 3.
439 1295 613 1360 1161
672 1294 822 1359 iulii
861 1294 947 1359 31
1002 1294 1344 1359 Nazareth.
1427 1295 1792 1360 Balduinas
1837 1293 1962 1359 III
2010 1294 2627 1381 Hierosolymitanus
2694 1316 2807 1359 rex
2876 1294 3186 1359 cambium

429 1400 610 1483 facit
652 1424 792 1467 cum
835 1402 1145 1487 Philippo
1188 1400 1617 1488 Neapolitano
1666 1404 1743 1467 de
1788 1402 2006 1467 Monte
2043 1402 2278 1487 Reyali
2319 1402 2588 1487 aliisque
2613 1401 2859 1486 feudis.

525 1541 766 1608 Notum
811 1542 898 1607 sit
939 1542 1230 1609 omnibus
1275 1547 1410 1608 tam
1454 1543 1684 1608 futuris
1732 1562 1922 1627 quam
1968 1543 2400 1629 presentibuS,
2462 1542 2627 1627 quod
2675 1562 2789 1627 ego
2834 1540 3185 1609 Balduinus

304 1669 419 1735 per
449 1650 721 1732 gratiam
754 1649 856 1715 dei
885 1651 954 1714 111
985 1653 1204 1717 sancta
1234 1645 1518 1715 civitate¹
1549 1648 1910 1715 Hirusalem
1939 1648 2313 1717 Latinorum
2342 1670 2457 1715 rex
2490 1655 2753 1735 quartus
2786 1650 3185 1715 concessione

305 1756 557 1823 domine
589 1755 932 1839 Theodore,
978 1756 1244 1835 illustris
1278 1755 1805 1822 Hirosolimorum
1837 1757 2074 1841 regine,
2121 1758 2339 1823 uxoris
2386 1757 2699 1843 siquidem
2735 1770 2897 1839 mee,
2940 1774 3185 1821 necnon

305 1867 371 1928 et
415 1882 678 1929 assensu
705 1863 1015 1929 Amalrici
1061 1862 1278 1928 fratris
1324 1864 1469 1946 mei,
1519 1864 1767 1929 comitis
1813 1862 2107 1929 videlicet
2136 1863 2593 1947 Ascalonitani‚
2643 1869 2707 1929 et
2752 1862 2992 1928 domini
3037 1858 3187 1927 Rai-

303 1969 527 2035 mundi
573 1968 951 2054 Tripolitani
1009 1971 1258 2036 comitis
1317 1976 1508 2057 atque
1569 1970 1766 2036 eciam
1827 1989 2126 2035 concessu
2182 1970 2435 2037 domine
2493 1970 2880 2052 Milisendis,
2948 1968 3183 2035 sororis

305 2076 590 2143 eiusdem
636 2076 904 2159 comitis,
951 2076 1162 2143 future
1209 2076 1906 2163 Constantinopolitano
1952 2077 2121 2143 sedis
2166 2077 2611 2161 imperatriciS,
2670 2081 2735 2143 et
2779 2074 3040 2142 consilio
3086 2075 3184 2140 in-
3238 2060 3255 2077 ⁰

303 2202 498 2270 super
531 2183 785 2250 domine
815 2182 1152 2269 Hodierno,
1203 2184 1418 2251 inclite
1464 2185 1688 2250 matris
1731 2183 1956 2269 ipsius,
1998 2182 2389 2269 Tripolitana
2436 2184 2679 2250 scilicet
2723 2182 3042 2249 comitisse
3087 2186 3184 2247 at-

305 2310 426 2375 que
473 2294 812 2356 matertere
857 2310 1016 2375 mee,
1065 2293 1470 2377 omniumque
1515 2290 1674 2356 mihi
1719 2290 2129 2356 attinencium
2176 2310 2441 2357 assensu
2488 2292 2650 2357 dono
2686 2289 2983 2375 Philippo
3018 2288 3184 2355 Nea»

301 2397 588 2482 politano
647 2402 712 2463 et
764 2396 1046 2463 eiusdem
1104 2397 1437 2465 heredibus
1491 2399 1560 2463 in
1604 2402 1985 2484 perpetuum
2028 2396 2309 2465 Mentem
2354 2397 2653 2481 Regalem
2700 2416 2846 2463 cum
2892 2396 3183 2462 omnibus

301 2503 712 2589 pertinenciis
759 2504 890 2569 suis
938 2509 1003 2570 et
1035 2524 1180 2570 cum
1225 2506 1398 2570 omni
1444 2510 1616 2571 terra
1660 2510 1724 2571 et
1769 2504 2005 2570 honore
2048 2504 2251 2590 ipsius
2299 2509 2364 2570 et
2392 2502 2594 2571 Crach
2632 2502 2962 2571 castellum
3009 2503 3183 2568 simi-

299 2610 450 2677 liter
504 2630 645 2676 cnm
709 2610 998 2676 omnibus
1057 2611 1414 2677 attinenciis
1473 2612 1605 2677 suis
1665 2616 1728 2677 et
1771 2609 2135 2677 Ahamanth
2194 2610 2388 2677 simili
2444 2611 2631 2677 modo
2692 2630 2835 2677 cum
2893 2609 3217 2675 omnibus

303 2716 696 2804 appendiciis
751 2718 884 2782 suis
942 2722 1007 2783 et
1061 2717 1389 2784 castellum
1448 2719 1649 2784 eciam
1692 2717 1892 2784 Vallis
1950 2716 2187 2803 Moysis
2248 2736 2393 2783 eum
2450 2721 2585 2783 tota
2642 2722 2815 2783 terra
2865 2716 3182 2800 Balduini,

301 2824 569 2906 Hulrici,
614 2824 998 2889 vicecomitis
1029 2824 1454 2910 Neapolitani,
1500 2824 1636 2909 filii,
1685 2846 1761 2891 ea
1791 2824 2033 2891 scilicet
2061 2824 2445 2907 integritate,
2494 2844 2619 2909 qua
2649 2825 2787 2911 ipse
2818 2823 2947 2889 iam
2978 2824 3183 2889 dictus

301 2930 600 2997 Hulricus
645 2934 823 2995 trans
867 2929 1130 2997 fluvium
1175 2930 1508 2998 Iordanem
1569 2952 1710 2999 eam
1764 2932 1832 2997 in
1879 2931 2015 2997 vita
2059 2950 2175 2997 sua
2219 2931 2425 2997 tenuit
2470 2935 2535 2997 et
2576 2930 2743 2996 filius
2788 2931 2990 3017 ipsius
3036 2929 3183 2996 Bal-

303 3039 534 3104 duinus
578 3043 726 3123 post
768 3038 1000 3123 ipsum.
1083 3038 1266 3104 Dono
1310 3039 1571 3123 insuper
1617 3038 1821 3105 eidem
1865 3037 2160 3125 Philippo
2220 3042 2283 3103 et
2334 3037 2541 3123 ipsius
2596 3036 2932 3104 heredibus
2987 3037 3182 3103 servi-

301 3146 470 3211 cium
515 3144 811 3210 Iohannis
859 3143 1202 3229 Gomanni,
1264 3147 1429 3229 quod
1476 3146 1770 3213 videlicet
1821 3166 1938 3231 pro
1984 3150 2159 3211 terra
2199 3144 2342 3229 illa,
2399 3164 2589 3229 quam
2638 3142 2805 3209 ultra
2848 3142 3180 3209 Iordanem

299 3253 440 3338 ipse
485 3251 794 3318 Iohannes
839 3252 1144 3337 possidet,
1196 3251 1390 3318 michi
1434 3252 1642 3319 facere
1687 3252 1975 3336 debebat,
2020 3253 2114 3317 ita
2159 3251 2489 3333 duntaxat,
2542 3250 2707 3335 quod
2752 3250 3036 3341 prefatus
3082 3250 3180 3317 Io-

299 3360 540 3425 hannes
586 3377 704 3445 pro
747 3364 938 3442 terra,
987 3379 1175 3443 quam
1221 3358 1391 3425 ultra
1419 3358 1752 3426 Iordanem
1795 3363 1989 3442 tenet,
2036 3358 2247 3443 michi,
2297 3358 2581 3444 predicto
2626 3356 2783 3440 regi,
2829 3356 3023 3423 faciat
3066 3357 3177 3422 ho-

298 3466 567 3532 minium
614 3470 682 3531 et
724 3465 976 3531 domino
1021 3464 1315 3552 Philippo
1361 3467 1716 3533 servicium.
1801 3465 1935 3532 Hec
1980 3466 2173 3548 igitur
2220 3464 2463 3548 omnia,
2525 3483 2647 3549 que
2704 3464 2995 3549 superius
3046 3484 3177 3530 me-

297 3576 548 3639 morata
605 3576 785 3656 sunt,
841 3570 1120 3639 Montem
1173 3572 1470 3657 Regalem
1529 3573 1771 3640 scilicet
1828 3578 1892 3639 et
1937 3572 2139 3639 Crach
2194 3576 2261 3639 et
2304 3571 2629 3637 Ahamant
2684 3590 2828 3636 cum
2886 3572 3177 3639 omnibus

299 3679 642 3747 eorundem
695 3678 1132 3765 pertinenciis,
1191 3680 1548 3765 ubicunque
1607 3681 1675 3746 in
1727 3680 1985 3762 longum
2034 3680 2169 3745 sive
2212 3678 2281 3744 in
2327 3677 2527 3745 latum
2585 3676 3078 3764 protenduntur,
3140 3699 3179 3743 a

297 3786 496 3852 Zerca
537 3806 737 3871 usque
784 3785 864 3852 ad
907 3784 1085 3852 Mare
1127 3784 1414 3851 Rubrum
1473 3791 1538 3852 et
1595 3806 1667 3853 eo
1722 3786 1920 3853 eciam
1970 3786 2274 3872 amplius,
2337 3786 2392 3851 si
2451 3785 2603 3870 quid
2659 3784 2889 3851 alicubi
2945 3805 3054 3849 seu
3108 3786 3177 3849 in

299 3892 513 3979 aliqua
557 3896 738 3979 parte
781 3893 860 3958 de
903 3892 1312 3978 pertinenciis
1341 3890 1578 3959 Montis
1608 3892 1860 3976 Regalis
1890 3892 2085 3958 fuisse
2117 3892 2503 3978 deprehendi
2533 3892 2599 3957 in
2630 3892 2913 3957 futurum
2943 3892 3179 3977 poterit

295 4000 400 4067 vel
441 4001 536 4066 in.
559 4000 840 4086 presenti
884 3999 1019 4065 fore
1065 4000 1482 4085 cognoscitur,
1531 4020 1606 4067 ea
1652 4000 1905 4085 quidem
1951 4000 2336 4083 integritate,
2385 4020 2509 4085 qua
2537 3997 2829 4081 Paganus
2873 3998 3179 4084 pincerna

295 4108 510 4191 regius
559 4108 623 4173 in
669 4106 804 4171 vita
849 4126 963 4171 sua
1009 4105 1126 4172 hec
1170 4108 1415 4193 omnia,
1475 4127 1596 4193 que
1654 4112 1991 4193 pretaxata
2044 4112 2222 4191 sunt,
2282 4106 2486 4173 tenuit
2538 4111 2602 4171 et
2654 4103 2903 4188 habuit,
2964 4110 3027 4171 et
3074 4124 3176 4171 ca-

295 4210 588 4281 stellum⁸
628 4214 828 4280 eciam
852 4212 1052 4279 Vallis
1084 4212 1322 4301 Moysis
1369 4218 1434 4281 et
1479 4233 1622 4280 cum
1667 4218 1804 4279 tota
1837 4219 2010 4280 terra
2038 4212 2353 4297 Balduini,
2402 4232 2592 4297 quam
2636 4217 2815 4277 trans
2846 4210 3177 4289 Iordanem

295 4320 590 4406 habebat,
649 4339 835 4405 quam
885 4340 998 4403 ego
1045 4340 1160 4386 rex
1204 4322 1488 4407 prefatus
1535 4342 1652 4408 per
1696 4321 2133 4394 concambium
2180 4340 2219 4385 a
2261 4317 2573 4386 Balduino
2620 4319 2886 4405 optinui,
2933 4338 3177 4385 necnon

297 4435 361 4495 et
405 4448 550 4496 cum
597 4427 886 4493 omnibus
919 4425 1169 4493 villanis
1202 4425 1490 4494 Surianis
1537 4428 1671 4493 sive
1705 4425 2091 4512 SarraceniS,
2137 4426 2494 4512 ubicunque
2540 4426 2671 4491 sint
2713 4426 2802 4491 cis
2845 4425 3173 4492 Iordanem

293 4534 396 4600 vel
454 4528 670 4618 citra⁸,
730 4534 1008 4619 exceptis
1065 4538 1277 4599 tamen
1333 4533 1461 4599 illis
1507 4533 1792 4617 villanis,
1853 4555 2011 4620 quos
2055 4532 2436 4618 BalduinuS,
2492 4532 2738 4599 Hulrici
2789 4531 3176 4599 vicecomitis

289 4640 485 4724 filine,
527 4641 598 4707 in
646 4645 818 4707 terra
861 4660 978 4706 sua
1024 4640 1100 4705 ad
1145 4640 1358 4723 ignem
1407 4647 1471 4708 et
1511 4641 1593 4707 ad
1635 4638 1886 4710 focum.⁴
1925 4640 2299 4727 hospitatOS,
2346 4639 2583 4705 locatos
2630 4644 2694 4705 et
2738 4643 3064 4705 manentes
3108 4639 3177 4703 in

293 4748 397 4813 die
438 4747 581 4831 illa,
645 4768 771 4832 qua
812 4748 984 4814 inter
1029 4768 1130 4813 me
1174 4745 1557 4813 Balduinum
1604 4753 2022 4813 memoratum
2068 4767 2282 4830 regem
2332 4750 2396 4813 et
2440 4746 2763 4812 dominum
2808 4744 3176 4831 Philippum

289 4852 780 4941 Neapolitanum
825 4852 1258 4921 concambium
1304 4854 1479 4920 istud
1524 4859 1813 4920 mutuum
1857 4853 2095 4920 factum
2138 4854 2277 4938 fuit,
2324 4852 2617 4939 habebat,
2668 4852 2789 4918 sibi
2835 4853 2900 4918 in
2946 4871 3175 4942 perpe-7

289 4967 471 5027 tuum
525 4961 823 5047 retinuit,
881 4966 946 5028 et
993 4980 1132 5027 cum
1181 4961 1478 5029 Iohannis
1525 4959 1839 5028 Gomanni
1885 4960 2016 5026 iam
2064 4960 2214 5028 dicti
2272 4960 2537 5027 servicio
2598 4965 2663 5026 et
2718 4979 2859 5025 cum
2912 4956 3174 5043 reliquis

291 5068 434 5135 aliis
479 5068 792 5153 omnibuS,
839 5068 894 5135 si
939 5089 1066 5155 qua
1111 5074 1278 5155 sunt,
1327 5086 1448 5155 que
1493 5067 1762 5136 dicenda
1807 5072 2075 5153 restant,
2122 5067 2376 5135 domino
2416 5065 2713 5153 Philippo
2758 5065 2889 5133 iam
2935 5065 3174 5133 tociens

2669 5178 2747 5234 14&
