3892 5609
556 310 676 378 14.
1335 318 1564 366 TERRA
1610 316 1892 365 sanem.
1964 317 2295 365 anm-snm.
2368 317 2634 365 ornans

545 479 677 545 suis
722 477 908 547 cultis
954 483 1018 544 et
1060 477 1314 545 incultis
1328 527 1347 562 ,
1409 496 1552 543 cum
1600 450 1889 543 om'nibus
1935 476 2190 543 villanis
2237 481 2411 547 terre.
2462 484 2527 543 et
2571 496 2716 543 cum
2762 476 3051 543 omnibus
3096 478 3422 563 pertinen-

543 585 660 651 ciis
707 590 770 653 et
815 585 1228 652 divisionibus
1275 584 1426 667 suiS,
1475 585 1639 651 sicut
1680 583 1876 651 libere
1909 589 1972 652 et
2002 585 2212 670 quiete
2256 584 2415 649 illud
2460 584 2711 670 possedi
2760 588 2824 651 et
2854 604 2930 651 ea
2960 584 3083 668 die,
3132 604 3259 669 qua
3300 584 3421 651 tibi

542 691 701 758 illud
747 698 812 759 et
855 691 1190 760 heredibus
1235 692 1362 759 tuis
1407 692 1547 759 iure
1593 692 1974 759 hereditario
2021 691 2473 778 possidendum
2517 690 2778 775 donavi,
2826 690 3261 777 possidebam,
3308 712 3419 759 ex-

544 804 726 887 cepto
773 799 1000 884 casali,
1058 798 1226 884 quod
1271 799 1501 866 dicitur
1547 800 1775 884 Iazun,
1835 800 2004 885 quod
2060 819 2203 865 cum
2262 797 2565 867 omnibus,
2609 798 3015 885 pertinenciis
3078 800 3209 865 suis
3260 798 3420 864 mihi

542 906 803 973 retineo.
873 905 1055 973 Dono
1099 911 1393 993 preterea
1435 906 1553 973 tibi
1601 912 1665 972 et
1708 907 2043 974 heredibus
2088 907 2217 973 tuis
2265 906 2639 992 quingentos
2670 905 2983 972 bisancios
3031 906 3112 972 ad
3155 906 3419 971 fundam

542 1012 766 1080 Achon
814 1017 879 1081 et
924 1014 1298 1099 quingentos
1345 1014 1426 1078 ad
1469 1012 1734 1080 fundam
1765 1013 1916 1101 Tyri
1962 1014 2289 1080 annuatim
2332 1032 2447 1099 per
2492 1019 2821 1080 consuetos
2866 1013 3059 1079 funde
3086 1012 3311 1079 Achon
3356 1018 3423 1079 et

543 1120 736 1187 funde
766 1120 918 1207 Tyri
962 1120 1267 1186 terminos
1314 1120 1708 1206 recipiendos
1749 1128 1812 1188 et
1840 1122 1978 1188 iure
2008 1120 2387 1187 hereditario
2433 1119 2864 1206 possidendos.
2936 1119 3118 1186 Dono
3148 1118 3417 1187 nichilo-

541 1228 753 1293 minus
799 1227 919 1294 tibi
963 1232 1028 1293 et
1071 1226 1405 1294 heredibus
1440 1228 1566 1294 tuis
1599 1228 1873 1314 feodum,
1922 1230 2030 1316 qui
2075 1227 2197 1295 fuit
2228 1227 2523 1294 Iohannis
2556 1226 2832 1310 Banerii,
2880 1232 3131 1293 centum
3178 1226 3421 1293 scilicet

541 1333 854 1401 bisancios
913 1334 996 1401 ad
1039 1334 1301 1400 fundam
1344 1334 1524 1401 Acon
1581 1341 1647 1402 et
1702 1344 1971 1422 quatuor
2029 1339 2389 1402 carrucatas
2447 1338 2613 1400 terre
2669 1334 2737 1399 in
2783 1333 3101 1401 territorio
3149 1335 3227 1402 de
3274 1334 3417 1401 Cai-

543 1446 752 1523 mont3
813 1461 996 1526 quem
1043 1441 1295 1507 feodum
1342 1447 1414 1508 tu
1459 1441 1710 1508 donasti
1755 1441 2061 1509 Garnerio
2106 1442 2347 1507 homini
2399 1446 2508 1508 tuo
2556 1439 2928 1527 parisiensi,
2988 1443 3097 1528 qui
3147 1442 3419 1529 predicti

541 1547 839 1615 Iohannis
869 1546 1125 1615 Banerii
1154 1547 1349 1615 filiam
1383 1548 1568 1615 duxit
1599 1570 1883 1635 uxorem,
1933 1549 2049 1617 sub
2085 1550 2271 1615 unius
2304 1549 2635 1615 servientis
2683 1550 2949 1617 servicio
2994 1569 3137 1616 cum
3172 1550 3414 1616 duabus

544 1655 936 1740 equitaturis.
1008 1654 1142 1722 Hec
1173 1660 1382 1722 autem
1416 1656 1629 1721 omnia
1659 1656 1776 1723 tibi
1819 1662 1886 1725 et
1914 1656 2250 1723 heredibus
2280 1657 2408 1722 tuis
2440 1656 2578 1723 iure
2608 1655 2989 1723 hereditario
3034 1657 3419 1744 possidenda

543 1762 771 1828 donavi
816 1782 933 1849 pro
978 1764 1467 1830 commutatione
1512 1764 1703 1830 castri
1751 1765 1953 1831 sancti
2000 1763 2220 1849 Helye,
2269 1763 2437 1849 quod
2482 1783 2621 1829 cum
2671 1763 2961 1830 omnibus
3006 1764 3415 1850 pertinenciis

543 1868 676 1935 suis
720 1868 840 1935 tibi
882 1876 1188 1955 perpetuo
1235 1870 1684 1957 possidendum
1719 1878 1906 1939 antea
1937 1871 2342 1955 donaveram,
2391 1876 2457 1937 et
2498 1891 2613 1956 pro
2646 1872 3135 1937 commutatione
3165 1870 3415 1937 Lubani

545 1980 610 2041 et
638 1974 961 2059 Carrubie,
1010 1996 1130 2061 que
1175 1996 1317 2043 cum
1365 1977 1656 2045 omnibus
1702 1979 2111 2064 pertinenciis
2160 1979 2291 2045 suis
2339 1983 2403 2044 et
2436 1997 2575 2043 cum
2608 1978 2909 2064 hominio,
2958 1977 3123 2063 quod
3166 1978 3289 2043 fuit
3317 1977 3416 2043 Io-

543 2080 769 2149 hannis
816 2081 894 2148 de
937 2080 1278 2167 LumbreS,
1323 2089 1471 2171 post
1513 2090 1782 2152 mortem
1831 2086 2083 2152 domine
2127 2084 2356 2168 Marie,
2404 2084 2909 2165 lerosolimorum
2957 2085 3273 2170 quondam
3316 2105 3415 2151 re·

541 2188 706 2274 gine,
755 2189 836 2255 ad
882 2194 946 2256 te
991 2191 1223 2257 reverti
1269 2190 1600 2258 debebant.
1672 2192 1855 2259 Dono
1903 2192 2101 2259 eciam
2134 2192 2251 2258 tibi
2281 2198 2347 2257 et
2373 2191 2707 2258 heredibus
2736 2192 2864 2257 tuis
2894 2191 3223 2259 Maronum
3271 2212 3415 2258 cum

541 2295 834 2363 omnibus
878 2298 1288 2384 pertinenciis
1335 2300 1466 2367 suis
1511 2304 1644 2365 tam
1688 2300 1758 2365 in
1803 2300 2099 2367 dominiis
2145 2319 2337 2386 quam
2386 2298 2453 2364 in
2497 2297 2699 2365 feodis
2746 2304 2811 2365 et
2852 2298 3200 2365 hominium
3246 2298 3418 2365 Gau-

540 2403 703 2469 fredi
728 2403 924 2491 Torti,
959 2405 1306 2472 hominium
1341 2407 1542 2474 eciam
1571 2408 1775 2473 sancti
1805 2405 2061 2490 Georgii
2090 2411 2155 2473 et
2182 2406 2384 2474 tocius
2414 2411 2581 2472 terre
2610 2405 2983 2492 pertinentis
3017 2406 3095 2472 ad
3126 2411 3415 2473 sanctum

545 2508 907 2595 Georgium.
979 2511 1118 2579 Tali
1149 2512 1459 2599 siquidem
1489 2514 1844 2581 conditione
1874 2514 1993 2581 hec
2022 2514 2255 2598 omnia,
2302 2514 2466 2580 sicut
2508 2513 2863 2599 prescripta
2907 2518 3074 2597 sunt,
3120 2514 3236 2580 tibi
3268 2533 3413 2580 con-

545 2618 728 2703 cessi,
782 2617 948 2704 quod
993 2640 1108 2705 pro
1156 2620 1338 2687 dictis
1385 2622 1676 2689 omnibus
1722 2621 1879 2687 mihi
1924 2625 1989 2688 et
2031 2621 2365 2687 heredibus
2411 2620 2569 2686 meis
2613 2623 2685 2686 tu
2732 2625 2797 2687 et
2838 2620 3099 2687 heredes
3144 2621 3237 2687 tui
3282 2642 3415 2687 ser-

545 2724 777 2791 vicium
823 2746 933 2792 sex
979 2727 1254 2793 militum
1299 2728 1578 2815 exceptis
1623 2728 1890 2796 feodatis
1950 2732 2258 2816 perpetuo
2304 2728 2570 2794 faciatis
2651 2726 2737 2793 Ut
2780 2728 2975 2811 igitur
3018 2727 3135 2796 hec
3180 2730 3413 2813 omnia,

545 2831 709 2898 sicut
752 2832 1042 2918 superius
1089 2840 1385 2901 enarrata
1429 2841 1597 2920 sunt,
1646 2841 1716 2901 tu
1748 2840 1812 2901 et
1839 2834 2103 2901 heredes
2148 2834 2243 2901 tui
2286 2834 2483 2900 libere
2529 2839 2593 2899 et
2628 2834 2837 2919 quiete
2883 2837 3149 2901 teneatis
3196 2842 3259 2902 et
3304 2836 3415 2901 ha·-

545 2936 747 3004 beatis
791 2939 858 3005 in
902 2946 1279 3027 perpetuum
1339 2948 1403 3008 et
1458 2947 1530 3008 ut
1589 2942 1771 3007 huius
1829 2941 2185 3008 donationis
2241 2946 2306 3007 et
2348 2940 2768 3008 concessionis
2814 2962 2953 3007 mee
2999 2943 3232 3029 pagina
3274 2948 3417 3008 rata

545 3045 663 3113 tibi
718 3051 784 3112 et
836 3046 1171 3115 heredibus
1217 3049 1344 3115 tuis
1390 3054 1681 3115 teneatur
1724 3050 1792 3115 in
1840 3053 2126 3115 eternum
2185 3053 2249 3114 et
2305 3046 2711 3131 indissoluta,
2767 3054 3128 3134 presentem
3173 3054 3411 3115 cartam

543 3151 812 3219 testibus
858 3153 1229 3241 subscriptis
1277 3160 1342 3222 et
1384 3155 1590 3239 sigillo
1637 3176 1776 3222 meo
1824 3155 2057 3222 muniri
2104 3160 2168 3221 et
2214 3155 2605 3222 corroborari
2650 3156 2924 3241 precepi.
3006 3155 3269 3222 Factum
3318 3160 3417 3221 est

543 3259 664 3326 hoc
707 3280 873 3327 anno
920 3260 998 3326 ab
1043 3262 1476 3329 incarnatione
1522 3263 1762 3330 domini
1805 3275 1898 3331 m⁰
1929 3274 1990 3330 c⁰
2019 3261 2203 3329 lxxx⁰
2232 3258 2335 3328 ii⁰¹
2378 3262 2720 3329 indictione
2749 3272 2858 3329 xv·
2904 3264 3305 3329 concessione
3352 3266 3416 3329 et

545 3386 804 3433 assensu
851 3364 1156 3433 Guidonis
1211 3368 1437 3456 Ioppes
1497 3375 1561 3443 et
1603 3370 1938 3438 Ascalonis
1996 3370 2241 3437 comitis
2300 3374 2363 3435 et
2422 3367 2641 3435 Sibille
2700 3369 2934 3435 sororis
2992 3390 3131 3435 mee
3189 3389 3413 3435 eorun-

545 3471 728 3541 dem'
775 3474 1112 3541 comitisse.
1192 3475 1398 3543 Huius
1443 3478 1536 3543 rei
1591 3484 1784 3545 testes
1843 3483 1992 3545 sunt
2046 3479 2341 3565 princeps
2386 3475 2729 3543 Reinaldus
2776 3476 3009 3543 Montis
3053 3476 3305 3559 Regalis
3352 3482 3416 3541 et

541 3578 815 3647 Ebronis
860 3580 1183 3665 dominus3
1230 3583 1547 3650 Renaldus
1589 3583 1858 3672 Sydonis
1907 3585 2225 3665 dominus;
2272 3584 2619 3651 Balduinus
2656 3583 3055 3650 Ramatensis
3102 3583 3411 3668 dominuS,

541 3680 864 3783 Balianus-
882 3688 1080 3756 frater
1121 3690 1284 3773 eius;
1329 3691 1688 3759 Aimericus
1734 3692 2267 3775 constabularius;
2316 3689 2656 3758 Gaufridus
2688 3690 2937 3775 TortuS,
2983 3690 3135 3757 Milo
3179 3690 3256 3757 de
3294 3690 3413 3757 Co-

541 3792 888 3863 lovardino.
967 3794 1138 3863 Data
1188 3796 1366 3863 Acon
1426 3819 1541 3884 per
1595 3820 1854 3867 manum
1899 3798 2201 3867 Willelmi
2247 3798 2544 3885 Tyrensis
2606 3799 3063 3885 archiepiscopi
3122 3800 3414 3883 regisque

541 3902 900 3969 cancellarii
941 3903 1057 3971 viii
1100 3903 1227 3970 kal.
1270 3906 1513 3973 marcii.
1641 3890 1650 3897 ’

752 4042 797 4107 1,
832 4042 924 4096 ev.
960 4061 1012 4096 n.
1037 4045 1088 4097 4.
1342 4048 1388 4098 1.
1424 4058 1499 4099 m⁰
1523 4058 1576 4098 σο
1599 4046 1708 4099 111⁰
1731 4045 1792 4098 iio
1814 4045 1859 4098 B
1871 4064 1887 4108 3
1925 4046 1989 4098 cf.
2018 4063 2069 4113 p.
2096 4046 2147 4097 9.
2212 4046 2322 4098 Nec
2357 4046 2635 4098 Aimericus
2684 4055 2803 4098 ante
2843 4044 2979 4099 1179
3016 4046 3413 4099 constabularius
3484 4044 3511 4057 ³

540 4130 653 4184 fuit.
831 4130 881 4184 2.
917 4132 979 4185 Β.

550 4398 669 4468 15.
717 4401 894 4467 1182
947 4400 1139 4487 april.
1187 4400 1288 4467 27
1347 4400 1708 4467 Ierusalem.
1801 4401 2167 4467 Balduinus
2208 4402 2255 4468 I
2258 4403 2320 4469 V
2376 4402 2973 4489 Hierosolymitanis
3037 4426 3153 4495 rem
3220 4408 3415 4470 donat

633 4566 640 4573 .
724 4506 1061 4576 Guilielmo
1115 4506 1388 4593 Pyrenei
1439 4510 1928 4596 archiepiscopis
1985 4511 2291 4576 decimam
2360 4513 2639 4575 omnium
2702 4513 3032 4576 mertiorum
3100 4513 3179 4577 de
3244 4525 3413 4577 terra

726 4614 987 4682 Torani.

760 4755 834 4822 In
877 4756 1131 4822 nomine
1177 4760 1391 4823 sancte
1437 4760 1503 4822 et
1529 4756 1853 4823 individue
1884 4757 2213 4841 trinitatis,
2259 4756 2463 4843 patris
2508 4762 2571 4823 et
2605 4756 2721 4824 filii
2768 4762 2833 4825 et
2876 4758 3139 4844 spiritus
3184 4760 3408 4826 sancti.

538 4862 766 4930 Amen.
833 4861 1070 4929 Notum
1113 4863 1199 4929 sit
1227 4861 1516 4929 omnibus
1553 4868 1686 4930 tam
1721 4863 1953 4931 futuris
2001 4884 2191 4951 quam
2235 4864 2655 4951 presentibuS,
2705 4865 2871 4950 quod
2918 4886 3033 4949 ego
3062 4864 3413 4933 Balduinus

537 4990 656 5058 per
678 4970 803 5037 —dei
858 4971 1135 5054 graciam
1191 4970 1259 5036 in
1317 4975 1538 5038 sancta
1581 4970 1836 5039 civitate
1881 4970 2219 5040 Ierusalem
2267 4969 2641 5039 Latinorum
2685 4993 2802 5041 rex
2852 4979 3070 5061 sertus
3128 4973 3293 5040 dono
3350 4978 3415 5040 et
