3892 5609
714 400 866 472 458
1685 407 2103 457 Ponnrrcuu
2145 406 2587 456 somnontm

713 571 853 638 aliis
922 570 1412 656 quibuscumque
1477 568 1696 654 gratiis
1763 574 1828 636 et
1895 567 2395 636 concessionibus
2466 566 2785 653 quibusvis
2844 565 3365 655 archiepiscopis,
3422 568 3565 654 epi-

713 678 951 765 scopis,
999 676 1212 744 electis
1258 682 1322 742 et
1367 676 1977 744 administratoribus
2022 672 2375 741 huiusmodi
2420 695 2532 741 seu
2576 694 2788 742 eorum
2834 673 3109 742 ecclesiis
3138 673 3565 740 communiter

711 785 811 854 vel
871 785 1119 850 divisim
1179 783 1625 867 cardinalibus,
1693 781 2135 869 hospitalibus,
2202 783 2486 868 personis
2544 788 2609 849 et
2660 782 2840 849 bonis
2894 780 3157 869 prefatis
3221 781 3567 848 dumtaxat

711 893 988 978 exceptis
1033 912 1148 978 per
1191 890 1408 959 sedem
1468 889 1874 977 apostolicam
1935 894 2045 956 aut
2100 889 2253 955 alias
2310 889 2713 975 quovismodo
2766 889 3105 972 concessis,
3160 888 3423 956 eciamsi
3478 888 3563 955 de

709 998 836 1065 illis
882 1017 1218 1083 eorumque
1260 986 1392 1064 toto
1436 1002 1652 1064 tenore
1696 997 1774 1063 dc
1817 995 2007 1064 verbo
2054 996 2132 1062 ad
2177 996 2437 1063 verbum
2481 997 2547 1062 in
2590 996 2776 1062 dictis
2816 995 3044 1064 litteris
3071 994 3363 1062 habenda
3388 995 3563 1062 foret

709 1107 942 1172 mentio
988 1105 1306 1193 specialis,
1366 1124 1486 1189 que
1529 1104 1685 1191 ipsis
1731 1104 1935 1190 quoad
1980 1104 2097 1170 hoc
2138 1103 2426 1170 nolumus
2470 1104 2538 1169 in
2583 1103 2790 1189 aliquo
2836 1101 3195 1187 suffragari,
3251 1107 3445 1189 prout
3488 1103 3561 1168 in

709 1213 864 1299 ipsis
907 1212 1136 1280 litteris
1181 1210 1427 1299 plenius
1473 1212 1844 1278 continetur.
1926 1209 2086 1277 Cum
2132 1215 2336 1276 autem
2351 1259 2370 1294 ,
2428 1211 2590 1277 sicut
2632 1209 2909 1278 exhibita
2952 1210 3131 1277 nobis
3183 1229 3390 1296 nuper
3434 1229 3559 1296 pro

709 1325 888 1405 parte
919 1319 1283 1387 dilectorum
1327 1319 1597 1385 filiorum
1641 1319 1928 1402 magistri
1960 1323 2023 1384 et
2050 1317 2313 1384 fratrum
2346 1316 2497 1383 dicti
2526 1317 2851 1404 hospitalis
2882 1317 3061 1385 beate
3088 1315 3288 1383 Marie
3315 1316 3561 1403 peticio

708 1426 1085 1511 continebat,
1125 1424 1273 1493 licet
1301 1426 1367 1492 in
1394 1424 1620 1492 litteris
1650 1426 1829 1512 ipsis,
1873 1444 1993 1510 que
2022 1423 2297 1508 generali
2328 1422 2798 1491 constanciensi
2826 1425 3077 1510 vigente
3104 1421 3369 1490 concilio
3400 1443 3557 1489 con-

709 1552 880 1600 cesse
924 1534 1196 1617 fuerunt,
1243 1533 1519 1600 eiusdem
1563 1530 1891 1619 hospitalis
1935 1531 2118 1598 beate
2146 1529 2342 1597 Marie
2369 1551 2635 1617 persone
2676 1532 2839 1599 bona
2875 1531 3279 1616 redditusque
3306 1536 3372 1597 et
3402 1551 3557 1618 pro-

708 1645 928 1707 ventus
975 1645 1234 1726 excepta
1275 1641 1528 1724 fuerint,
1573 1645 1645 1705 ut
1687 1639 2019 1726 prefertur,
2067 1657 2145 1705 an
2190 1645 2399 1705 tamen
2430 1638 2687 1706 ecclesie
2717 1643 2779 1706 et
2809 1639 2933 1705 alia
2958 1639 3097 1706 loca
3126 1639 3559 1707 ecclesiastica

706 1747 830 1835 ipsi
872 1747 1167 1834 hospitali
1211 1748 1391 1814 beate
1434 1746 1633 1813 Marie
1677 1746 1973 1812 canonice
2018 1744 2425 1832 appropriata
2466 1745 2599 1813 sive
2642 1745 2838 1829 unita,
2885 1744 2963 1812 ab
3006 1745 3117 1812 illo
3146 1767 3395 1833 quoque
3440 1747 3557 1814 de-

708 1854 1055 1941 pendencia
1099 1860 1162 1921 et
1205 1855 1262 1920 ei
1293 1854 1572 1920 subiecta
1601 1853 1716 1921 sub
1746 1852 2031 1939 predicta
2060 1853 2425 1937 exceptione
2453 1852 2895 1940 comprehendi
2922 1857 2987 1920 et
3016 1873 3133 1941 per
3158 1873 3555 1940 consequms

707 1961 785 2028 ab
829 1961 1183 2028 huiusmodi
1227 1961 1541 2028 solucione
1587 1961 1824 2027 decime
1867 1959 2068 2027 libera
2110 1965 2173 2026 et
2217 1965 2511 2046 exempta
2550 1961 2789 2027 censeri
2818 1959 3088 2028 debeant
3124 1961 3203 2028 ab
3232 1961 3555 2047 aliquibus

705 2067 1042 2151 hesitetur3
1093 2089 1210 2136 nos
1253 2069 1466 2154 itaque
1507 2069 1575 2133 in
1617 2067 1844 2136 litteris
1891 2066 2148 2150 eisdem,
2196 2066 2359 2150 quod
2403 2069 2719 2134 concessio
2766 2068 2905 2154 ipsa
2946 2069 3305 2135 huiusmodi
3350 2069 3553 2136 eecle-

706 2177 834 2242 sias
891 2181 954 2242 et
1011 2176 1134 2242 alia
1188 2175 1326 2242 loca
1377 2173 1694 2241 includere
1751 2173 2003 2258 debeat,
2070 2174 2329 2240 minime
2394 2174 2697 2240 contineri
2766 2177 3061 2242 attentius
3126 2181 3551 2262 recensentes,

706 2283 1040 2350 eorundem
1089 2301 1334 2369 quoque
1377 2281 1664 2365 magistri
1709 2287 1773 2348 et
1813 2281 2101 2365 fratrum,
2148 2283 2253 2366 qui
2300 2280 2607 2348 secularia
2650 2281 3027 2364 abnegantes
3070 2281 3387 2351 desideria
3428 2305 3551 2372 pro

703 2388 850 2457 fidei
891 2389 1164 2456 tuicione
1209 2389 1550 2456 orthodoxe
1593 2389 1959 2472 sanguinem
2006 2388 2329 2474 proprium
2376 2409 2687 2475 exponere
2730 2409 2857 2454 non
2897 2389 3273 2475 formidant,
3325 2393 3553 2474 gravia

705 2517 950 2583 quoque
995 2504 1328 2584 propterea
1373 2495 1586 2562 dietim
1633 2496 1878 2562 labores
1923 2495 2247 2583 perferunt
2291 2500 2356 2563 et
2398 2515 2590 2563 onera
2632 2497 2825 2563 statui
2878 2501 2941 2564 et
2982 2497 3549 2585 indempnitatibus

703 2605 770 2670 in
813 2604 1137 2691 premissis
1183 2607 1486 2690 oportune
1529 2603 1860 2690 providere
1903 2597 2183 2669 volentes
2229 2603 2308 2670 ad
2352 2621 2535 2670 omne
2580 2623 2770 2691 super
2811 2603 2933 2670 hiis
2963 2604 3391 2688 ambiguitatis
3420 2605 3547 2671 tol-

702 2709 956 2778 lendum
1000 2710 1255 2777 dubium
1303 2709 1594 2776 eeclesias
1641 2716 1704 2776 et
1730 2709 1868 2777 loca
1896 2710 2251 2776 huiusmodi
2281 2709 2653 2797 ubicumque
2680 2710 2805 2777 sita
2830 2710 3205 2797 illorumque
3238 2731 3545 2798 personas

704 2837 844 2885 eum
891 2817 1176 2884 omnibus
1221 2817 1406 2883 rebus
1452 2821 1515 2884 et
1557 2817 1738 2884 bonis
1781 2837 2022 2884 necnon
2066 2817 2306 2908 iuribus
2350 2823 2415 2884 et
2455 2819 2857 2904 pertinenciis
2900 2817 3260 2903 eorundem,
3302 2819 3372 2884 in
3402 2821 3545 2904 qui-

703 2925 1082 3010 buscumque
1125 2923 1472 2990 consistant
1517 2928 1580 2989 et
1635 2924 2065 3009 undecumque
2120 2924 2521 3012 proveniant,
2582 2925 2695 2992 sub
2752 2925 3109 2992 huiusmodi
3164 2927 3545 3014 excepcione

702 3031 1142 3118 comprehendi
1187 3030 1504 3114 debuisse,
1561 3035 1748 3116 atque
1801 3031 2027 3099 debere
2072 3037 2135 3098 et
2176 3031 2256 3098 ad
2300 3031 2661 3098 solvendum
2720 3033 2854 3098 sive
2908 3033 3315 3119 prestandum
3358 3035 3546 3118 quid-

703 3158 890 3224 quam
935 3139 1185 3205 racione
1229 3138 1655 3225 imposicionis
1701 3157 1775 3204 ac
1816 3138 2170 3207 litterarum
2213 3138 2566 3205 huiusmodi
2610 3139 2870 3206 minime
2926 3143 3122 3208 teneri
3174 3161 3295 3208 nec
3342 3142 3429 3208 ad
3470 3142 3543 3208 id

703 3243 972 3329 aliquem
1019 3265 1096 3312 ex
1143 3244 1324 3313 dictis
1369 3245 1671 3329 magistro
1717 3251 1782 3313 et
1821 3246 2121 3314 fratribus
2166 3251 2231 3313 et
2272 3245 2555 3333 personis
2602 3246 2801 3313 eciam
2843 3249 3095 3315 racione
3132 3246 3541 3316 ecclesiarum

701 3356 766 3418 et
805 3351 1084 3418 locorum
1131 3352 1550 3438 predictorum
1598 3354 1732 3419 sive
1777 3353 2037 3420 alicuius
2082 3353 2415 3420 eorundem
2462 3373 2503 3420 a
2546 3373 2857 3440 quoquam
2902 3355 3122 3440 quavis
3165 3357 3543 3424 auctoritate

699 3457 990 3544 compelli
1033 3477 1238 3545 posse,
1285 3477 1498 3525 omnes
1543 3465 1830 3546 preterea
1871 3479 2197 3547 processus
2224 3479 2466 3528 necnon
2496 3462 3231 3548 excommunicacionum,
3276 3483 3541 3550 suspen-

700 3564 945 3631 sionum
993 3570 1056 3631 et
1100 3565 1416 3632 interdicti
1461 3567 1822 3650 sententias,
1867 3585 2163 3634 censuras
2192 3567 2640 3634 ecclesiasticas
2672 3573 2858 3653 atque
2886 3589 3101 3655 penas,
3132 3588 3289 3655 quos
3318 3570 3537 3638 haberi

699 3670 798 3737 vel
843 3670 1230 3757 promulgari
1274 3692 1513 3740 necnon
1561 3678 1760 3740 totum
1803 3674 1870 3740 id
1916 3680 1981 3742 et
2010 3674 2301 3759 quicquid
2330 3672 2467 3740 fieri
2506 3676 2837 3759 contigerit
2862 3682 3153 3762 pretextu
3180 3676 3535 3744 litterarum

701 3778 1036 3844 earundem
1081 3785 1301 3846 contra
1341 3781 1731 3864 magistrum,
1776 3781 2027 3866 fratres,
2073 3799 2394 3868 personas,
2440 3781 2731 3849 eeclesias
2760 3788 2825 3849 et
2852 3783 2991 3849 loca
3018 3783 3373 3851 huiusmodi
3400 3787 3537 3852 sive

701 3883 953 3951 illorum
999 3885 1252 3970 aliquod
1293 3887 1524 3953 nullius
1568 3885 1882 3954 firmitatis
1937 3888 2038 3955 vel
2096 3888 2393 3955 momenti
2450 3889 2717 3956 existere
2772 3890 3161 3956 decernimus
3213 3913 3329 3978 per
3386 3913 3537 3979 pre-

697 3996 926 4076 sentes,
973 4011 1098 4057 non
1143 3993 1536 4061 obstantibus
1575 3995 1898 4081 premissis
1929 4015 2003 4062 ac
2048 3994 2187 4062 aliis
2232 3995 2561 4062 contrariis
2594 3996 3099 4082 quibuscumque.
3166 3997 3341 4064 Nulli
3380 4019 3529 4084 ergo

698 4099 950 4165 omnino
995 4099 1317 4166 hominum
1363 4101 1548 4168 liceat
1590 4101 1752 4168 hanc
1798 4103 2087 4188 paginam
2135 4109 2351 4169 nostre
2392 4102 2860 4170 constitucionis
2922 4103 3263 4188 infringere
3314 4106 3413 4172 vel
3470 4106 3531 4173 ei

699 4226 856 4272 ausu
907 4207 1238 4273 temerario
1295 4209 1622 4275 contraire.
1717 4207 1784 4274 Si
1839 4209 1979 4295 quis
2034 4215 2241 4276 autem
2296 4209 2414 4275 hoc
2466 4214 2841 4296 attemptare
2894 4213 3376 4298 presumpserit,
3432 4213 3529 4279 in-

697 4313 1128 4397 dignacionem
1173 4315 1616 4403 omnipotentis
1662 4316 1762 4382 dei
1809 4323 1873 4384 et
1917 4317 2237 4384 beatorum
2283 4316 2453 4383 Petri
2497 4323 2561 4383 et
2604 4317 2782 4383 Pauli
2839 4319 3261 4404 apostolorum
3316 4321 3407 4386 eis
3460 4341 3529 4387 se

695 4421 940 4488 noverit
981 4421 1394 4489 incursurum.
1464 4422 1696 4489 Datum
1727 4423 2051 4492 Florencie
2092 4425 2187 4490 iiii
2230 4424 2371 4490 idus
2418 4423 2655 4513 aprilis,
2707 4424 3099 4511 pontificatus
3130 4429 3331 4494 nostri
3364 4447 3529 4494 anno

695 4528 984 4596 secundo.

905 4651 994 4714 IV,
1031 4651 1152 4704 240.
