3892 5609
737 347 778 419 3
794 346 888 419 14
1713 357 2137 409 remmom
2179 356 2623 407 nemesim

737 540 858 605 que
902 519 1060 605 ipsis
1107 517 1452 606 apostolica
1497 518 1677 585 sedes
1721 516 2015 601 indulsit,
2077 516 2471 602 aliquatenus
2516 516 2891 601 aggravetis.
2963 514 3111 582 Illos
3156 522 3393 603 autem,
3442 536 3603 603 quos

731 627 908 694 vobis
954 626 1306 694 constiterit
1349 625 1649 711 predictis
1693 624 1995 692 fratribus
2042 620 2485 691 detrimentum
2544 624 2644 693 vel
2686 624 2991 708 iniuriam
3024 623 3363 709 irrogasse,
3412 625 3606 691 satis-

733 733 938 801 facere
983 732 1084 801 vel
1129 731 1422 800 exhibere
1469 732 1719 818 plenam
1763 731 2079 799 iusticiam
2124 733 2453 816 moneatis,
2510 738 2593 815 et,
2640 732 2696 797 si
2739 750 2995 798 necesse
3014 774 3019 785 -
3037 730 3260 815 fuerit,
3314 732 3607 818 appella-

735 841 908 907 tione
936 844 1180 908 remota
1209 857 1473 906 censura
1503 839 1925 907 ecclesiastica
1965 837 2374 926 compellatis.
2419 836 2657 905 Datum
2686 836 2983 905 Laterani
3010 837 3077 904 vi
3104 836 3248 904 idus
3289 838 3607 906 februarii

733 946 1132 1034 pontificatus
1175 946 1376 1015 nostri
1423 932 1596 1013 anno
1629 968 1688 1013 v.
2180 930 2187 938 ¹

943 1088 1064 1147 Sine
1100 1090 1245 1141 dato:
1281 1088 1348 1149 ΙΙ,
1374 1088 1502 1138 99v.
1540 1104 1590 1138 n.
1615 1086 1713 1147 34;
1749 1086 1814 1138 D.
1839 1086 1934 1149 333
1972 1086 2036 1138 A.
2060 1085 2130 1137 20
2164 1104 2216 1137 ιι.
2241 1085 2307 1137 81
2347 1085 2525 1137 Latine
2562 1092 2615 1137 et
2650 1085 2949 1137 Germanice
2983 1101 3097 1138 eum
3130 1094 3277 1138 nota:
3325 1087 3397 1137 Et
3432 1094 3519 1137 eet
3550 1086 3607 1137 in

731 1177 1052 1259 Ngrenberg.
1091 1210 1150 1217 -·
1203 1178 1324 1229 cum
1361 1176 1507 1228 dato:
1551 1174 1614 1227 R.
1640 1174 1709 1225 23
1745 1175 1875 1226 inter
1911 1174 2175 1242 privilegia
2208 1174 2260 1225 in
2296 1174 2577 1241 Ellingensi
2612 1173 2759 1227 domo
2796 1183 3055 1227 asservata
3088 1192 3139 1227 n.
3162 1176 3211 1226 1.
3428 1174 3483 1225 2.
3520 1172 3607 1225 sit

731 1266 835 1319 nllo
878 1266 944 1319 ΙΙ.

741 1550 834 1623 35
847 1552 914 1622 6.
957 1552 1128 1619 1221
1159 1550 1492 1638 februarii
1530 1550 1576 1615 s
1629 1548 1953 1615 Laterani.
2033 1510 2359 1615 Honorius
2404 1548 2528 1614 ΠΙ
2571 1562 2735 1615 vetat
2786 1550 2864 1614 de
2918 1549 3162 1634 ordiar.
3226 1546 3611 1616 Thaeutoniei

953 1672 1096 1739 ante
1139 1660 1470 1724 concilium
1511 1660 1812 1745 possessis
1858 1658 2035 1722 bonis
2046 1705 2067 1737 ‚
2117 1659 2246 1721 sive
2290 1656 2367 1720 de
2411 1658 2683 1722 eiusdem
2726 1658 2955 1737 hortis,
3006 1657 3334 1743 vir-qums,
3380 1660 3603 1745 pisca-

955 1768 1247 1847 tionibus,
1296 1766 1668 1831 animalium
1710 1766 2105 1829 nutrimentis
2146 1765 2469 1849 primitias
2512 1763 2611 1828 vel
2653 1766 2923 1829 decimae
2970 1768 3347 1850 extorqueri.

962 1900 1279 1975 Honorius
1324 1907 1653 1994 episcopus
1711 1926 1928 1973 servus
1978 1925 2302 1973 servorum
2357 1904 2458 1971 dei
2511 1904 2973 1971 venerabilibus
3029 1903 3332 1974 fratribus
3392 1905 3605 1973 archi-

734 2013 1045 2102 episcopis
1092 2020 1156 2082 et
1199 2014 1510 2102 episcopis
1557 2018 1620 2079 et
1661 2013 1905 2079 dilectis
1951 2010 2099 2079 filiis
2152 2011 2501 2107 abbatibus,
2557 2012 2903 2098 prioribus,
2950 2011 3439 2097 archidiaconis,
3492 2013 3605 2081 de-

733 2124 907 2191 canis
956 2126 1019 2189 et
1063 2120 1202 2188 aliis
1244 2120 1646 2189 ecclesiarum
1688 2120 1973 2207 prelatiS,
2022 2120 2100 2185 ad
2144 2140 2298 2205 quos
2348 2118 2558 2186 littere
2596 2120 2717 2185 iste
2756 2120 3178 2206 pervenerint,
3222 2120 3501 2187 salutem
3539 2126 3609 2188 et

735 2228 1144 2317 apostolicam
1190 2228 1706 2296 benedictionem.
1915 2226 2074 2293 Cum
2120 2226 2331 2293 dilecti
2374 2226 2489 2293 filii
2532 2228 2761 2294 fratres
2788 2226 3119 2314 hospitalis
3150 2232 3368 2294 sancte
3396 2226 3605 2295 Maris

733 2336 1254 2405 Theotonicorum
1301 2334 1780 2403 Ierosolimitani
1826 2354 1941 2421 pro
1974 2355 2083 2401 sue
2112 2333 2435 2418 religionis
2464 2335 2869 2402 observancia
2899 2340 2965 2403 et
2992 2334 3127 2402 zelo
3158 2330 3357 2419 fidei¹,
3404 2355 3605 2420 quam

733 2444 1105 2529 defendunt,
1159 2464 1273 2530 per
1330 2443 1540 2509 sedem
1599 2440 2006 2529 apostolicam
2064 2461 2295 2525 magna
2350 2442 2481 2509 sint
2531 2443 2843 2510 libertatis
2898 2443 3303 2529 prerogativa
3355 2441 3603 2528 donati,

735 2551 1019 2637 quidam,
1077 2550 1185 2637 qui
1230 2569 1457 2636 aquam
1516 2549 1662 2615 vino
1707 2550 1976 2615 miscent
2020 2553 2083 2614 et
2126 2548 2204 2625 de
2248 2550 2579 2636 scripturis
2622 2550 2851 2616 falsum
2898 2549 3140 2634 eligunt
3180 2548 3599 2635 intellectum,

733 2657 1067 2745 privilegia
1119 2659 1402 2745 ipsorum
1454 2655 1623 2749 ultra
1678 2676 1866 2742 quam
1924 2656 2143 2723 deceat
2194 2677 2310 2743 pro
2356 2656 2473 2723 sua
2526 2656 2845 2724 voluntate
2889 2657 3279 2740 restringunt
3335 2662 3401 2723 et
3445 2677 3601 2742 que-

734 2770 944 2833 rentes
989 2772 1356 2832 extraneum
1399 2762 1783 2830 intellectum
1800 2758 1821 2791 ²
1864 2762 1942 2829 ab
1990 2764 2144 2850 ipsis
2189 2764 2511 2849 primicias
2558 2769 2621 2830 ct
2664 2764 2939 2831 decimas
2972 2764 3049 2830 de
3089 2764 3598 2850 possessionibus

737 2877 803 2939 et
845 2872 1172 2939 novalibus
1217 2872 1447 2939 habitis
1495 2874 1640 2937 ante
1683 2870 2015 2937 concilium
2064 2870 2354 2954 generale
2398 2870 2531 2938 sive
2577 2870 2653 2938 de
2699 2871 2886 2954 ortiS,
2942 2869 3233 2955 virgultis
3277 2876 3345 2937 et
3386 2872 3598 2958 pisca-

735 2978 1018 3047 cionibus
1073 3000 1288 3047 eorum
1343 2978 1445 3045 vel
1489 2978 1566 3044 de
1611 2997 1863 3043 suorum
1927 2977 2292 3044 animalium
2338 2978 2737 3045 nutrimentis
2784 2982 3155 3063 extorquere
3199 2984 3595 3064 presumunt.

735 3086 1032 3154 Volentes
1060 3088 1254 3170 igitur
1283 3087 1591 3153 dictorum
1631 3085 1897 3151 fratrum
1927 3084 2488 3171 indempnitatibus
2530 3084 2863 3171 providere
2896 3106 3011 3172 per
3042 3086 3387 3171 apostolica
3415 3086 3599 3153 vobis

737 3195 976 3281 scripta
1029 3193 1433 3278 mandamus,
1491 3197 1797 3277 quatenus
1843 3192 1921 3260 ab
1977 3193 2333 3259 extorsione
2389 3192 2769 3259 decimarum
2818 3198 2883 3258 et
2924 3193 3359 3280 primiciarum
3404 3214 3600 3281 super

737 3300 1059 3389 premissis
1105 3302 1394 3369 omnibus
1439 3300 1756 3367 desistatis
1803 3306 1868 3366 et
1894 3305 2139 3365 vestros
2186 3298 2467 3367 subditos
2514 3297 2933 3386 appellatione
2978 3305 3223 3367 remota
3262 3300 3345 3368 ab
3372 3302 3599 3368 eadem

736 3409 1036 3475 desistere
1093 3406 1503 3495 compellatis.
1601 3406 1840 3480 Datum
1898 3404 2198 3474 Laterani
2253 3407 2316 3473 vi
2371 3407 2513 3473 idus
2568 3406 2869 3473 februarii
2934 3406 3335 3493 pontificatus
3383 3408 3613 3505 nostri

739 3535 908 3582 anno
951 3537 1008 3582 v.

948 3636 1070 3689 Sine
1095 3637 1238 3689 dato:
1275 3636 1342 3700 11,
1367 3636 1437 3688 93
1473 3654 1524 3687 n.
1549 3636 1640 3698 15;
1677 3635 1830 3690 A.20
1864 3654 1914 3687 ιι.
1939 3638 2003 3687 15
2041 3638 2221 3689 Latine
2245 3645 2299 3687 et
2323 3635 2649 3697 Germanice3
2686 3634 2750 3688 D.
2775 3636 2857 3687 14.
2880 3666 2941 3675 --
2984 3636 3107 3688 Cum
3130 3637 3275 3689 clato:
3312 3637 3405 3700 IV,
3433 3636 3595 3690 1891.

737 3744 789 3779 n.
811 3725 898 3777 23.
949 3724 1234 3793 originale,
1279 3742 1392 3777 cnm
1437 3725 1576 3775 bulla
1617 3726 1670 3775 in
1715 3724 1813 3777 filis
1856 3725 2057 3777 sericeis
2093 3726 2447 3792 appendente,
2496 3724 2747 3791 quondam
2781 3724 3179 3791 Mei-grentlremi²
3224 3742 3362 3779 nunc
3394 3726 3592 3779 Vindo-

737 3816 901 3867 bonae
935 3814 987 3865 in
1022 3814 1222 3867 archivo
1260 3814 1446 3867 ordinis
1482 3814 1776 3874 Theutonici
1813 3822 2111 3867 asservatur.
2311 3815 2357 3867 1.
2395 3813 2478 3865 dei
2512 3812 2621 3865 IV:
2794 3812 2843 3865 2.
2880 3814 3145 3881 privilegia
3186 3844 3247 3853 -
3284 3815 3595 3868 intellectum

740 3904 883 3956 deest
905 3902 970 3966 H,
1009 3903 1071 3955 A.
1091 3902 1176 3956 20.

743 4116 918 4189 357.
963 4118 1132 4186 1221
1162 4118 1495 4203 februarii
1533 4118 1579 4184 8
1624 4118 1946 4184 Laterani.
2027 4116 2352 4182 Honorius
2397 4116 2521 4183 III
2564 4130 2771 4184 monet
2800 4118 3158 4206 praelatos,
3218 4134 3291 4187 ut
3332 4126 3595 4189 exo-&ent

953 4226 1228 4313 populos
1274 4227 1363 4291 ad
1403 4225 1750 4291 subsidium
1795 4228 1873 4291 de
1917 4227 2094 4291 bonis
2140 4246 2351 4291 eorum
2396 4228 2612 4291 ordini
2657 4224 3033 4293 Theutonico
3077 4230 3198 4294 cito
3225 4229 3587 4314 serendum.

841 4352 846 4357 “
959 4366 1274 4434 Honorius
1329 4366 1658 4453 episcopus
1703 4388 1755 4434 s.
1788 4388 1838 4433 s.
1866 4367 1925 4433 d.
1974 4366 2433 4434 venerabilibus
2476 4367 2777 4435 fratribus
2822 4369 3308 4456 archiepiscopis
3351 4374 3419 4437 et
3460 4371 3589 4457 epi-

739 4474 944 4563 scopis
989 4480 1104 4541 etc.
1356 4472 1580 4541 Gravis
1623 4474 1736 4541 illa
1789 4482 1854 4541 et
1901 4474 2091 4541 nimis
2136 4474 2404 4540 dolenda
2446 4476 2650 4560 ruina,
2706 4496 2891 4562 quam
2940 4476 3155 4543 dilecti
3195 4475 3309 4543 filii
3364 4477 3589 4545 fratres

739 4581 1068 4669 hospitalis
1115 4586 1330 4647 sancte
1357 4578 1556 4648 Marie
1584 4582 2111 4649 Theutonicorum
2149 4580 2630 4649 lerosolimitani
2673 4603 2789 4669 pro
2834 4582 3195 4651 defensione
3237 4582 3387 4651 fidei
3428 4584 3589 4651 chri-

739 4691 942 4756 stiane
987 4688 1206 4757 diebus
1251 4686 1609 4755 novissimis
1642 4689 2055 4775 pertulerunt,
2101 4688 2279 4754 illum
2325 4688 2511 4757 debet
2536 4690 2694 4776 ipsis
2726 4696 2790 4757 et
2818 4690 2949 4757 suis
2980 4690 3268 4759 domibus
3296 4692 3367 4758 in
3396 4690 3589 4761 oculis

741 4797 1020 4865 omnium
1061 4797 1402 4883 impetrare
1445 4796 1748 4880 favorem,
1793 4802 1866 4862 ut
1908 4796 1991 4863 ad
2034 4816 2251 4863 eorum
2296 4796 2785 4866 consolationem
2830 4802 2896 4864 et
2924 4797 3272 4865 remedium
3312 4804 3441 4867 tam
3472 4800 3587 4867 im-

739 4902 1068 4991 portabilis
1113 4904 1343 4971 excidii
1387 4904 1761 4971 detrimento
1808 4904 1910 4990 pie
1952 4903 2405 4991 compassionis
2434 4903 2785 4973 adhibendo
2814 4904 3075 4972 obtentu
3102 4906 3339 4991 singuli
3369 4912 3588 4992 sponte

739 5030 990 5079 currere
1033 5011 1302 5079 debeant
1340 5012 1571 5099 potius,
1619 5030 1806 5096 quam
1839 5010 2105 5079 aliorum
2136 5017 2470 5099 expectent
2498 5012 2999 5096 suggestionibus
3028 5012 3303 5083 invitari.
3372 5013 3447 5082 In
3472 5014 3588 5083 hoc
