<?xml version="1.0" encoding="UTF-8"?>
<!DOCTYPE html PUBLIC "-//W3C//DTD XHTML 1.0 Transitional//EN"
    "http://www.w3.org/TR/xhtml1/DTD/xhtml1-transitional.dtd">
<html xmlns="http://www.w3.org/1999/xhtml" xml:lang="en" lang="en">
 <head>
  <title>
</title>
<meta http-equiv="Content-Type" content="text/html;charset=utf-8" />
  <meta name='ocr-system' content='tesseract 3.04.00' />
  <meta name='ocr-capabilities' content='ocr_page ocr_carea ocr_par ocr_line ocrx_word'/>
</head>
<body>
  <div class='ocr_page' id='page_1' title='image "./tabulaeordinist00stregoog_0296.png"; bbox 0 0 3892 5609; ppageno 0'>
   <div class='ocr_carea' id='block_1_1' title="bbox 689 289 2573 369">
    <p class='ocr_par' dir='ltr' id='par_1_1' title="bbox 689 289 2573 369">
     <span class='ocr_line' id='line_1_1' title="bbox 689 289 2573 369; baseline -0.011 -7"><span class='ocrx_word' id='word_1_1' title='bbox 689 289 840 361; x_wconf 81' lang='lat'>280</span> <span class='ocrx_word' id='word_1_2' title='bbox 1075 360 1081 369; x_wconf 65' lang='grc'><strong>,</strong></span> <span class='ocrx_word' id='word_1_3' title='bbox 1661 296 2088 345; x_wconf 67' lang='lat' dir='ltr'>somus-mum</span> <span class='ocrx_word' id='word_1_4' title='bbox 2133 294 2573 345; x_wconf 65' lang='lat' dir='ltr'>Romanorum</span> 
     </span>
    </p>
   </div>
   <div class='ocr_carea' id='block_1_2' title="bbox 691 436 3555 543">
    <p class='ocr_par' dir='ltr' id='par_1_2' title="bbox 691 436 3555 543">
     <span class='ocr_line' id='line_1_2' title="bbox 691 436 3555 543; baseline -0.005 -13"><span class='ocrx_word' id='word_1_5' title='bbox 691 458 864 530; x_wconf 85' lang='lat'>307.</span> <span class='ocrx_word' id='word_1_6' title='bbox 907 459 1082 526; x_wconf 83' lang='lat'><em>1220</em></span> <span class='ocrx_word' id='word_1_7' title='bbox 1101 436 1241 523; x_wconf 64' lang='lat' dir='ltr'>aec.</span> <span class='ocrx_word' id='word_1_8' title='bbox 1271 458 1356 523; x_wconf 83' lang='grc'>16</span> <span class='ocrx_word' id='word_1_9' title='bbox 1385 458 1696 523; x_wconf 67' lang='lat' dir='ltr'>Laterani</span> <span class='ocrx_word' id='word_1_10' title='bbox 1715 456 1828 543; x_wconf 70' lang='lat' dir='ltr'>(cf.</span> <span class='ocrx_word' id='word_1_11' title='bbox 1857 457 2028 524; x_wconf 85' lang='lat'><strong><em>1221</em></strong></span> <span class='ocrx_word' id='word_1_12' title='bbox 2062 460 2313 523; x_wconf 62' lang='lat' dir='ltr'>ianuar.</span> <span class='ocrx_word' id='word_1_13' title='bbox 2342 457 2425 521; x_wconf 90' lang='grc'>21</span> <span class='ocrx_word' id='word_1_14' title='bbox 2422 454 2481 537; x_wconf 88' lang='grc'><strong>).</strong></span> <span class='ocrx_word' id='word_1_15' title='bbox 2534 455 2856 521; x_wconf 64' lang='lat' dir='ltr'>Honorius</span> <span class='ocrx_word' id='word_1_16' title='bbox 2881 453 3002 520; x_wconf 86' lang='lat' dir='ltr'>III</span> <span class='ocrx_word' id='word_1_17' title='bbox 3020 453 3191 519; x_wconf 61' lang='lat' dir='ltr'>iubet</span> <span class='ocrx_word' id='word_1_18' title='bbox 3218 452 3555 517; x_wconf 55' lang='lat' dir='ltr'>violatam</span> 
     </span>
    </p>
   </div>
   <div class='ocr_carea' id='block_1_3' title="bbox 906 562 3549 651">
    <p class='ocr_par' dir='ltr' id='par_1_3' title="bbox 906 562 3549 651">
     <span class='ocr_line' id='line_1_3' title="bbox 906 562 3549 651; baseline -0.003 -19"><span class='ocrx_word' id='word_1_19' title='bbox 906 570 992 632; x_wconf 82' lang='lat' dir='ltr'>ad</span> <span class='ocrx_word' id='word_1_20' title='bbox 1025 568 1240 631; x_wconf 82' lang='lat' dir='ltr'>domos</span> <span class='ocrx_word' id='word_1_21' title='bbox 1273 568 1384 629; x_wconf 70' lang='lat' dir='ltr'>oie.</span> <span class='ocrx_word' id='word_1_22' title='bbox 1420 564 1594 629; x_wconf 65' lang='lat' dir='ltr'>Thai.</span> <span class='ocrx_word' id='word_1_23' title='bbox 1619 586 1739 651; x_wconf 81' lang='lat' dir='ltr'>pro</span> <span class='ocrx_word' id='word_1_24' title='bbox 1759 564 1973 631; x_wconf 61' lang='lat' dir='ltr'>«salute</span> <span class='ocrx_word' id='word_1_25' title='bbox 2002 565 2494 651; x_wconf 63' lang='lat' dir='ltr'>confuyientium</span> <span class='ocrx_word' id='word_1_26' title='bbox 2524 584 2785 628; x_wconf 76' lang='lat' dir='ltr'>censura</span> <span class='ocrx_word' id='word_1_27' title='bbox 2820 562 3232 627; x_wconf 72' lang='lat' dir='ltr'>ecclesiastica</span> <span class='ocrx_word' id='word_1_28' title='bbox 3260 564 3549 625; x_wconf 76' lang='lat' dir='ltr'>coerceri.</span> 
     </span>
    </p>
   </div>
   <div class='ocr_carea' id='block_1_4' title="bbox 683 693 3561 2825">
    <p class='ocr_par' dir='ltr' id='par_1_4' title="bbox 683 693 3561 2825">
     <span class='ocr_line' id='line_1_4' title="bbox 907 693 3553 784; baseline -0.003 -17"><span class='ocrx_word' id='word_1_29' title='bbox 907 700 1222 767; x_wconf 87' lang='lat' dir='ltr'>Honorius</span> <span class='ocrx_word' id='word_1_30' title='bbox 1283 699 1611 784; x_wconf 89' lang='lat' dir='ltr'>episcopus</span> <span class='ocrx_word' id='word_1_31' title='bbox 1673 717 1889 764; x_wconf 84' lang='lat' dir='ltr'>servus</span> <span class='ocrx_word' id='word_1_32' title='bbox 1947 718 2272 763; x_wconf 82' lang='lat' dir='ltr'>servorum</span> <span class='ocrx_word' id='word_1_33' title='bbox 2334 698 2437 764; x_wconf 90' lang='lat' dir='ltr'>dei</span> <span class='ocrx_word' id='word_1_34' title='bbox 2481 694 2941 763; x_wconf 84' lang='lat' dir='ltr'>venerabilibus</span> <span class='ocrx_word' id='word_1_35' title='bbox 2985 693 3291 761; x_wconf 84' lang='lat' dir='ltr'>fratribus</span> <span class='ocrx_word' id='word_1_36' title='bbox 3350 694 3553 761; x_wconf 86' lang='lat' dir='ltr'>archi-</span> 
     </span>
     <span class='ocr_line' id='line_1_5' title="bbox 686 798 3557 899; baseline -0.004 -22"><span class='ocrx_word' id='word_1_37' title='bbox 686 808 996 899; x_wconf 81' lang='lat' dir='ltr'>episcopis</span> <span class='ocrx_word' id='word_1_38' title='bbox 1041 812 1103 873; x_wconf 89' lang='lat' dir='ltr'>et</span> <span class='ocrx_word' id='word_1_39' title='bbox 1135 806 1467 892; x_wconf 82' lang='lat' dir='ltr'>episcopis,</span> <span class='ocrx_word' id='word_1_40' title='bbox 1517 811 1581 870; x_wconf 91' lang='lat' dir='ltr'>et</span> <span class='ocrx_word' id='word_1_41' title='bbox 1620 804 1865 872; x_wconf 86' lang='lat' dir='ltr'>dilectis</span> <span class='ocrx_word' id='word_1_42' title='bbox 1911 804 2057 872; x_wconf 89' lang='lat' dir='ltr'>filiis</span> <span class='ocrx_word' id='word_1_43' title='bbox 2108 804 2457 889; x_wconf 80' lang='lat' dir='ltr'>abbatibus,</span> <span class='ocrx_word' id='word_1_44' title='bbox 2504 804 2840 892; x_wconf 76' lang='lat' dir='ltr'>prioribuS,</span> <span class='ocrx_word' id='word_1_45' title='bbox 2890 802 3348 869; x_wconf 86' lang='lat' dir='ltr'>archidiaconis</span> <span class='ocrx_word' id='word_1_46' title='bbox 3362 798 3402 884; x_wconf 87' lang='lat'>¹,</span> <span class='ocrx_word' id='word_1_47' title='bbox 3446 801 3557 867; x_wconf 88' lang='lat' dir='ltr'>de-</span> 
     </span>
     <span class='ocr_line' id='line_1_6' title="bbox 687 908 3555 1005; baseline -0.003 -22"><span class='ocrx_word' id='word_1_48' title='bbox 687 918 860 984; x_wconf 90' lang='lat' dir='ltr'>canis</span> <span class='ocrx_word' id='word_1_49' title='bbox 907 921 971 981; x_wconf 89' lang='lat' dir='ltr'>et</span> <span class='ocrx_word' id='word_1_50' title='bbox 1017 914 1158 980; x_wconf 92' lang='lat' dir='ltr'>aliis</span> <span class='ocrx_word' id='word_1_51' title='bbox 1207 912 1610 979; x_wconf 85' lang='lat' dir='ltr'>ecclesiarum</span> <span class='ocrx_word' id='word_1_52' title='bbox 1671 912 1962 1005; x_wconf 84' lang='lat' dir='ltr'>prelatis,</span> <span class='ocrx_word' id='word_1_53' title='bbox 2022 912 2100 979; x_wconf 86' lang='lat' dir='ltr'>ad</span> <span class='ocrx_word' id='word_1_54' title='bbox 2148 934 2302 998; x_wconf 88' lang='lat' dir='ltr'>quos</span> <span class='ocrx_word' id='word_1_55' title='bbox 2346 912 2557 979; x_wconf 89' lang='lat' dir='ltr'>littere</span> <span class='ocrx_word' id='word_1_56' title='bbox 2610 912 2733 978; x_wconf 89' lang='lat' dir='ltr'>iste</span> <span class='ocrx_word' id='word_1_57' title='bbox 2788 911 3221 998; x_wconf 80' lang='lat' dir='ltr'>pervenerint,</span> <span class='ocrx_word' id='word_1_58' title='bbox 3284 908 3555 975; x_wconf 78' lang='lat' dir='ltr'>salutem</span> 
     </span>
     <span class='ocr_line' id='line_1_7' title="bbox 686 1016 3553 1111; baseline -0.003 -20"><span class='ocrx_word' id='word_1_59' title='bbox 686 1030 751 1091; x_wconf 90' lang='lat' dir='ltr'>et</span> <span class='ocrx_word' id='word_1_60' title='bbox 782 1022 1188 1111; x_wconf 87' lang='lat' dir='ltr'>apostolicam</span> <span class='ocrx_word' id='word_1_61' title='bbox 1221 1020 1736 1087; x_wconf 80' lang='lat' dir='ltr'>benedictionem.</span> <span class='ocrx_word' id='word_1_62' title='bbox 1946 1019 2242 1087; x_wconf 87' lang='lat' dir='ltr'>Pervenit</span> <span class='ocrx_word' id='word_1_63' title='bbox 2274 1020 2354 1086; x_wconf 90' lang='lat' dir='ltr'>ad</span> <span class='ocrx_word' id='word_1_64' title='bbox 2383 1039 2497 1085; x_wconf 89' lang='lat' dir='ltr'>nos</span> <span class='ocrx_word' id='word_1_65' title='bbox 2530 1040 2607 1085; x_wconf 84' lang='lat' dir='ltr'>ex</span> <span class='ocrx_word' id='word_1_66' title='bbox 2638 1020 3082 1104; x_wconf 86' lang='lat' dir='ltr'>conquestione</span> <span class='ocrx_word' id='word_1_67' title='bbox 3113 1016 3553 1101; x_wconf 85' lang='lat' dir='ltr'>religiosorum</span> 
     </span>
     <span class='ocr_line' id='line_1_8' title="bbox 683 1120 3555 1214; baseline -0.003 -17"><span class='ocrx_word' id='word_1_68' title='bbox 683 1132 964 1197; x_wconf 81' lang='lat' dir='ltr'>virorum</span> <span class='ocrx_word' id='word_1_69' title='bbox 979 1125 1022 1212; x_wconf 84' lang='lat'>²,</span> <span class='ocrx_word' id='word_1_70' title='bbox 1068 1130 1338 1195; x_wconf 85' lang='lat' dir='ltr'>fratrum</span> <span class='ocrx_word' id='word_1_71' title='bbox 1376 1127 1707 1214; x_wconf 84' lang='lat' dir='ltr'>hospitalis</span> <span class='ocrx_word' id='word_1_72' title='bbox 1739 1133 1954 1193; x_wconf 89' lang='lat' dir='ltr'>sancte</span> <span class='ocrx_word' id='word_1_73' title='bbox 1983 1126 2182 1193; x_wconf 88' lang='lat' dir='ltr'>Marie</span> <span class='ocrx_word' id='word_1_74' title='bbox 2212 1126 2736 1195; x_wconf 87' lang='lat' dir='ltr'>Theutonicorum</span> <span class='ocrx_word' id='word_1_75' title='bbox 2778 1120 3316 1210; x_wconf 82' lang='lat' dir='ltr'>lerosolimitani³‚</span> <span class='ocrx_word' id='word_1_76' title='bbox 3364 1124 3555 1211; x_wconf 89' lang='lat' dir='ltr'>quod,</span> 
     </span>
     <span class='ocr_line' id='line_1_9' title="bbox 686 1227 3553 1321; baseline -0.002 -16"><span class='ocrx_word' id='word_1_77' title='bbox 686 1258 831 1305; x_wconf 92' lang='lat' dir='ltr'>cum</span> <span class='ocrx_word' id='word_1_78' title='bbox 887 1235 1084 1321; x_wconf 85' lang='lat' dir='ltr'>aliqui</span> <span class='ocrx_word' id='word_1_79' title='bbox 1139 1236 1221 1302; x_wconf 91' lang='lat' dir='ltr'>ad</span> <span class='ocrx_word' id='word_1_80' title='bbox 1277 1234 1493 1301; x_wconf 91' lang='lat' dir='ltr'>domos</span> <span class='ocrx_word' id='word_1_81' title='bbox 1550 1232 1804 1301; x_wconf 65' lang='lat' dir='ltr'>eorum*</span> <span class='ocrx_word' id='word_1_82' title='bbox 1857 1254 1973 1321; x_wconf 93' lang='lat' dir='ltr'>pro</span> <span class='ocrx_word' id='word_1_83' title='bbox 2032 1234 2233 1300; x_wconf 88' lang='lat' dir='ltr'>salute</span> <span class='ocrx_word' id='word_1_84' title='bbox 2291 1232 2437 1301; x_wconf 76' lang='lat' dir='ltr'>sua‘</span> <span class='ocrx_word' id='word_1_85' title='bbox 2484 1256 2552 1301; x_wconf 89' lang='lat' dir='ltr'>se</span> <span class='ocrx_word' id='word_1_86' title='bbox 2608 1233 2997 1301; x_wconf 86' lang='lat' dir='ltr'>transferunt</span> <span class='ocrx_word' id='word_1_87' title='bbox 3052 1239 3163 1299; x_wconf 88' lang='lat' dir='ltr'>aut</span> <span class='ocrx_word' id='word_1_88' title='bbox 3204 1252 3306 1299; x_wconf 88' lang='lat' dir='ltr'>res</span> <span class='ocrx_word' id='word_1_89' title='bbox 3366 1227 3553 1299; x_wconf 74' lang='lat' dir='ltr'>snas‘</span> 
     </span>
     <span class='ocr_line' id='line_1_10' title="bbox 687 1336 3555 1431; baseline -0.002 -21"><span class='ocrx_word' id='word_1_90' title='bbox 687 1339 1063 1431; x_wconf 79' lang='lat' dir='ltr'>deponunt⁷‚</span> <span class='ocrx_word' id='word_1_91' title='bbox 1119 1343 1332 1409; x_wconf 90' lang='lat' dir='ltr'>hostes</span> <span class='ocrx_word' id='word_1_92' title='bbox 1392 1362 1605 1408; x_wconf 90' lang='lat' dir='ltr'>eorum</span> <span class='ocrx_word' id='word_1_93' title='bbox 1651 1341 1818 1407; x_wconf 87' lang='lat' dir='ltr'>infra</span> <span class='ocrx_word' id='word_1_94' title='bbox 1863 1336 2203 1407; x_wconf 82' lang='lat' dir='ltr'>ambitum⁸</span> <span class='ocrx_word' id='word_1_95' title='bbox 2260 1340 2586 1410; x_wconf 89' lang='lat' dir='ltr'>domorum</span> <span class='ocrx_word' id='word_1_96' title='bbox 2632 1343 2913 1429; x_wconf 87' lang='lat' dir='ltr'>ipsarum</span> <span class='ocrx_word' id='word_1_97' title='bbox 2964 1360 3069 1407; x_wconf 87' lang='lat' dir='ltr'>eos</span> <span class='ocrx_word' id='word_1_98' title='bbox 3126 1345 3190 1407; x_wconf 88' lang='lat' dir='ltr'>et</span> <span class='ocrx_word' id='word_1_99' title='bbox 3233 1360 3334 1406; x_wconf 89' lang='lat' dir='ltr'>res</span> <span class='ocrx_word' id='word_1_100' title='bbox 3380 1360 3555 1423; x_wconf 84' lang='lat' dir='ltr'>suas,</span> 
     </span>
     <span class='ocr_line' id='line_1_11' title="bbox 687 1446 3557 1535; baseline -0.001 -18"><span class='ocrx_word' id='word_1_101' title='bbox 687 1452 791 1518; x_wconf 83' lang='lat' dir='ltr'>dei</span> <span class='ocrx_word' id='word_1_102' title='bbox 835 1451 1198 1516; x_wconf 86' lang='lat' dir='ltr'>reverencia</span> <span class='ocrx_word' id='word_1_103' title='bbox 1253 1456 1318 1516; x_wconf 87' lang='lat' dir='ltr'>et</span> <span class='ocrx_word' id='word_1_104' title='bbox 1373 1452 1598 1516; x_wconf 87' lang='lat' dir='ltr'>timore</span> <span class='ocrx_word' id='word_1_105' title='bbox 1655 1448 2039 1535; x_wconf 82' lang='lat' dir='ltr'>postposit0,</span> <span class='ocrx_word' id='word_1_106' title='bbox 2087 1448 2344 1534; x_wconf 88' lang='lat' dir='ltr'>capiunt</span> <span class='ocrx_word' id='word_1_107' title='bbox 2389 1455 2453 1517; x_wconf 90' lang='lat' dir='ltr'>et</span> <span class='ocrx_word' id='word_1_108' title='bbox 2496 1456 2713 1535; x_wconf 88' lang='lat' dir='ltr'>captos</span> <span class='ocrx_word' id='word_1_109' title='bbox 2771 1450 3164 1515; x_wconf 83' lang='lat' dir='ltr'>incarcerant</span> <span class='ocrx_word' id='word_1_110' title='bbox 3208 1452 3274 1513; x_wconf 92' lang='lat' dir='ltr'>et</span> <span class='ocrx_word' id='word_1_111' title='bbox 3316 1446 3401 1513; x_wconf 86' lang='lat' dir='ltr'>ad</span> <span class='ocrx_word' id='word_1_112' title='bbox 3452 1468 3557 1513; x_wconf 90' lang='lat' dir='ltr'>re-</span> 
     </span>
     <span class='ocr_line' id='line_1_12' title="bbox 688 1551 3559 1644; baseline -0.001 -21"><span class='ocrx_word' id='word_1_113' title='bbox 688 1558 1108 1643; x_wconf 86' lang='lat' dir='ltr'>demptionem</span> <span class='ocrx_word' id='word_1_114' title='bbox 1157 1556 1558 1644; x_wconf 85' lang='lat' dir='ltr'>compellunt.</span> <span class='ocrx_word' id='word_1_115' title='bbox 1630 1551 1977 1633; x_wconf 82' lang='lat' dir='ltr'>Quoniam⁹</span> <span class='ocrx_word' id='word_1_116' title='bbox 2006 1556 2202 1639; x_wconf 85' lang='lat' dir='ltr'>igitur</span> <span class='ocrx_word' id='word_1_117' title='bbox 2244 1556 2313 1622; x_wconf 93' lang='lat' dir='ltr'>id</span> <span class='ocrx_word' id='word_1_118' title='bbox 2328 1551 2369 1585; x_wconf 84' lang='lat'>¹⁰</span> <span class='ocrx_word' id='word_1_119' title='bbox 2413 1556 2741 1641; x_wconf 89' lang='lat' dir='ltr'>indignum</span> <span class='ocrx_word' id='word_1_120' title='bbox 2788 1561 2883 1623; x_wconf 91' lang='lat' dir='ltr'>est</span> <span class='ocrx_word' id='word_1_121' title='bbox 2926 1554 3178 1643; x_wconf 90' lang='lat' dir='ltr'>penitus</span> <span class='ocrx_word' id='word_1_122' title='bbox 3223 1561 3288 1620; x_wconf 90' lang='lat' dir='ltr'>et</span> <span class='ocrx_word' id='word_1_123' title='bbox 3333 1554 3559 1620; x_wconf 88' lang='lat' dir='ltr'>absur-</span> 
     </span>
     <span class='ocr_line' id='line_1_13' title="bbox 689 1643 3559 1749; baseline -0.001 -18"><span class='ocrx_word' id='word_1_124' title='bbox 689 1666 838 1731; x_wconf 91' lang='lat' dir='ltr'>dum</span> <span class='ocrx_word' id='word_1_125' title='bbox 897 1669 960 1730; x_wconf 92' lang='lat' dir='ltr'>et</span> <span class='ocrx_word' id='word_1_126' title='bbox 1004 1643 1279 1731; x_wconf 80' lang='lat' dir='ltr'>fidelium</span> <span class='ocrx_word' id='word_1_127' title='bbox 1327 1663 1515 1730; x_wconf 85' lang='lat' dir='ltr'>saluti</span> <span class='ocrx_word' id='word_1_128' title='bbox 1561 1682 1816 1749; x_wconf 87' lang='lat' dir='ltr'>prorsus</span> <span class='ocrx_word' id='word_1_129' title='bbox 1873 1664 2291 1747; x_wconf 84' lang='lat' dir='ltr'>contrarium,</span> <span class='ocrx_word' id='word_1_130' title='bbox 2348 1664 2746 1730; x_wconf 82' lang='lat' dir='ltr'>universitati</span> <span class='ocrx_word' id='word_1_131' title='bbox 2788 1667 2995 1729; x_wconf 86' lang='lat' dir='ltr'>vestre</span> <span class='ocrx_word' id='word_1_132' title='bbox 3048 1682 3164 1748; x_wconf 89' lang='lat' dir='ltr'>per</span> <span class='ocrx_word' id='word_1_133' title='bbox 3208 1660 3559 1748; x_wconf 84' lang='lat' dir='ltr'>apostolica</span> 
     </span>
     <span class='ocr_line' id='line_1_14' title="bbox 688 1766 3559 1858; baseline -0.002 -19"><span class='ocrx_word' id='word_1_134' title='bbox 688 1772 928 1858; x_wconf 88' lang='lat' dir='ltr'>scripta</span> <span class='ocrx_word' id='word_1_135' title='bbox 971 1770 1374 1858; x_wconf 87' lang='lat' dir='ltr'>precipiendo</span> <span class='ocrx_word' id='word_1_136' title='bbox 1423 1766 1860 1854; x_wconf 78' lang='lat' dir='ltr'>mandamus¹¹,</span> <span class='ocrx_word' id='word_1_137' title='bbox 1908 1770 2203 1855; x_wconf 87' lang='lat' dir='ltr'>quatinus</span> <span class='ocrx_word' id='word_1_138' title='bbox 2234 1770 2541 1837; x_wconf 86' lang='lat' dir='ltr'>universis</span> <span class='ocrx_word' id='word_1_139' title='bbox 2555 1767 2593 1800; x_wconf 82' lang='lat'>¹²</span> <span class='ocrx_word' id='word_1_140' title='bbox 2624 1769 3001 1855; x_wconf 83' lang='lat' dir='ltr'>generaliter</span> <span class='ocrx_word' id='word_1_141' title='bbox 3031 1768 3146 1835; x_wconf 90' lang='lat' dir='ltr'>sub</span> <span class='ocrx_word' id='word_1_142' title='bbox 3192 1787 3559 1835; x_wconf 86' lang='lat' dir='ltr'>excommu-</span> 
     </span>
     <span class='ocr_line' id='line_1_15' title="bbox 686 1875 3557 1963; baseline -0.001 -18"><span class='ocrx_word' id='word_1_143' title='bbox 686 1878 1022 1945; x_wconf 86' lang='lat' dir='ltr'>nicationis</span> <span class='ocrx_word' id='word_1_144' title='bbox 1070 1878 1577 1944; x_wconf 86' lang='lat' dir='ltr'>interminatione</span> <span class='ocrx_word' id='word_1_145' title='bbox 1617 1875 1947 1963; x_wconf 87' lang='lat' dir='ltr'>prohibere</span> <span class='ocrx_word' id='word_1_146' title='bbox 1996 1878 2246 1960; x_wconf 85' lang='lat' dir='ltr'>curetis,</span> <span class='ocrx_word' id='word_1_147' title='bbox 2292 1898 2374 1943; x_wconf 92' lang='lat' dir='ltr'>ne</span> <span class='ocrx_word' id='word_1_148' title='bbox 2422 1880 2529 1963; x_wconf 91' lang='lat' dir='ltr'>qui</span> <span class='ocrx_word' id='word_1_149' title='bbox 2573 1880 2639 1944; x_wconf 91' lang='lat' dir='ltr'>in</span> <span class='ocrx_word' id='word_1_150' title='bbox 2683 1878 2847 1962; x_wconf 85' lang='lat' dir='ltr'>illos,</span> <span class='ocrx_word' id='word_1_151' title='bbox 2896 1878 3004 1963; x_wconf 86' lang='lat' dir='ltr'>qui</span> <span class='ocrx_word' id='word_1_152' title='bbox 3050 1876 3130 1943; x_wconf 89' lang='lat' dir='ltr'>ad</span> <span class='ocrx_word' id='word_1_153' title='bbox 3159 1876 3379 1942; x_wconf 85' lang='lat' dir='ltr'>domos</span> <span class='ocrx_word' id='word_1_154' title='bbox 3410 1894 3557 1961; x_wconf 88' lang='lat' dir='ltr'>pre·</span> 
     </span>
     <span class='ocr_line' id='line_1_16' title="bbox 689 1982 3561 2071; baseline -0.002 -19"><span class='ocrx_word' id='word_1_155' title='bbox 689 1987 999 2053; x_wconf 89' lang='lat' dir='ltr'>dictorum</span> <span class='ocrx_word' id='word_1_156' title='bbox 1043 1985 1312 2054; x_wconf 86' lang='lat' dir='ltr'>fratrum</span> <span class='ocrx_word' id='word_1_157' title='bbox 1358 2004 1474 2071; x_wconf 88' lang='lat' dir='ltr'>pro</span> <span class='ocrx_word' id='word_1_158' title='bbox 1521 1984 1724 2050; x_wconf 84' lang='lat' dir='ltr'>salute</span> <span class='ocrx_word' id='word_1_159' title='bbox 1773 2004 1889 2050; x_wconf 89' lang='lat' dir='ltr'>sua</span> <span class='ocrx_word' id='word_1_160' title='bbox 1934 1985 2320 2069; x_wconf 76' lang='lat' dir='ltr'>confugiunt,</span> <span class='ocrx_word' id='word_1_161' title='bbox 2369 1986 2468 2052; x_wconf 86' lang='lat' dir='ltr'>vel</span> <span class='ocrx_word' id='word_1_162' title='bbox 2509 1988 2576 2051; x_wconf 92' lang='lat' dir='ltr'>in</span> <span class='ocrx_word' id='word_1_163' title='bbox 2620 2006 2723 2053; x_wconf 88' lang='lat' dir='ltr'>res</span> <span class='ocrx_word' id='word_1_164' title='bbox 2770 2004 2983 2052; x_wconf 89' lang='lat' dir='ltr'>eorum</span> <span class='ocrx_word' id='word_1_165' title='bbox 3028 1984 3197 2050; x_wconf 86' lang='lat' dir='ltr'>infra</span> <span class='ocrx_word' id='word_1_166' title='bbox 3248 1982 3561 2048; x_wconf 89' lang='lat' dir='ltr'>ambitum</span> 
     </span>
     <span class='ocr_line' id='line_1_17' title="bbox 689 2089 3558 2177; baseline -0.001 -18"><span class='ocrx_word' id='word_1_167' title='bbox 689 2094 1017 2159; x_wconf 89' lang='lat' dir='ltr'>domorum</span> <span class='ocrx_word' id='word_1_168' title='bbox 1064 2092 1345 2177; x_wconf 85' lang='lat' dir='ltr'>ipsarum</span> <span class='ocrx_word' id='word_1_169' title='bbox 1392 2111 1614 2157; x_wconf 90' lang='lat' dir='ltr'>manus</span> <span class='ocrx_word' id='word_1_170' title='bbox 1660 2090 1921 2157; x_wconf 86' lang='lat' dir='ltr'>iniciant</span> <span class='ocrx_word' id='word_1_171' title='bbox 1966 2092 2293 2158; x_wconf 70' lang='lat' dir='ltr'>violentas</span> <span class='ocrx_word' id='word_1_172' title='bbox 2365 2091 2433 2159; x_wconf 90' lang='lat' dir='ltr'>Si</span> <span class='ocrx_word' id='word_1_173' title='bbox 2466 2093 2573 2176; x_wconf 89' lang='lat' dir='ltr'>qui</span> <span class='ocrx_word' id='word_1_174' title='bbox 2602 2097 2812 2158; x_wconf 89' lang='lat' dir='ltr'>autem</span> <span class='ocrx_word' id='word_1_175' title='bbox 2857 2098 3071 2158; x_wconf 89' lang='lat' dir='ltr'>nostre</span> <span class='ocrx_word' id='word_1_176' title='bbox 3110 2089 3558 2177; x_wconf 79' lang='lat' dir='ltr'>prohibitionis</span> 
     </span>
     <span class='ocr_line' id='line_1_18' title="bbox 686 2196 3557 2286; baseline -0.002 -19"><span class='ocrx_word' id='word_1_177' title='bbox 686 2201 924 2267; x_wconf 85' lang='lat' dir='ltr'>fuerint</span> <span class='ocrx_word' id='word_1_178' title='bbox 967 2204 1484 2283; x_wconf 83' lang='lat' dir='ltr'>transgressores,</span> <span class='ocrx_word' id='word_1_179' title='bbox 1529 2198 1703 2284; x_wconf 91' lang='lat' dir='ltr'>ipsos</span> <span class='ocrx_word' id='word_1_180' title='bbox 1746 2198 2236 2266; x_wconf 86' lang='lat' dir='ltr'>contradictione</span> <span class='ocrx_word' id='word_1_181' title='bbox 2266 2204 2330 2265; x_wconf 91' lang='lat' dir='ltr'>et</span> <span class='ocrx_word' id='word_1_182' title='bbox 2360 2198 2779 2286; x_wconf 85' lang='lat' dir='ltr'>appellatione</span> <span class='ocrx_word' id='word_1_183' title='bbox 2810 2205 3093 2266; x_wconf 82' lang='lat' dir='ltr'>cessante</span> <span class='ocrx_word' id='word_1_184' title='bbox 3122 2196 3373 2263; x_wconf 83' lang='lat' dir='ltr'>vinculo</span> <span class='ocrx_word' id='word_1_185' title='bbox 3406 2216 3557 2263; x_wconf 86' lang='lat' dir='ltr'>ana-</span> 
     </span>
     <span class='ocr_line' id='line_1_19' title="bbox 685 2300 3559 2392; baseline -0.002 -18"><span class='ocrx_word' id='word_1_186' title='bbox 685 2308 982 2375; x_wconf 85' lang='lat' dir='ltr'>thematis</span> <span class='ocrx_word' id='word_1_187' title='bbox 1026 2300 1442 2390; x_wconf 81' lang='lat' dir='ltr'>astringatis¹⁸</span> <span class='ocrx_word' id='word_1_188' title='bbox 1479 2310 1542 2372; x_wconf 91' lang='lat' dir='ltr'>et</span> <span class='ocrx_word' id='word_1_189' title='bbox 1577 2305 1827 2372; x_wconf 85' lang='lat' dir='ltr'>faciatis</span> <span class='ocrx_word' id='word_1_190' title='bbox 1871 2326 2071 2392; x_wconf 88' lang='lat' dir='ltr'>usque</span> <span class='ocrx_word' id='word_1_191' title='bbox 2121 2304 2199 2372; x_wconf 88' lang='lat' dir='ltr'>ad</span> <span class='ocrx_word' id='word_1_192' title='bbox 2244 2306 2743 2373; x_wconf 86' lang='lat' dir='ltr'>satisfaccionem</span> <span class='ocrx_word' id='word_1_193' title='bbox 2754 2303 2795 2336; x_wconf 81' lang='lat'>¹⁴</span> <span class='ocrx_word' id='word_1_194' title='bbox 2822 2306 3199 2390; x_wconf 79' lang='lat' dir='ltr'>condignam</span> <span class='ocrx_word' id='word_1_195' title='bbox 3242 2306 3408 2371; x_wconf 88' lang='lat' dir='ltr'>sicut</span> <span class='ocrx_word' id='word_1_196' title='bbox 3448 2324 3559 2371; x_wconf 85' lang='lat' dir='ltr'>ex-</span> 
     </span>
     <span class='ocr_line' id='line_1_20' title="bbox 689 2410 3558 2496; baseline -0.002 -14"><span class='ocrx_word' id='word_1_197' title='bbox 689 2416 1180 2483; x_wconf 88' lang='lat' dir='ltr'>communicatos</span> <span class='ocrx_word' id='word_1_198' title='bbox 1237 2414 1318 2479; x_wconf 89' lang='lat' dir='ltr'>ab</span> <span class='ocrx_word' id='word_1_199' title='bbox 1361 2412 1650 2479; x_wconf 88' lang='lat' dir='ltr'>omnibus</span> <span class='ocrx_word' id='word_1_200' title='bbox 1698 2410 1956 2479; x_wconf 81' lang='lat' dir='ltr'>arcius¹⁶</span> <span class='ocrx_word' id='word_1_201' title='bbox 2014 2414 2258 2480; x_wconf 83' lang='lat' dir='ltr'>evitari.</span> <span class='ocrx_word' id='word_1_202' title='bbox 2326 2413 2708 2481; x_wconf 81' lang='lat' dir='ltr'>Provideant</span> <span class='ocrx_word' id='word_1_203' title='bbox 2747 2418 2963 2481; x_wconf 88' lang='lat' dir='ltr'>tamen</span> <span class='ocrx_word' id='word_1_204' title='bbox 3005 2413 3257 2496; x_wconf 88' lang='lat' dir='ltr'>fratres,</span> <span class='ocrx_word' id='word_1_205' title='bbox 3317 2415 3392 2477; x_wconf 91' lang='lat' dir='ltr'>ut</span> <span class='ocrx_word' id='word_1_206' title='bbox 3446 2410 3558 2477; x_wconf 88' lang='lat' dir='ltr'>ho-</span> 
     </span>
     <span class='ocr_line' id='line_1_21' title="bbox 688 2518 3557 2608; baseline -0.001 -19"><span class='ocrx_word' id='word_1_207' title='bbox 688 2523 936 2589; x_wconf 90' lang='lat' dir='ltr'>micidis</span> <span class='ocrx_word' id='word_1_208' title='bbox 985 2526 1051 2589; x_wconf 89' lang='lat' dir='ltr'>et</span> <span class='ocrx_word' id='word_1_209' title='bbox 1093 2519 1529 2608; x_wconf 85' lang='lat' dir='ltr'>pestilentibus</span> <span class='ocrx_word' id='word_1_210' title='bbox 1577 2520 1932 2587; x_wconf 88' lang='lat' dir='ltr'>hominibus</span> <span class='ocrx_word' id='word_1_211' title='bbox 1979 2520 2061 2587; x_wconf 85' lang='lat' dir='ltr'>ad</span> <span class='ocrx_word' id='word_1_212' title='bbox 2106 2521 2503 2608; x_wconf 85' lang='lat' dir='ltr'>dispendium</span> <span class='ocrx_word' id='word_1_213' title='bbox 2552 2522 2726 2607; x_wconf 87' lang='lat' dir='ltr'>pacis</span> <span class='ocrx_word' id='word_1_214' title='bbox 2772 2527 2959 2606; x_wconf 89' lang='lat' dir='ltr'>atque</span> <span class='ocrx_word' id='word_1_215' title='bbox 3001 2519 3251 2586; x_wconf 88' lang='lat' dir='ltr'>iusticie</span> <span class='ocrx_word' id='word_1_216' title='bbox 3282 2520 3401 2587; x_wconf 88' lang='lat' dir='ltr'>sub</span> <span class='ocrx_word' id='word_1_217' title='bbox 3440 2518 3557 2585; x_wconf 86' lang='lat' dir='ltr'>hac</span> 
     </span>
     <span class='ocr_line' id='line_1_22' title="bbox 689 2624 3553 2718; baseline -0.001 -23"><span class='ocrx_word' id='word_1_218' title='bbox 689 2630 1083 2718; x_wconf 84' lang='lat' dir='ltr'>indulgentia</span> <span class='ocrx_word' id='word_1_219' title='bbox 1125 2628 1250 2694; x_wconf 87' lang='lat' dir='ltr'>nisi</span> <span class='ocrx_word' id='word_1_220' title='bbox 1287 2628 1452 2695; x_wconf 86' lang='lat' dir='ltr'>forte</span> <span class='ocrx_word' id='word_1_221' title='bbox 1492 2628 1936 2695; x_wconf 88' lang='lat' dir='ltr'>intercedendo</span> <span class='ocrx_word' id='word_1_222' title='bbox 1968 2629 2313 2715; x_wconf 89' lang='lat' dir='ltr'>presidium</span> <span class='ocrx_word' id='word_1_223' title='bbox 2343 2648 2470 2694; x_wconf 90' lang='lat' dir='ltr'>non</span> <span class='ocrx_word' id='word_1_224' title='bbox 2498 2624 2940 2715; x_wconf 77' lang='lat' dir='ltr'>impendant¹⁸.</span> <span class='ocrx_word' id='word_1_225' title='bbox 2997 2626 3232 2694; x_wconf 87' lang='lat' dir='ltr'>Datum</span> <span class='ocrx_word' id='word_1_226' title='bbox 3256 2625 3553 2693; x_wconf 87' lang='lat' dir='ltr'>Laterani</span> 
     </span>
     <span class='ocr_line' id='line_1_23' title="bbox 691 2733 2320 2825; baseline -0.001 -23"><span class='ocrx_word' id='word_1_227' title='bbox 691 2738 826 2803; x_wconf 81' lang='lat' dir='ltr'>xvii</span> <span class='ocrx_word' id='word_1_228' title='bbox 869 2737 995 2802; x_wconf 89' lang='lat' dir='ltr'>kal.</span> <span class='ocrx_word' id='word_1_229' title='bbox 1044 2734 1316 2825; x_wconf 84' lang='lat' dir='ltr'>ianuarii</span> <span class='ocrx_word' id='word_1_230' title='bbox 1359 2733 1760 2821; x_wconf 87' lang='lat' dir='ltr'>pontificatus</span> <span class='ocrx_word' id='word_1_231' title='bbox 1805 2736 2006 2802; x_wconf 85' lang='lat' dir='ltr'>nostri</span> <span class='ocrx_word' id='word_1_232' title='bbox 2051 2756 2215 2801; x_wconf 88' lang='lat' dir='ltr'>anno</span> <span class='ocrx_word' id='word_1_233' title='bbox 2262 2757 2320 2801; x_wconf 86' lang='lat' dir='ltr'>v.</span> 
     </span>
    </p>
   </div>
   <div class='ocr_carea' id='block_1_5' title="bbox 693 2866 3567 4268">
    <p class='ocr_par' dir='ltr' id='par_1_5' title="bbox 693 2866 3567 4268">
     <span class='ocr_line' id='line_1_24' title="bbox 906 2866 3555 2931; baseline -0.001 -11"><span class='ocrx_word' id='word_1_234' title='bbox 906 2868 1028 2921; x_wconf 86' lang='lat' dir='ltr'>Sine</span> <span class='ocrx_word' id='word_1_235' title='bbox 1066 2866 1184 2918; x_wconf 89' lang='lat' dir='ltr'>dato</span> <span class='ocrx_word' id='word_1_236' title='bbox 1219 2868 1262 2929; x_wconf 84' lang='grc' dir='ltr'>Ι,</span> <span class='ocrx_word' id='word_1_237' title='bbox 1287 2866 1444 2928; x_wconf 85' lang='grc' dir='ltr'><strong>7ον.;</strong></span> <span class='ocrx_word' id='word_1_238' title='bbox 1481 2866 1549 2929; x_wconf 87' lang='lat'>11,</span> <span class='ocrx_word' id='word_1_239' title='bbox 1590 2866 1690 2918; x_wconf 81' lang='lat'>106</span> <span class='ocrx_word' id='word_1_240' title='bbox 1703 2886 1750 2919; x_wconf 84' lang='lat' dir='ltr'>v.</span> <span class='ocrx_word' id='word_1_241' title='bbox 1788 2885 1837 2919; x_wconf 95' lang='grc' dir='ltr'>ιι.</span> <span class='ocrx_word' id='word_1_242' title='bbox 1863 2867 1995 2919; x_wconf 87' lang='lat' dir='ltr'><strong>LVI.</strong></span> <span class='ocrx_word' id='word_1_243' title='bbox 2026 2898 2085 2905; x_wconf 80' lang='lat'>—-</span> <span class='ocrx_word' id='word_1_244' title='bbox 2127 2868 2190 2918; x_wconf 83' lang='lat' dir='ltr'>A.</span> <span class='ocrx_word' id='word_1_245' title='bbox 2218 2867 2287 2919; x_wconf 87' lang='lat'>20</span> <span class='ocrx_word' id='word_1_246' title='bbox 2323 2885 2373 2919; x_wconf 95' lang='grc' dir='ltr'>ιι.</span> <span class='ocrx_word' id='word_1_247' title='bbox 2398 2868 2469 2919; x_wconf 86' lang='lat'>54</span> <span class='ocrx_word' id='word_1_248' title='bbox 2504 2868 2684 2918; x_wconf 84' lang='lat' dir='ltr'>Latine</span> <span class='ocrx_word' id='word_1_249' title='bbox 2720 2876 2773 2917; x_wconf 88' lang='lat' dir='ltr'>et</span> <span class='ocrx_word' id='word_1_250' title='bbox 2798 2868 3097 2919; x_wconf 80' lang='lat' dir='ltr'>Germanice</span> <span class='ocrx_word' id='word_1_251' title='bbox 3132 2884 3245 2919; x_wconf 87' lang='lat' dir='ltr'>cum</span> <span class='ocrx_word' id='word_1_252' title='bbox 3280 2876 3428 2918; x_wconf 80' lang='lat' dir='ltr'>nota:</span> <span class='ocrx_word' id='word_1_253' title='bbox 3469 2867 3555 2931; x_wconf 81' lang='lat' dir='ltr'>¹„In</span> 
     </span>
     <span class='ocr_line' id='line_1_25' title="bbox 694 2955 3557 3023; baseline -0.001 -13"><span class='ocrx_word' id='word_1_254' title='bbox 694 2958 846 3010; x_wconf 86' lang='lat' dir='ltr'>Akon</span> <span class='ocrx_word' id='word_1_255' title='bbox 891 2956 1174 3008; x_wconf 79' lang='lat' dir='ltr'>invenietur</span> <span class='ocrx_word' id='word_1_256' title='bbox 1217 2956 1532 3023; x_wconf 79' lang='lat' dir='ltr'>privilegium</span> <span class='ocrx_word' id='word_1_257' title='bbox 1571 2955 1768 3007; x_wconf 84' lang='lat' dir='ltr'>istud“.</span> <span class='ocrx_word' id='word_1_258' title='bbox 1821 2956 1886 3007; x_wconf 88' lang='lat' dir='ltr'>D.</span> <span class='ocrx_word' id='word_1_259' title='bbox 1913 2956 2000 3008; x_wconf 87' lang='grc'><strong>57.</strong></span> <span class='ocrx_word' id='word_1_260' title='bbox 2042 2986 2100 2994; x_wconf 91' lang='lat'>-—</span> <span class='ocrx_word' id='word_1_261' title='bbox 2144 2958 2267 3007; x_wconf 86' lang='lat' dir='ltr'>Cum</span> <span class='ocrx_word' id='word_1_262' title='bbox 2303 2956 2450 3008; x_wconf 82' lang='lat' dir='ltr'>dato:</span> <span class='ocrx_word' id='word_1_263' title='bbox 2494 2957 2593 3007; x_wconf 74' lang='lat' dir='ltr'>xvii</span> <span class='ocrx_word' id='word_1_264' title='bbox 2626 2955 2729 3007; x_wconf 76' lang='lat' dir='ltr'>kal.</span> <span class='ocrx_word' id='word_1_265' title='bbox 2764 2956 2957 3007; x_wconf 80' lang='lat' dir='ltr'>ianuar.</span> <span class='ocrx_word' id='word_1_266' title='bbox 2995 2956 3234 3007; x_wconf 82' lang='lat' dir='ltr'>Laterani</span> <span class='ocrx_word' id='word_1_267' title='bbox 3269 2973 3321 3022; x_wconf 88' lang='lat' dir='ltr'>p.</span> <span class='ocrx_word' id='word_1_268' title='bbox 3346 2973 3398 3007; x_wconf 88' lang='grc' dir='ltr'>ιι.</span> <span class='ocrx_word' id='word_1_269' title='bbox 3423 2974 3470 3006; x_wconf 84' lang='lat' dir='ltr'>a.</span> <span class='ocrx_word' id='word_1_270' title='bbox 3495 2957 3557 3006; x_wconf 82' lang='lat'>6:</span> 
     </span>
     <span class='ocr_line' id='line_1_26' title="bbox 693 3044 3561 3112; baseline -0.001 -12"><span class='ocrx_word' id='word_1_271' title='bbox 693 3050 756 3101; x_wconf 83' lang='lat' dir='ltr'>R.</span> <span class='ocrx_word' id='word_1_272' title='bbox 782 3048 852 3100; x_wconf 82' lang='lat'>56</span> <span class='ocrx_word' id='word_1_273' title='bbox 885 3048 1017 3099; x_wconf 86' lang='lat' dir='ltr'>inter</span> <span class='ocrx_word' id='word_1_274' title='bbox 1041 3045 1432 3111; x_wconf 83' lang='lat' dir='ltr'>Ratisponensia</span> <span class='ocrx_word' id='word_1_275' title='bbox 1465 3062 1516 3095; x_wconf 88' lang='grc' dir='ltr'>ιι.</span> <span class='ocrx_word' id='word_1_276' title='bbox 1543 3044 1593 3097; x_wconf 89' lang='grc'>8.</span> <span class='ocrx_word' id='word_1_277' title='bbox 1626 3076 1686 3083; x_wconf 94' lang='grc'><strong>-</strong></span> <span class='ocrx_word' id='word_1_278' title='bbox 1713 3044 1776 3096; x_wconf 83' lang='grc' dir='ltr'>Ιιι</span> <span class='ocrx_word' id='word_1_279' title='bbox 1799 3045 2170 3111; x_wconf 76' lang='lat' dir='ltr'>Regimontano</span> <span class='ocrx_word' id='word_1_280' title='bbox 2208 3046 2408 3097; x_wconf 73' lang='lat' dir='ltr'>archivo</span> <span class='ocrx_word' id='word_1_281' title='bbox 2446 3055 2750 3097; x_wconf 81' lang='lat' dir='ltr'>transsumta</span> <span class='ocrx_word' id='word_1_282' title='bbox 2786 3046 2884 3097; x_wconf 86' lang='lat' dir='ltr'>duo</span> <span class='ocrx_word' id='word_1_283' title='bbox 2921 3046 2987 3097; x_wconf 83' lang='lat' dir='ltr'>ad</span> <span class='ocrx_word' id='word_1_284' title='bbox 3022 3046 3313 3097; x_wconf 74' lang='lat' dir='ltr'>instantiam</span> <span class='ocrx_word' id='word_1_285' title='bbox 3348 3054 3405 3096; x_wconf 83' lang='lat' dir='ltr'>et</span> <span class='ocrx_word' id='word_1_286' title='bbox 3436 3062 3561 3112; x_wconf 83' lang='lat' dir='ltr'>pre-</span> 
     </span>
     <span class='ocr_line' id='line_1_27' title="bbox 696 3134 3561 3201; baseline -0.001 -11"><span class='ocrx_word' id='word_1_287' title='bbox 696 3155 778 3191; x_wconf 86' lang='lat' dir='ltr'>ces</span> <span class='ocrx_word' id='word_1_288' title='bbox 813 3138 982 3189; x_wconf 85' lang='lat' dir='ltr'>fratris</span> <span class='ocrx_word' id='word_1_289' title='bbox 1005 3135 1260 3197; x_wconf 84' lang='lat' dir='ltr'>Iohannis,</span> <span class='ocrx_word' id='word_1_290' title='bbox 1295 3134 1468 3200; x_wconf 80' lang='lat' dir='ltr'>magni</span> <span class='ocrx_word' id='word_1_291' title='bbox 1502 3135 1844 3201; x_wconf 82' lang='lat' dir='ltr'>praeceptoris</span> <span class='ocrx_word' id='word_1_292' title='bbox 1882 3135 1932 3186; x_wconf 90' lang='lat' dir='ltr'>d.</span> <span class='ocrx_word' id='word_1_293' title='bbox 1958 3134 2009 3185; x_wconf 89' lang='lat' dir='ltr'>h.</span> <span class='ocrx_word' id='word_1_294' title='bbox 2036 3152 2076 3185; x_wconf 88' lang='lat' dir='ltr'>s.</span> <span class='ocrx_word' id='word_1_295' title='bbox 2098 3134 2167 3185; x_wconf 80' lang='lat' dir='ltr'>M.</span> <span class='ocrx_word' id='word_1_296' title='bbox 2189 3134 2283 3185; x_wconf 73' lang='lat' dir='ltr'>Th.</span> <span class='ocrx_word' id='word_1_297' title='bbox 2307 3136 2367 3196; x_wconf 88' lang='lat'>1.,</span> <span class='ocrx_word' id='word_1_298' title='bbox 2403 3152 2497 3201; x_wconf 84' lang='lat' dir='ltr'>per</span> <span class='ocrx_word' id='word_1_299' title='bbox 2518 3135 2877 3196; x_wconf 77' lang='lat' dir='ltr'>Benacursum,</span> <span class='ocrx_word' id='word_1_300' title='bbox 2914 3135 3191 3201; x_wconf 66' lang='lat' dir='ltr'>&#39;tyrensem</span> <span class='ocrx_word' id='word_1_301' title='bbox 3220 3135 3561 3201; x_wconf 71' lang='lat' dir='ltr'>arehiepisco-</span> 
     </span>
     <span class='ocr_line' id='line_1_28' title="bbox 694 3223 3563 3294; baseline -0.001 -16"><span class='ocrx_word' id='word_1_302' title='bbox 694 3244 832 3294; x_wconf 85' lang='lat' dir='ltr'>pum,</span> <span class='ocrx_word' id='word_1_303' title='bbox 867 3226 1104 3277; x_wconf 79' lang='lat' dir='ltr'>vicarium</span> <span class='ocrx_word' id='word_1_304' title='bbox 1141 3224 1507 3291; x_wconf 72' lang='lat' dir='ltr'>patriarchatus</span> <span class='ocrx_word' id='word_1_305' title='bbox 1544 3223 1928 3276; x_wconf 81' lang='lat' dir='ltr'>lerosolimitani</span> <span class='ocrx_word' id='word_1_306' title='bbox 1965 3232 2018 3275; x_wconf 86' lang='lat' dir='ltr'>et</span> <span class='ocrx_word' id='word_1_307' title='bbox 2052 3224 2371 3289; x_wconf 76' lang='lat' dir='ltr'>episcopatus</span> <span class='ocrx_word' id='word_1_308' title='bbox 2410 3224 2733 3285; x_wconf 85' lang='lat' dir='ltr'>Acconensis‚</span> <span class='ocrx_word' id='word_1_309' title='bbox 2776 3232 2831 3274; x_wconf 89' lang='lat' dir='ltr'>et</span> <span class='ocrx_word' id='word_1_310' title='bbox 2866 3224 3174 3285; x_wconf 63' lang='lat' dir='ltr'>(hilar-dum,</span> <span class='ocrx_word' id='word_1_311' title='bbox 3210 3224 3563 3276; x_wconf 81' lang='lat' dir='ltr'>Bethlehemi-</span> 
     </span>
     <span class='ocr_line' id='line_1_29' title="bbox 693 3312 3564 3381; baseline -0.001 -13"><span class='ocrx_word' id='word_1_312' title='bbox 693 3324 868 3369; x_wconf 84' lang='lat' dir='ltr'>tanum</span> <span class='ocrx_word' id='word_1_313' title='bbox 913 3315 1226 3381; x_wconf 81' lang='lat' dir='ltr'>episcopum,</span> <span class='ocrx_word' id='word_1_314' title='bbox 1275 3312 1336 3369; x_wconf 79' lang='lat' dir='ltr'>d.,</span> <span class='ocrx_word' id='word_1_315' title='bbox 1353 3314 1401 3364; x_wconf 93' lang='lat' dir='ltr'>d.</span> <span class='ocrx_word' id='word_1_316' title='bbox 1439 3313 1491 3363; x_wconf 89' lang='lat' dir='ltr'>in</span> <span class='ocrx_word' id='word_1_317' title='bbox 1537 3314 1684 3364; x_wconf 85' lang='lat' dir='ltr'>domo</span> <span class='ocrx_word' id='word_1_318' title='bbox 1731 3312 2009 3379; x_wconf 85' lang='lat' dir='ltr'>episcopali</span> <span class='ocrx_word' id='word_1_319' title='bbox 2043 3313 2328 3364; x_wconf 81' lang='lat' dir='ltr'>Acconensi</span> <span class='ocrx_word' id='word_1_320' title='bbox 2376 3312 2509 3364; x_wconf 86' lang='grc'>1277</span> <span class='ocrx_word' id='word_1_321' title='bbox 2547 3322 2643 3364; x_wconf 88' lang='lat' dir='ltr'>oct.</span> <span class='ocrx_word' id='word_1_322' title='bbox 2675 3314 2767 3373; x_wconf 72' lang='lat'>193</span> <span class='ocrx_word' id='word_1_323' title='bbox 2814 3312 2877 3363; x_wconf 83' lang='lat' dir='ltr'>cf.</span> <span class='ocrx_word' id='word_1_324' title='bbox 2912 3312 3203 3379; x_wconf 77' lang='lat' dir='ltr'>Napiersky</span> <span class='ocrx_word' id='word_1_325' title='bbox 3238 3313 3401 3365; x_wconf 83' lang='lat' dir='ltr'>Index</span> <span class='ocrx_word' id='word_1_326' title='bbox 3436 3313 3493 3374; x_wconf 90' lang='grc' dir='ltr'>Ι,</span> <span class='ocrx_word' id='word_1_327' title='bbox 3528 3316 3564 3365; x_wconf 85' lang='grc'><strong>3</strong></span> 
     </span>
     <span class='ocr_line' id='line_1_30' title="bbox 695 3401 3567 3469; baseline -0.001 -13"><span class='ocrx_word' id='word_1_328' title='bbox 695 3422 748 3456; x_wconf 90' lang='grc' dir='ltr'>ιι.</span> <span class='ocrx_word' id='word_1_329' title='bbox 779 3406 858 3455; x_wconf 90' lang='grc'>11.</span> <span class='ocrx_word' id='word_1_330' title='bbox 913 3404 1120 3469; x_wconf 81' lang='lat' dir='ltr'>Legitur</span> <span class='ocrx_word' id='word_1_331' title='bbox 1153 3403 1205 3453; x_wconf 90' lang='lat' dir='ltr'>in</span> <span class='ocrx_word' id='word_1_332' title='bbox 1244 3401 1418 3468; x_wconf 82' lang='lat' dir='ltr'>sig-illis</span> <span class='ocrx_word' id='word_1_333' title='bbox 1455 3402 1618 3453; x_wconf 86' lang='lat' dir='ltr'>rubris</span> <span class='ocrx_word' id='word_1_334' title='bbox 1655 3402 1840 3453; x_wconf 83' lang='lat' dir='ltr'>cereis:</span> <span class='ocrx_word' id='word_1_335' title='bbox 1885 3402 1929 3453; x_wconf 92' lang='grc'>1.</span> <span class='ocrx_word' id='word_1_336' title='bbox 1968 3402 2101 3467; x_wconf 85' lang='lat' dir='ltr'>quod</span> <span class='ocrx_word' id='word_1_337' title='bbox 2136 3410 2331 3452; x_wconf 82' lang='lat' dir='ltr'>tantum</span> <span class='ocrx_word' id='word_1_338' title='bbox 2372 3402 2422 3452; x_wconf 89' lang='lat' dir='ltr'>in</span> <span class='ocrx_word' id='word_1_339' title='bbox 2461 3402 2619 3453; x_wconf 79' lang='lat' dir='ltr'>altero</span> <span class='ocrx_word' id='word_1_340' title='bbox 2656 3410 2845 3453; x_wconf 82' lang='lat' dir='ltr'>exstat:</span> <span class='ocrx_word' id='word_1_341' title='bbox 2888 3401 2972 3466; x_wconf 82' lang='lat' dir='ltr'>„S.</span> <span class='ocrx_word' id='word_1_342' title='bbox 3008 3402 3114 3454; x_wconf 85' lang='lat' dir='ltr'>fris.</span> <span class='ocrx_word' id='word_1_343' title='bbox 3137 3402 3419 3454; x_wconf 80' lang='lat' dir='ltr'>Bonacurei</span> <span class='ocrx_word' id='word_1_344' title='bbox 3452 3404 3567 3457; x_wconf 85' lang='lat' dir='ltr'>ord.</span> 
     </span>
     <span class='ocr_line' id='line_1_31' title="bbox 697 3489 3565 3560; baseline 0.001 -17"><span class='ocrx_word' id='word_1_345' title='bbox 697 3489 830 3560; x_wconf 63' lang='lat' dir='ltr'>iidie.</span> <span class='ocrx_word' id='word_1_346' title='bbox 857 3492 940 3543; x_wconf 86' lang='lat' dir='ltr'>dei</span> <span class='ocrx_word' id='word_1_347' title='bbox 976 3489 1083 3557; x_wconf 68' lang='lat' dir='ltr'>gra.</span> <span class='ocrx_word' id='word_1_348' title='bbox 1111 3491 1348 3557; x_wconf 73' lang='lat' dir='ltr'>archiepi.</span> <span class='ocrx_word' id='word_1_349' title='bbox 1375 3490 1679 3557; x_wconf 79' lang='lat' dir='ltr'>&#39;l&#39;yrensis“;</span> <span class='ocrx_word' id='word_1_350' title='bbox 1717 3506 1781 3541; x_wconf 82' lang='lat' dir='ltr'>ex</span> <span class='ocrx_word' id='word_1_351' title='bbox 1817 3507 1997 3542; x_wconf 75' lang='lat' dir='ltr'>aversa</span> <span class='ocrx_word' id='word_1_352' title='bbox 2032 3500 2177 3556; x_wconf 84' lang='lat' dir='ltr'>parte</span> <span class='ocrx_word' id='word_1_353' title='bbox 2218 3490 2505 3555; x_wconf 84' lang='lat' dir='ltr'>„Secretum</span> <span class='ocrx_word' id='word_1_354' title='bbox 2542 3499 2571 3549; x_wconf 88' lang='lat'>†</span> <span class='ocrx_word' id='word_1_355' title='bbox 2600 3492 2765 3557; x_wconf 75' lang='lat' dir='ltr'>Tyrus</span> <span class='ocrx_word' id='word_1_356' title='bbox 2799 3490 3089 3557; x_wconf 84' lang='lat' dir='ltr'>metropolis</span> <span class='ocrx_word' id='word_1_357' title='bbox 3126 3491 3337 3557; x_wconf 81' lang='lat' dir='ltr'>Syrie‘·&#39;;</span> <span class='ocrx_word' id='word_1_358' title='bbox 3386 3493 3437 3544; x_wconf 78' lang='lat'>2.</span> <span class='ocrx_word' id='word_1_359' title='bbox 3476 3492 3565 3557; x_wconf 84' lang='lat' dir='ltr'>„S.</span> 
     </span>
     <span class='ocr_line' id='line_1_32' title="bbox 695 3569 3565 3648; baseline 0 -15"><span class='ocrx_word' id='word_1_360' title='bbox 695 3569 802 3633; x_wconf 61' lang='lat' dir='ltr'>fris.</span> <span class='ocrx_word' id='word_1_361' title='bbox 829 3581 1057 3633; x_wconf 83' lang='lat' dir='ltr'>Gailardi</span> <span class='ocrx_word' id='word_1_362' title='bbox 1092 3581 1176 3633; x_wconf 87' lang='lat' dir='ltr'>dei</span> <span class='ocrx_word' id='word_1_363' title='bbox 1211 3578 1318 3647; x_wconf 71' lang='lat' dir='ltr'>gri.</span> <span class='ocrx_word' id='word_1_364' title='bbox 1341 3579 1729 3631; x_wconf 73' lang='lat' dir='ltr'>Bethleemitafi.</span> <span class='ocrx_word' id='word_1_365' title='bbox 1761 3576 1924 3646; x_wconf 65' lang='lat' dir='ltr'>epi.“;</span> <span class='ocrx_word' id='word_1_366' title='bbox 1964 3595 2025 3630; x_wconf 84' lang='lat' dir='ltr'>ex</span> <span class='ocrx_word' id='word_1_367' title='bbox 2062 3596 2241 3631; x_wconf 79' lang='lat' dir='ltr'>aversa</span> <span class='ocrx_word' id='word_1_368' title='bbox 2276 3590 2421 3646; x_wconf 85' lang='lat' dir='ltr'>parte</span> <span class='ocrx_word' id='word_1_369' title='bbox 2458 3597 2610 3646; x_wconf 88' lang='lat' dir='ltr'>super</span> <span class='ocrx_word' id='word_1_370' title='bbox 2645 3580 2929 3646; x_wconf 70' lang='lat' dir='ltr'>pastoribus</span> <span class='ocrx_word' id='word_1_371' title='bbox 2966 3588 3019 3631; x_wconf 89' lang='lat' dir='ltr'>et</span> <span class='ocrx_word' id='word_1_372' title='bbox 3052 3580 3262 3647; x_wconf 78' lang='lat' dir='ltr'>angelo:</span> <span class='ocrx_word' id='word_1_373' title='bbox 3306 3589 3365 3646; x_wconf 80' lang='lat'>„†</span> <span class='ocrx_word' id='word_1_374' title='bbox 3402 3580 3565 3648; x_wconf 80' lang='lat' dir='ltr'>gloria</span> 
     </span>
     <span class='ocr_line' id='line_1_33' title="bbox 694 3668 3565 3722; baseline 0 0"><span class='ocrx_word' id='word_1_375' title='bbox 694 3671 750 3722; x_wconf 90' lang='lat' dir='ltr'>in</span> <span class='ocrx_word' id='word_1_376' title='bbox 785 3669 996 3721; x_wconf 83' lang='lat' dir='ltr'>excelsis</span> <span class='ocrx_word' id='word_1_377' title='bbox 1033 3668 1181 3721; x_wconf 85' lang='lat' dir='ltr'>deo“.</span> <span class='ocrx_word' id='word_1_378' title='bbox 1234 3669 1458 3721; x_wconf 81' lang='lat' dir='ltr'>Tertium</span> <span class='ocrx_word' id='word_1_379' title='bbox 1494 3668 1778 3721; x_wconf 85' lang='lat' dir='ltr'>huiusmodi</span> <span class='ocrx_word' id='word_1_380' title='bbox 1811 3676 2171 3719; x_wconf 78' lang='lat' dir='ltr'>transeuntum</span> <span class='ocrx_word' id='word_1_381' title='bbox 2208 3670 2271 3720; x_wconf 87' lang='lat' dir='ltr'>de</span> <span class='ocrx_word' id='word_1_382' title='bbox 2308 3669 2487 3721; x_wconf 87' lang='lat' dir='ltr'>eodem</span> <span class='ocrx_word' id='word_1_383' title='bbox 2524 3668 2607 3719; x_wconf 85' lang='lat' dir='ltr'>die</span> <span class='ocrx_word' id='word_1_384' title='bbox 2640 3669 2691 3719; x_wconf 90' lang='lat' dir='ltr'>in</span> <span class='ocrx_word' id='word_1_385' title='bbox 2728 3668 2932 3721; x_wconf 75' lang='lat' dir='ltr'>archivo</span> <span class='ocrx_word' id='word_1_386' title='bbox 2956 3668 3339 3721; x_wconf 72' lang='lat' dir='ltr'>vindobonensi</span> <span class='ocrx_word' id='word_1_387' title='bbox 3372 3671 3565 3722; x_wconf 81' lang='lat' dir='ltr'>ordinis</span> 
     </span>
     <span class='ocr_line' id='line_1_34' title="bbox 697 3757 3565 3820; baseline -0 -9"><span class='ocrx_word' id='word_1_388' title='bbox 697 3758 994 3811; x_wconf 76' lang='lat' dir='ltr'>Theutonici</span> <span class='ocrx_word' id='word_1_389' title='bbox 1030 3766 1329 3820; x_wconf 78' lang='lat' dir='ltr'>asservatur,</span> <span class='ocrx_word' id='word_1_390' title='bbox 1366 3758 1502 3809; x_wconf 88' lang='lat' dir='ltr'>unde</span> <span class='ocrx_word' id='word_1_391' title='bbox 1537 3757 1700 3809; x_wconf 83' lang='lat' dir='ltr'>edidit</span> <span class='ocrx_word' id='word_1_392' title='bbox 1721 3757 1933 3809; x_wconf 82' lang='lat' dir='ltr'>Hennes</span> <span class='ocrx_word' id='word_1_393' title='bbox 1956 3758 1998 3819; x_wconf 88' lang='grc' dir='ltr'>Ι,</span> <span class='ocrx_word' id='word_1_394' title='bbox 2030 3757 2135 3809; x_wconf 83' lang='grc'>225</span> <span class='ocrx_word' id='word_1_395' title='bbox 2171 3774 2221 3809; x_wconf 87' lang='lat' dir='ltr'>n.</span> <span class='ocrx_word' id='word_1_396' title='bbox 2250 3757 2370 3809; x_wconf 82' lang='lat'><strong>258.</strong></span> <span class='ocrx_word' id='word_1_397' title='bbox 2400 3788 2460 3797; x_wconf 94' lang='lat'>—</span> <span class='ocrx_word' id='word_1_398' title='bbox 2492 3758 2613 3809; x_wconf 86' lang='lat' dir='ltr'>Cum</span> <span class='ocrx_word' id='word_1_399' title='bbox 2650 3758 2792 3809; x_wconf 77' lang='lat' dir='ltr'>dato:</span> <span class='ocrx_word' id='word_1_400' title='bbox 2830 3758 3069 3809; x_wconf 77' lang='lat' dir='ltr'>Laterani</span> <span class='ocrx_word' id='word_1_401' title='bbox 3102 3758 3171 3809; x_wconf 83' lang='lat' dir='ltr'>xii</span> <span class='ocrx_word' id='word_1_402' title='bbox 3194 3758 3299 3809; x_wconf 82' lang='lat' dir='ltr'>kal.</span> <span class='ocrx_word' id='word_1_403' title='bbox 3324 3758 3565 3810; x_wconf 68' lang='lat' dir='ltr'>februarii</span> 
     </span>
     <span class='ocr_line' id='line_1_35' title="bbox 699 3846 3565 3915; baseline -0.001 -16"><span class='ocrx_word' id='word_1_404' title='bbox 699 3866 752 3915; x_wconf 88' lang='lat' dir='ltr'>p.</span> <span class='ocrx_word' id='word_1_405' title='bbox 777 3866 828 3899; x_wconf 89' lang='lat' dir='ltr'>n.</span> <span class='ocrx_word' id='word_1_406' title='bbox 855 3865 902 3898; x_wconf 88' lang='lat' dir='ltr'>a.</span> <span class='ocrx_word' id='word_1_407' title='bbox 927 3848 986 3897; x_wconf 72' lang='lat'>52</span> <span class='ocrx_word' id='word_1_408' title='bbox 1021 3846 1113 3908; x_wconf 88' lang='lat' dir='ltr'>IV,</span> <span class='ocrx_word' id='word_1_409' title='bbox 1143 3846 1242 3898; x_wconf 88' lang='grc'>186</span> <span class='ocrx_word' id='word_1_410' title='bbox 1253 3864 1298 3898; x_wconf 81' lang='lat' dir='ltr'>v.</span> <span class='ocrx_word' id='word_1_411' title='bbox 1328 3876 1388 3885; x_wconf 91' lang='lat'><em>-</em></span> <span class='ocrx_word' id='word_1_412' title='bbox 1429 3846 1687 3912; x_wconf 72' lang='lat' dir='ltr'>originale</span> <span class='ocrx_word' id='word_1_413' title='bbox 1725 3862 1838 3897; x_wconf 87' lang='lat' dir='ltr'>cum</span> <span class='ocrx_word' id='word_1_414' title='bbox 1872 3846 2011 3898; x_wconf 86' lang='lat' dir='ltr'>bulla</span> <span class='ocrx_word' id='word_1_415' title='bbox 2042 3847 2099 3897; x_wconf 83' lang='lat' dir='ltr'>in</span> <span class='ocrx_word' id='word_1_416' title='bbox 2134 3846 2231 3898; x_wconf 80' lang='lat' dir='ltr'>filis</span> <span class='ocrx_word' id='word_1_417' title='bbox 2270 3846 2472 3899; x_wconf 81' lang='lat' dir='ltr'>sericeis</span> <span class='ocrx_word' id='word_1_418' title='bbox 2509 3847 2851 3913; x_wconf 83' lang='lat' dir='ltr'>appendente,</span> <span class='ocrx_word' id='word_1_419' title='bbox 2889 3847 3140 3914; x_wconf 83' lang='lat' dir='ltr'>quondam</span> <span class='ocrx_word' id='word_1_420' title='bbox 3174 3847 3565 3913; x_wconf 75' lang='lat' dir='ltr'>Mergenthemi,</span> 
     </span>
     <span class='ocr_line' id='line_1_36' title="bbox 699 3934 3565 4003; baseline 0 -16"><span class='ocrx_word' id='word_1_421' title='bbox 699 3953 833 3987; x_wconf 87' lang='lat' dir='ltr'>nunc</span> <span class='ocrx_word' id='word_1_422' title='bbox 859 3935 1188 3988; x_wconf 84' lang='lat' dir='ltr'>Vindobonae</span> <span class='ocrx_word' id='word_1_423' title='bbox 1230 3936 1282 3986; x_wconf 89' lang='lat' dir='ltr'>in</span> <span class='ocrx_word' id='word_1_424' title='bbox 1321 3936 1521 3987; x_wconf 81' lang='lat' dir='ltr'>archivo</span> <span class='ocrx_word' id='word_1_425' title='bbox 1547 3936 1636 3987; x_wconf 86' lang='lat' dir='ltr'>ois.</span> <span class='ocrx_word' id='word_1_426' title='bbox 1661 3934 1802 3986; x_wconf 81' lang='lat' dir='ltr'>Thci.</span> <span class='ocrx_word' id='word_1_427' title='bbox 1827 3944 2130 3987; x_wconf 82' lang='lat' dir='ltr'>asservatur.</span> <span class='ocrx_word' id='word_1_428' title='bbox 2280 3938 2323 3986; x_wconf 90' lang='lat'>1.</span> <span class='ocrx_word' id='word_1_429' title='bbox 2362 3935 2417 3987; x_wconf 79' lang='lat' dir='ltr'>d.</span> <span class='ocrx_word' id='word_1_430' title='bbox 2438 3954 2486 3986; x_wconf 86' lang='lat' dir='ltr'>a.</span> <span class='ocrx_word' id='word_1_431' title='bbox 2511 3936 2553 3986; x_wconf 94' lang='grc' dir='ltr'>Ι.</span> <span class='ocrx_word' id='word_1_432' title='bbox 2694 3936 2746 3987; x_wconf 79' lang='grc'>2.</span> <span class='ocrx_word' id='word_1_433' title='bbox 2782 3936 2996 3987; x_wconf 86' lang='lat' dir='ltr'>virorum</span> <span class='ocrx_word' id='word_1_434' title='bbox 3032 3936 3379 4003; x_wconf 78' lang='lat' dir='ltr'>religiosorum</span> <span class='ocrx_word' id='word_1_435' title='bbox 3414 3938 3473 3997; x_wconf 86' lang='grc' dir='ltr'>Τ,</span> <span class='ocrx_word' id='word_1_436' title='bbox 3498 3936 3565 3987; x_wconf 79' lang='grc' dir='ltr'>Β.</span> 
     </span>
     <span class='ocr_line' id='line_1_37' title="bbox 699 4024 3561 4091; baseline -0.001 -13"><span class='ocrx_word' id='word_1_437' title='bbox 699 4028 750 4078; x_wconf 90' lang='grc'><strong>3.</strong></span> <span class='ocrx_word' id='word_1_438' title='bbox 787 4024 1292 4077; x_wconf 83' lang='lat' dir='ltr'>Ierosolimitanorum</span> <span class='ocrx_word' id='word_1_439' title='bbox 1327 4025 1386 4076; x_wconf 79' lang='lat'>¹1¹.</span> <span class='ocrx_word' id='word_1_440' title='bbox 1561 4025 1613 4076; x_wconf 89' lang='lat'>4.</span> <span class='ocrx_word' id='word_1_441' title='bbox 1662 4040 1832 4075; x_wconf 88' lang='lat' dir='ltr'>eorum</span> <span class='ocrx_word' id='word_1_442' title='bbox 1870 4024 2043 4075; x_wconf 83' lang='lat' dir='ltr'>domos</span> <span class='ocrx_word' id='word_1_443' title='bbox 2078 4024 2146 4085; x_wconf 93' lang='lat'>11,</span> <span class='ocrx_word' id='word_1_444' title='bbox 2184 4024 2359 4075; x_wconf 90' lang='lat' dir='ltr'>domus</span> <span class='ocrx_word' id='word_1_445' title='bbox 2396 4041 2567 4075; x_wconf 87' lang='lat' dir='ltr'>eorum</span> <span class='ocrx_word' id='word_1_446' title='bbox 2600 4024 2641 4075; x_wconf 93' lang='lat' dir='ltr'>I.</span> <span class='ocrx_word' id='word_1_447' title='bbox 2809 4026 2859 4075; x_wconf 84' lang='lat'>5.</span> <span class='ocrx_word' id='word_1_448' title='bbox 2897 4026 3043 4077; x_wconf 85' lang='lat' dir='ltr'>deest</span> <span class='ocrx_word' id='word_1_449' title='bbox 3064 4026 3125 4086; x_wconf 70' lang='lat' dir='ltr'>T,</span> <span class='ocrx_word' id='word_1_450' title='bbox 3162 4042 3213 4091; x_wconf 87' lang='lat' dir='ltr'>p.</span> <span class='ocrx_word' id='word_1_451' title='bbox 3238 4044 3279 4076; x_wconf 87' lang='lat' dir='ltr'>s.</span> <span class='ocrx_word' id='word_1_452' title='bbox 3306 4043 3363 4076; x_wconf 88' lang='lat' dir='ltr'>se</span> <span class='ocrx_word' id='word_1_453' title='bbox 3386 4034 3423 4076; x_wconf 81' lang='lat' dir='ltr'>t.</span> <span class='ocrx_word' id='word_1_454' title='bbox 3448 4026 3561 4076; x_wconf 76' lang='lat' dir='ltr'>ani-</span> 
     </span>
     <span class='ocr_line' id='line_1_38' title="bbox 699 4111 3563 4179; baseline -0 -13"><span class='ocrx_word' id='word_1_455' title='bbox 699 4132 892 4166; x_wconf 83' lang='lat' dir='ltr'>marum</span> <span class='ocrx_word' id='word_1_456' title='bbox 913 4114 976 4165; x_wconf 79' lang='lat' dir='ltr'>R.</span> <span class='ocrx_word' id='word_1_457' title='bbox 1121 4113 1170 4164; x_wconf 91' lang='grc'><strong>6.</strong></span> <span class='ocrx_word' id='word_1_458' title='bbox 1195 4132 1287 4165; x_wconf 86' lang='lat' dir='ltr'>sua</span> <span class='ocrx_word' id='word_1_459' title='bbox 1310 4112 1398 4163; x_wconf 88' lang='lat' dir='ltr'>IV.</span> <span class='ocrx_word' id='word_1_460' title='bbox 1541 4111 1590 4163; x_wconf 89' lang='grc'>7.</span> <span class='ocrx_word' id='word_1_461' title='bbox 1619 4121 1706 4165; x_wconf 85' lang='lat' dir='ltr'>aut</span> <span class='ocrx_word' id='word_1_462' title='bbox 1733 4143 1793 4151; x_wconf 91' lang='lat'>—</span> <span class='ocrx_word' id='word_1_463' title='bbox 1822 4113 2085 4179; x_wconf 86' lang='lat' dir='ltr'>deponunt</span> <span class='ocrx_word' id='word_1_464' title='bbox 2106 4114 2193 4165; x_wconf 68' lang='lat'>&#39;1¹¹1‘</span> <span class='ocrx_word' id='word_1_465' title='bbox 2218 4112 2378 4175; x_wconf 83' lang='lat' dir='ltr'>deest,</span> <span class='ocrx_word' id='word_1_466' title='bbox 2404 4129 2497 4179; x_wconf 89' lang='lat' dir='ltr'>pro</span> <span class='ocrx_word' id='word_1_467' title='bbox 2522 4112 2725 4179; x_wconf 86' lang='lat' dir='ltr'>quibus:</span> <span class='ocrx_word' id='word_1_468' title='bbox 2751 4114 3042 4167; x_wconf 76' lang='lat' dir='ltr'>animarum.</span> <span class='ocrx_word' id='word_1_469' title='bbox 3183 4114 3235 4165; x_wconf 89' lang='grc'><strong>8.</strong></span> <span class='ocrx_word' id='word_1_470' title='bbox 3260 4114 3451 4165; x_wconf 79' lang='lat' dir='ltr'>abitum</span> <span class='ocrx_word' id='word_1_471' title='bbox 3472 4112 3563 4165; x_wconf 70' lang='lat' dir='ltr'>IV.</span> 
     </span>
     <span class='ocr_line' id='line_1_39' title="bbox 700 4200 3562 4268; baseline -0.001 -13"><span class='ocrx_word' id='word_1_472' title='bbox 700 4204 751 4256; x_wconf 87' lang='lat'>9.</span> <span class='ocrx_word' id='word_1_473' title='bbox 789 4202 920 4265; x_wconf 77' lang='lat' dir='ltr'>Quia</span> <span class='ocrx_word' id='word_1_474' title='bbox 941 4203 984 4254; x_wconf 92' lang='lat'>1.</span> <span class='ocrx_word' id='word_1_475' title='bbox 1132 4202 1211 4253; x_wconf 92' lang='grc'><strong>10.</strong></span> <span class='ocrx_word' id='word_1_476' title='bbox 1249 4202 1395 4254; x_wconf 86' lang='lat' dir='ltr'>deest</span> <span class='ocrx_word' id='word_1_477' title='bbox 1427 4200 1494 4253; x_wconf 90' lang='lat'>11.</span> <span class='ocrx_word' id='word_1_478' title='bbox 1648 4202 1728 4253; x_wconf 94' lang='grc'>11.</span> <span class='ocrx_word' id='word_1_479' title='bbox 1763 4202 2061 4253; x_wconf 85' lang='lat' dir='ltr'>mandamus</span> <span class='ocrx_word' id='word_1_480' title='bbox 2095 4212 2243 4268; x_wconf 85' lang='lat' dir='ltr'>atque</span> <span class='ocrx_word' id='word_1_481' title='bbox 2276 4202 2577 4267; x_wconf 84' lang='lat' dir='ltr'>precipimus</span> <span class='ocrx_word' id='word_1_482' title='bbox 2614 4202 2676 4253; x_wconf 79' lang='lat' dir='ltr'>R.</span> <span class='ocrx_word' id='word_1_483' title='bbox 2836 4203 2916 4254; x_wconf 84' lang='lat'>12.</span> <span class='ocrx_word' id='word_1_484' title='bbox 2953 4203 3101 4255; x_wconf 81' lang='lat' dir='ltr'>deest</span> <span class='ocrx_word' id='word_1_485' title='bbox 3132 4202 3175 4255; x_wconf 88' lang='lat'>1.</span> <span class='ocrx_word' id='word_1_486' title='bbox 3321 4204 3403 4256; x_wconf 83' lang='lat'>13.</span> <span class='ocrx_word' id='word_1_487' title='bbox 3438 4220 3562 4254; x_wconf 83' lang='lat' dir='ltr'>eon-</span> 
     </span>
    </p>
   </div>
   <div class='ocr_carea' id='block_1_6' title="bbox 702 4290 3561 4441">
    <p class='ocr_par' dir='ltr' id='par_1_6' title="bbox 702 4290 3561 4441">
     <span class='ocr_line' id='line_1_40' title="bbox 702 4290 3561 4359; baseline 0 -16"><span class='ocrx_word' id='word_1_488' title='bbox 702 4292 959 4359; x_wconf 81' lang='lat' dir='ltr'>stringatis</span> <span class='ocrx_word' id='word_1_489' title='bbox 994 4292 1057 4343; x_wconf 82' lang='lat' dir='ltr'>R.</span> <span class='ocrx_word' id='word_1_490' title='bbox 1210 4292 1292 4342; x_wconf 86' lang='lat'>14.</span> <span class='ocrx_word' id='word_1_491' title='bbox 1329 4290 1534 4357; x_wconf 84' lang='lat' dir='ltr'>dignam</span> <span class='ocrx_word' id='word_1_492' title='bbox 1567 4290 1963 4344; x_wconf 78' lang='lat' dir='ltr'>satisfactionem</span> <span class='ocrx_word' id='word_1_493' title='bbox 1984 4291 2073 4343; x_wconf 90' lang='lat' dir='ltr'>IV.</span> <span class='ocrx_word' id='word_1_494' title='bbox 2222 4292 2301 4343; x_wconf 87' lang='lat'>15.</span> <span class='ocrx_word' id='word_1_495' title='bbox 2338 4290 2483 4341; x_wconf 86' lang='lat' dir='ltr'>deest</span> <span class='ocrx_word' id='word_1_496' title='bbox 2516 4290 2557 4351; x_wconf 84' lang='lat'>1,</span> <span class='ocrx_word' id='word_1_497' title='bbox 2582 4290 2671 4342; x_wconf 87' lang='lat' dir='ltr'>IV.</span> <span class='ocrx_word' id='word_1_498' title='bbox 2818 4292 2899 4343; x_wconf 83' lang='lat'>16.</span> <span class='ocrx_word' id='word_1_499' title='bbox 2941 4291 3249 4345; x_wconf 76' lang='lat' dir='ltr'>Provideant</span> <span class='ocrx_word' id='word_1_500' title='bbox 3274 4322 3337 4331; x_wconf 87' lang='lat'>—-</span> <span class='ocrx_word' id='word_1_501' title='bbox 3364 4294 3561 4359; x_wconf 82' lang='lat' dir='ltr'>impen-</span> 
     </span>
     <span class='ocr_line' id='line_1_41' title="bbox 704 4380 1280 4441; baseline 0 -10"><span class='ocrx_word' id='word_1_502' title='bbox 704 4382 827 4433; x_wconf 82' lang='lat' dir='ltr'>dant</span> <span class='ocrx_word' id='word_1_503' title='bbox 862 4381 1008 4433; x_wconf 85' lang='lat' dir='ltr'>deest</span> <span class='ocrx_word' id='word_1_504' title='bbox 1040 4381 1099 4441; x_wconf 79' lang='lat' dir='ltr'>T,</span> <span class='ocrx_word' id='word_1_505' title='bbox 1124 4380 1192 4440; x_wconf 88' lang='lat' dir='ltr'>H,</span> <span class='ocrx_word' id='word_1_506' title='bbox 1217 4380 1280 4431; x_wconf 79' lang='lat' dir='ltr'>R.</span> 
     </span>
    </p>
   </div>
   <div class='ocr_carea' id='block_1_7' title="bbox 1811 4471 2164 4481">
    <p class='ocr_par' dir='ltr' id='par_1_7' title="bbox 1811 4471 2164 4481">
     <span class='ocr_line' id='line_1_42' title="bbox 1811 4471 2164 4481; baseline 0 1128"><span class='ocrx_word' id='word_1_507' title='bbox 1811 4471 2164 4481; x_wconf 95' lang='lat' dir='ltr'> </span> 
     </span>
    </p>
   </div>
   <div class='ocr_carea' id='block_1_8' title="bbox 2170 4471 2445 4479">
    <p class='ocr_par' dir='ltr' id='par_1_8' title="bbox 2170 4471 2445 4479">
     <span class='ocr_line' id='line_1_43' title="bbox 2170 4471 2445 4479; baseline 0.007 -1"><span class='ocrx_word' id='word_1_508' title='bbox 2170 4471 2445 4479; x_wconf 41' lang='grc' dir='ltr'>’-ᾖ</span> 
     </span>
    </p>
   </div>
   <div class='ocr_carea' id='block_1_9' title="bbox 707 4602 3561 4781">
    <p class='ocr_par' dir='ltr' id='par_1_9' title="bbox 707 4602 3561 4781">
     <span class='ocr_line' id='line_1_44' title="bbox 707 4602 3561 4690; baseline -0.001 -15"><span class='ocrx_word' id='word_1_509' title='bbox 707 4602 884 4675; x_wconf 84' lang='grc'><strong>308.</strong></span> <span class='ocrx_word' id='word_1_510' title='bbox 925 4606 1098 4672; x_wconf 85' lang='grc'><strong>1221</strong></span> <span class='ocrx_word' id='word_1_511' title='bbox 1145 4607 1435 4671; x_wconf 78' lang='lat' dir='ltr'>ianuarii</span> <span class='ocrx_word' id='word_1_512' title='bbox 1460 4606 1504 4671; x_wconf 86' lang='lat'><em>9</em></span> <span class='ocrx_word' id='word_1_513' title='bbox 1543 4605 1866 4671; x_wconf 78' lang='lat' dir='ltr'>Laterani.</span> <span class='ocrx_word' id='word_1_514' title='bbox 1939 4604 2265 4671; x_wconf 76' lang='lat' dir='ltr'>Honorius</span> <span class='ocrx_word' id='word_1_515' title='bbox 2292 4604 2414 4671; x_wconf 90' lang='lat' dir='ltr'>III</span> <span class='ocrx_word' id='word_1_516' title='bbox 2450 4607 2773 4690; x_wconf 77' lang='lat' dir='ltr'>confirmat</span> <span class='ocrx_word' id='word_1_517' title='bbox 2820 4610 2901 4671; x_wconf 77' lang='lat' dir='ltr'>oi.</span> <span class='ocrx_word' id='word_1_518' title='bbox 2936 4606 3123 4673; x_wconf 77' lang='grc' dir='ltr'><strong>ΤῘισο.</strong></span> <span class='ocrx_word' id='word_1_519' title='bbox 3156 4628 3339 4673; x_wconf 75' lang='lat' dir='ltr'>usum</span> <span class='ocrx_word' id='word_1_520' title='bbox 3382 4628 3561 4673; x_wconf 70' lang='lat' dir='ltr'>man-</span> 
     </span>
     <span class='ocr_line' id='line_1_45' title="bbox 925 4714 2677 4781; baseline 0 -2"><span class='ocrx_word' id='word_1_521' title='bbox 925 4714 1212 4779; x_wconf 77' lang='lat' dir='ltr'>tellorum</span> <span class='ocrx_word' id='word_1_522' title='bbox 1258 4726 1314 4779; x_wconf 79' lang='lat' dir='ltr'>et</span> <span class='ocrx_word' id='word_1_523' title='bbox 1357 4714 1636 4778; x_wconf 79' lang='lat' dir='ltr'>aliarum</span> <span class='ocrx_word' id='word_1_524' title='bbox 1677 4716 1938 4779; x_wconf 76' lang='lat' dir='ltr'>vestium</span> <span class='ocrx_word' id='word_1_525' title='bbox 1982 4714 2318 4779; x_wconf 78' lang='lat' dir='ltr'>secundum</span> <span class='ocrx_word' id='word_1_526' title='bbox 2360 4727 2677 4781; x_wconf 69' lang='lat' dir='ltr'>statutum.</span> 
     </span>
    </p>
   </div>
   <div class='ocr_carea' id='block_1_10' title="bbox 704 4843 3563 5043">
    <p class='ocr_par' dir='ltr' id='par_1_10' title="bbox 704 4843 3563 5043">
     <span class='ocr_line' id='line_1_46' title="bbox 925 4843 3563 4934; baseline 0 -21"><span class='ocrx_word' id='word_1_527' title='bbox 925 4845 1240 4913; x_wconf 89' lang='lat' dir='ltr'>Honorius</span> <span class='ocrx_word' id='word_1_528' title='bbox 1298 4846 1627 4934; x_wconf 88' lang='lat' dir='ltr'>episcopus</span> <span class='ocrx_word' id='word_1_529' title='bbox 1685 4866 1902 4913; x_wconf 87' lang='lat' dir='ltr'>servus</span> <span class='ocrx_word' id='word_1_530' title='bbox 1959 4866 2281 4913; x_wconf 83' lang='lat' dir='ltr'>servorum</span> <span class='ocrx_word' id='word_1_531' title='bbox 2336 4846 2437 4914; x_wconf 87' lang='lat' dir='ltr'>dei</span> <span class='ocrx_word' id='word_1_532' title='bbox 2483 4847 2727 4915; x_wconf 88' lang='lat' dir='ltr'>dilectis</span> <span class='ocrx_word' id='word_1_533' title='bbox 2781 4846 2929 4915; x_wconf 81' lang='lat' dir='ltr'>filiis</span> <span class='ocrx_word' id='word_1_534' title='bbox 2990 4843 3377 4914; x_wconf 87' lang='lat' dir='ltr'>Hermanno¹</span> <span class='ocrx_word' id='word_1_535' title='bbox 3429 4868 3563 4913; x_wconf 89' lang='lat' dir='ltr'>ma-</span> 
     </span>
     <span class='ocr_line' id='line_1_47' title="bbox 704 4952 3563 5043; baseline 0.002 -26"><span class='ocrx_word' id='word_1_536' title='bbox 704 4954 901 5037; x_wconf 86' lang='lat' dir='ltr'>gistro</span> <span class='ocrx_word' id='word_1_537' title='bbox 951 4960 1016 5019; x_wconf 89' lang='lat' dir='ltr'>et</span> <span class='ocrx_word' id='word_1_538' title='bbox 1055 4952 1357 5020; x_wconf 86' lang='lat' dir='ltr'>fratribus</span> <span class='ocrx_word' id='word_1_539' title='bbox 1389 4960 1504 5021; x_wconf 87' lang='lat' dir='ltr'>etc.</span> <span class='ocrx_word' id='word_1_540' title='bbox 1541 4954 1802 5023; x_wconf 83' lang='lat' dir='ltr'>salutem</span> <span class='ocrx_word' id='word_1_541' title='bbox 1838 4961 1903 5022; x_wconf 90' lang='lat' dir='ltr'>et</span> <span class='ocrx_word' id='word_1_542' title='bbox 1932 4953 2336 5043; x_wconf 88' lang='lat' dir='ltr'>apostolicam</span> <span class='ocrx_word' id='word_1_543' title='bbox 2371 4955 2885 5025; x_wconf 88' lang='lat' dir='ltr'>benedictionem.</span> <span class='ocrx_word' id='word_1_544' title='bbox 3111 4954 3226 5039; x_wconf 88' lang='lat' dir='ltr'>Ea,</span> <span class='ocrx_word' id='word_1_545' title='bbox 3274 4975 3393 5041; x_wconf 87' lang='lat' dir='ltr'>que</span> <span class='ocrx_word' id='word_1_546' title='bbox 3438 4958 3563 5022; x_wconf 83' lang='lat' dir='ltr'>sta-</span> 
     </span>
    </p>
   </div>
  </div>
 </body>
</html>
