3892 5609
1327 401 1716 450 remmam
1760 402 2150 451 sumemus
3010 393 3159 465 393

321 557 495 628 571.
537 561 718 627 1257
763 561 991 649 septbr.
1025 562 1066 625 7
1109 561 1372 627 Vim-bii
1413 561 1526 648 (cf.
1562 564 1762 628 decbr.
1786 564 1852 644 7,
1901 563 2083 629 1258
2110 564 2311 629 decbr.
2340 563 2477 646 11).
2537 564 2899 631 Alexander
2929 564 3041 632 IV
3064 588 3163 632 re-

533 670 692 757 petit
734 668 1086 734 Innocentii
1115 668 1226 734 IV
1257 693 1320 735 n.
1352 670 1492 735 474
1535 672 1612 735 de
1643 670 1817 737 1244
1861 671 2091 757 aprilis
2120 670 2227 736 20.

533 810 894 878 Alexander
939 816 1054 877 etc.
1259 811 1416 877 Cum
1462 811 1672 879 dilecti
1719 816 1836 879 etc.
1894 811 2127 879 Datum
2179 812 2442 881 Viterbii
2486 814 2575 880 vii
2602 814 2744 881 idus
2790 814 3165 901 septembris

317 915 715 1003 pontificatus
760 919 960 985 nostri
1005 938 1169 985 anno
1215 918 1427 985 tercio.

529 1050 652 1101 Cum
686 1051 828 1104 dato:
867 1050 1078 1102 Viterbii
1113 1051 1146 1103 7
1181 1052 1251 1103 id.
1277 1054 1464 1117 septbr.
1501 1068 1564 1103 ex
1599 1050 1830 1118 originali
1861 1052 2269 1117 vindobonensi,
2306 1052 2557 1121 quondam
2592 1052 2841 1117 Iunoensi,
2883 1071 2995 1105 cum
3029 1054 3167 1107 bulla

317 1138 368 1189 in
391 1138 489 1190 filis
513 1140 714 1193 sericeis
737 1140 900 1191 rubris
924 1150 978 1191 et
998 1140 1146 1191 luteis
1170 1158 1396 1207 appensa
1421 1140 1500 1193 ed.
1514 1140 1721 1193 Hennes
1745 1140 1786 1209 1,
1811 1142 1910 1193 155
1947 1142 2134 1195 11.168.
2170 1142 2203 1194 7
2224 1142 2292 1210 (Ὶ)
2318 1144 2506 1210 septbr.
2531 1160 2645 1209 p.n.
2664 1162 2711 1194 a.
2730 1143 2783 1195 3.
2817 1144 2883 1195 A.
2900 1142 2964 1195 16
2988 1162 3041 1211 Ρ.
3064 1144 3167 1195 114

323 1228 620 1291 „Treviris“.
659 1258 722 1267 —
767 1231 890 1281 Cum
926 1230 1070 1282 dato:
1118 1230 1330 1281 viterbii
1365 1229 1398 1281 7
1435 1229 1547 1281 idus
1585 1230 1860 1282 decembris
1895 1248 1946 1299 Ρ.
1973 1249 2023 1283 11.
2048 1249 2095 1285 a.
2120 1231 2171 1285 3.
2218 1230 2283 1284 A.
2306 1230 2370 1283 16
2406 1248 2457 1299 p.
2482 1231 2551 1283 72
2594 1232 2879 1299 „Colonie“.
2933 1232 3167 1301 Anagnis

319 1316 354 1368 3
388 1316 502 1369 idus
538 1317 814 1370 decembris
849 1336 900 1386 p.
925 1336 975 1370 n.
1003 1338 1048 1371 a.
1074 1318 1124 1371 4.
1174 1319 1237 1371 A.
1269 1318 1333 1371 16
1369 1336 1420 1387 Ρ.
1443 1318 1480 1369 4
1521 1319 1828 1387 „Venetiis“.

325 1574 500 1645 572.
542 1577 721 1644 1257
766 1578 992 1665 septbr.
1023 1581 1067 1646 9
1111 1578 1388 1645 Viterbii.
1457 1580 1820 1647 Ale-vander
1849 1582 1896 1647 I
1899 1581 1963 1649 V
1995 1584 2217 1668 repetit
2256 1604 2322 1646 n.
2354 1582 2488 1649 544
2532 1582 2610 1647 de
2638 1580 2820 1647 1257
2862 1584 3034 1649 iunii
3059 1581 3121 1648 1.

540 1717 899 1787 Alexander
945 1726 1059 1787 etc.
1287 1720 1443 1787 Cum
1491 1721 1732 1789 dilectis
1779 1728 1896 1790 etc.
1956 1720 2195 1789 Datum
2224 1721 2490 1790 Viterbii
2536 1722 2747 1789 vidus
2796 1722 3169 1809 septembris

319 1824 716 1911 pontificatus
761 1828 964 1893 nostri
1009 1846 1173 1894 anno
1217 1830 1430 1895 tercio.

327 2090 500 2162 573.
545 2094 722 2160 1257
766 2098 988 2181 septbr.
1025 2094 1110 2161 13
1154 2095 1429 2163 Vicerbii.
1501 2094 1864 2163 Alexander
1893 2097 2007 2163 IV
2038 2098 2262 2185 repetit
2301 2120 2366 2162 n.
2398 2096 2531 2163 569
2574 2096 2756 2163 1257
2800 2120 2945 2184 any.
2979 2096 3086 2163 16.

538 2233 901 2303 Alexander
946 2240 1062 2303 eto.
1099 2242 1116 2255 '
1241 2236 1548 2317 Quociens
1595 2258 1634 2305 a
1661 2238 1844 2305 nobis
1875 2244 1993 2305 etc.
2060 2236 2299 2307 Datum
2328 2236 2595 2307 Viterbii
2624 2237 2764 2305 idus
2796 2236 3170 2324 septembris

321 2340 718 2427 pontificatus
763 2344 965 2409 nostri
1011 2364 1172 2410 anno
1217 2346 1430 2412 tercio.

328 2614 502 2686 574.
543 2620 675 2685 125
681 2620 724 2685 7
765 2620 982 2686 novbr.
1015 2622 1058 2687 5
1102 2620 1376 2687 Vim-bii.
1445 2620 1808 2686 Alexander
1839 2619 1952 2686 IV
1986 2622 2265 2687 concedit
2301 2624 2518 2687 ordini
2550 2620 2953 2701 Theutonioe,
3002 2622 3175 2707 quod

541 2749 669 2792 non
713 2740 992 2793 teneatur
1012 2752 1134 2815 per
1165 2729 1374 2794 literae
1417 2729 1680 2816 papales
1725 2728 1823 2793 vel
1866 2728 2210 2815 legatorum
2253 2732 2323 2794 in
2365 2732 2652 2816 personis
2688 2730 2787 2794 vel
2814 2732 2995 2796 rebus
3025 2730 3173 2795 eub-

541 2838 752 2900 vem‘re
794 2839 1088 2922 cuiquam
1130 2839 1263 2903 nisi
1298 2837 1553 2926 plenam
1595 2837 1958 2903 huiuamodi
1992 2837 2418 2923 indulqentiae
2442 2837 2757 2922 facientes
2784 2842 3171 2937 mentionem.

544 2984 905 3054 Alexander
959 2988 1289 3075 episcopus
1335 3008 1551 3055 servus
1597 3007 1917 3055 servorum
1964 2988 2067 3055 dei
2111 2986 2355 3055 dilectis
2398 2986 2544 3055 filiis
2590 2988 2891 3071 magistro
2940 2993 3003 3055 et
3044 2988 3176 3055 fta-

323 3092 526 3159 tribus
571 3094 900 3182 hospitalis
947 3101 1162 3163 sancte
1191 3094 1391 3163 Mario
1423 3095 1940 3163 Theotonicorum
1974 3094 2457 3161 lerosolimitani
2502 3095 2769 3163 salutem
2816 3101 2881 3163 et
2926 3100 3177 3181 aposto-

323 3200 511 3267 licam
565 3200 1080 3270 benedictionem.
1303 3202 1770 3289 Hospitalitatis
1826 3202 2111 3289 piissime
2168 3222 2242 3270 ac
2298 3202 2676 3269 defensionis
2736 3207 2903 3269 terre
2962 3207 3176 3270 sancte

325 3309 622 3393 studium,
670 3310 770 3376 cui
814 3311 1128 3377 ferventer
1161 3310 1510 3395 intenditis,
1557 3330 1668 3377 vos
1716 3309 1882 3397 apud
1913 3311 2127 3377 sedem
2160 3311 2566 3397 apostolicam
2597 3309 2820 3393 dignos
2852 3309 3179 3376 constituit

323 3416 557 3483 favoris
602 3419 816 3501 gracia
860 3418 1167 3505 specialis.
1236 3417 1399 3484 Hinc
1445 3422 1560 3501 est,
1608 3418 1772 3501 quod
1816 3438 1930 3484 nos
1963 3419 2189 3485 vestris
2230 3416 2799 3505 supplicacionibus
2832 3422 3177 3483 annuentes

325 3524 697 3591 auctoritate
748 3526 924 3592 vobis
983 3525 1374 3611 presencium
1420 3524 1846 3609 indulgemus,
1904 3520 2004 3590 ut²
2058 3545 2173 3611 per
2214 3526 2459 3593 litteras
2516 3524 2857 3611 apostolice
2902 3523 3068 3591 sedis
3114 3528 3180 3591 et

325 3630 674 3715 legatorum
721 3634 854 3699 eius
899 3634 1246 3718 inpetratas
1292 3632 1390 3699 vel
1436 3633 1512 3698 de
1558 3637 1764 3698 cetero
1807 3633 2215 3717 inpetrandas
2256 3634 2325 3700 in
2354 3633 2642 3720 personis
2670 3628 2807 3699 vel²
2836 3631 3023 3698 rebus
3052 3650 3179 3697 non

325 3740 667 3805 teneamini
715 3736 934 3806 alicui³
979 3740 1328 3823 subvenire,
1374 3739 1498 3805 nisi
1546 3740 1710 3806 dicte
1753 3739 1963 3805 littere
2010 3739 2349 3826 apostolice
2394 3740 2788 3826 impetrande
2830 3738 3081 3824 plenam
3116 3743 3182 3804 et

328 3866 689 3934 expressam
749 3848 827 3913 de
881 3848 1000 3913 hac
1054 3846 1454 3931 indulgencia
1510 3845 1772 3913 fecerint
1827 3847 2237 3913 mencionem.
2322 3846 2454 3913 Nos
2512 3847 2680 3913 enim
2735 3846 3177 3913 nichilominus

327 3974 686 4041 proc-essum
745 3959 854 4020 aut
907 3955 1287 4023 sentenciam
1304 3986 1334 4038 ‚·
1383 3955 1436 4019 si
1494 3974 1670 4020 secus
1723 3954 1792 4020 in
1849 3974 1960 4019 vos
2024 3959 2132 4020 aut
2176 3954 2467 4021 ecclesias
2513 3973 2625 4020 seu
2671 3953 2889 4019 domos
2935 3958 3178 4020 vestras

326 4062 545 4129 haberi
603 4063 961 4145 contigerit,
1019 4058 1442 4128 decernimus⁴
1499 4060 1730 4127 nullius
1779 4062 2050 4127 existere
2092 4058 2430 4127 firmitatis.
2510 4059 2684 4127 Nulli
2730 4080 2877 4143 ergo
2924 4060 3177 4126 omnino

326 4170 650 4237 hominum
706 4169 892 4235 liceat
946 4168 1109 4235 hanc
1159 4168 1456 4255 paginam
1499 4173 1714 4235 nostre
1755 4169 2173 4235 concessionis
2218 4173 2280 4234 et
2321 4167 2792 4235 constitucionis
2836 4167 3181 4251 infringere

329 4277 428 4344 vel
473 4278 533 4343 ei
579 4297 734 4343 ausu
781 4277 1111 4343 temerario
1159 4276 1487 4342 contraire.
1559 4274 1628 4341 Si
1674 4276 1814 4361 quis
1861 4282 2070 4342 autem
2117 4275 2235 4343 hoc
2282 4281 2659 4363 attemptare
2704 4274 3179 4362 presumpserit,

327 4385 828 4469 indignacionem
889 4384 1334 4471 omnipotentis
1389 4382 1490 4449 dei
1545 4387 1608 4449 et
1651 4384 1977 4449 beatorum
2024 4382 2197 4450 Petri
2243 4388 2306 4450 et
2348 4382 2530 4451 Pauli
2576 4382 3001 4471 apostolorum
3048 4382 3181 4449 eius

329 4514 399 4561 se
451 4494 698 4560 noverit
754 4493 1169 4559 incursurum.
1247 4491 1479 4558 Datum
1528 4490 1796 4557 Viterbii
1853 4510 2053 4557 nonas
2108 4490 2468 4558 novembris
2522 4490 2923 4579 pontificatus
2978 4490 3183 4557 nostri

330 4620 494 4669 anno
538 4601 752 4667 tercio.

539 4724 660 4777 Sine
685 4724 829 4775 dato:
865 4723 931 4785 11,
961 4722 1060 4774 122
1075 4740 1122 4774 v.
1157 4741 1206 4775 n.
1231 4722 1330 4784 893
1365 4722 1430 4773 R.
1449 4721 1482 4773 7
1519 4722 1648 4773 inter
1671 4718 2115 4787 Norimbergensia
2143 4720 2235 4783 103
2272 4720 2451 4773 citatur
2474 4720 2537 4773 R.
2560 4720 2662 4773 140
2684 4722 2815 4773 inter
2836 4720 3183 4783 Trevirensi23

329 4813 482 4867 A.20
514 4831 564 4865 11.
591 4812 690 4865 107
727 4812 906 4864 Latine
943 4820 996 4863 et
1021 4812 1316 4863 Germanice
1351 4828 1464 4863 cum
1497 4820 1642 4863 nota:
1679 4810 1738 4861 In
1762 4810 1967 4861 Treveri
1976 4828 1993 4871 ;
2026 4810 2081 4861 111
2104 4810 2439 4877 Nurenburg;
2472 4810 2593 4861 item
2628 4810 2681 4861 in
2702 4810 2949 4877 Mer-purg
2969 4811 3184 4863 habetur

329 4902 660 4971 privilegium.
687 4930 752 4941 -
791 4902 914 4953 Cum
949 4901 1094 4953 dato:
1130 4900 1220 4963 IV,
1246 4900 1408 4954 212v.
1443 4918 1496 4952 n.
1519 4900 1612 4962 10;
1647 4898 1892 4966 originale
1925 4915 2040 4951 cum
2074 4898 2211 4951 bulla
2232 4899 2285 4951 111
2308 4899 2407 4951 filis
2429 4900 2633 4952 sericeis
2656 4916 2885 4968 appensa
2904 4901 2959 4951 in
2983 4900 3185 4953 archivo

331 4992 519 5045 ordinis
555 4990 850 5043 Theutonici
881 4990 1286 5053 vindobonensi,
1331 4991 1420 5043 ubi
1463 4990 1614 5042 etiam
1660 4988 1934 5042 secundum
1968 4987 2214 5055 originale
2249 4988 2425 5041 domus
2460 4988 2863 5041 vindobonensis
2900 5005 3013 5043 cum
3047 4988 3185 5043 bulla

331 5080 384 5133 in
417 5080 516 5133 filis
551 5080 754 5133 sericeis
787 5081 951 5132 rubris
985 5088 1039 5131 et
1069 5078 1220 5132 luteis
1255 5096 1510 5147 apponam
1553 5079 1618 5133 R.
1644 5078 1714 5131 60
1747 5078 1878 5131 inter
1911 5078 2307 5146 Ratisponensia
2340 5094 2390 5131 n.
2412 5075 2505 5140 173
2542 5076 2607 5131 R.
2629 5078 2727 5132 125
2764 5088 2819 5133 et
2850 5078 2917 5153 A.
2939 5078 3005 5131 16
3036 5096 3090 5147 Ρ.
3114 5078 3183 5131 65
