3892 5609
1331 350 1634 401 Puussu.
1703 350 1891 400 uon
1935 351 2249 401 mancum
3076 343 3227 415 215

357 497 707 595 generalis,
759 530 838 577 ac
892 509 1168 578 eiusdem
1217 511 1456 577 ordinis
1499 512 1600 577 sui
1654 512 2053 599 presentatas
2100 532 2243 578 cum
2288 531 2395 595 ea,
2452 532 2577 597 qua
2620 512 2830 579 decuit
2870 514 3234 581 reverencia

355 618 734 706 recepimus.
803 616 1078 696 Quarum
1125 621 1308 685 tenor
1350 620 1634 704 sequitur
1677 619 1756 686 de
1799 620 1993 686 verbo
2042 620 2122 685 ad
2167 619 2427 685 verbum
2474 622 2539 685 et
2581 624 2679 685 est
2722 620 2904 686 talis.

680 723 818 792 Wir
859 723 911 790 F
913 724 1185 792 ndei-ich
1229 729 1346 791 etc.
1396 724 1763 807 (Newnstad
1810 726 1984 791 1443
2028 725 2186 792 febr.
2225 725 2350 806 19).
2423 727 2504 805 (v.
2539 747 2735 813 supra
2761 747 2824 791 n.
2849 726 3069 807 215).

357 830 557 899 Cuius
587 830 839 916 quidem
871 832 1328 899 commissionis
1358 833 1699 917 pretextu
1682 852 1746 898 m
1778 836 2001 898 nostra
2029 832 2405 898 constitutus
2444 833 2773 917 presencia
2814 831 3232 918 personaliter

357 938 739 1006 venerabilis
799 938 899 1005 vir
963 938 1255 1004 dominus
1310 936 1686 1005 wichardus
1741 936 2108 1024 Heilsperg,
2176 936 2462 1004 officialis
2528 939 2699 1005 curie
2757 958 2831 1005 ae
2893 938 3230 1003 canonicus

359 1046 624 1113 ecclesie
666 1049 882 1112 nostre
912 1042 1343 1129 WarmiensiS,
1389 1044 1622 1130 prefati
1652 1044 1890 1110 domini
1919 1042 2194 1110 Conradi
2224 1045 2513 1128 magistri
2550 1045 2862 1129 generalis
2899 1049 2964 1110 et
2991 1044 3229 1111 ordinis

357 1153 462 1219 sui
506 1158 876 1238 procurator
920 1157 986 1218 et
1029 1148 1338 1235 sindicus,
1395 1155 1586 1237 prout
1630 1151 1707 1217 de
1753 1151 1851 1216 sui
1894 1151 2365 1237 procuracionis
2412 1155 2476 1217 et
2528 1151 2873 1218 sindicatus
2932 1150 3229 1218 mandato

355 1259 545 1325 nobis
599 1278 714 1345 per
777 1262 1064 1345 patentes
1122 1256 1365 1324 litteras
1431 1257 1665 1343 prefati
1719 1256 1961 1323 domini
2020 1257 2293 1324 Gom-adi
2349 1258 2638 1341 magistri
2704 1258 3013 1342 generalis
3080 1276 3229 1323 vero

355 1365 570 1449 sigillo
614 1365 924 1449 sigillatas
967 1363 1222 1450 plenam
1265 1364 1417 1429 fecit
1458 1362 1669 1447 fidem,
1715 1361 2050 1429 nonnullas
2096 1363 2360 1448 litteras,
2416 1364 2750 1450 privilegia
2794 1370 2859 1431 et
2899 1363 3149 1429 indulta
3190 1384 3232 1430 a

357 1472 525 1538 divis
555 1472 977 1538 Romanorum
1023 1469 1509 1556 imperatoribus
1555 1474 1622 1537 et
1664 1469 1916 1552 regibus
1964 1490 2037 1535 ac
2083 1472 2245 1536 sacri
2290 1470 2543 1557 imperii
2590 1470 2963 1537 electoribus
2994 1475 3059 1537 et
3088 1469 3229 1536 aliis

271 1602 297 1621 ⁸
355 1577 752 1666 principibus
795 1576 1130 1663 presertim
1176 1575 1596 1643 concessionis
1639 1580 1807 1642 terre
1851 1576 2027 1642 Nove
2066 1576 2343 1644 Marchie
2382 1577 3007 1661 Brandenburgensis
3050 1582 3231 1644 trans

359 1685 636 1752 Oderam
686 1682 1030 1767 vulgariter
1081 1688 1474 1767 nunccupate
1532 1702 1606 1747 ac
1657 1682 1942 1747 mandati
2000 1682 2371 1749 investiture
2424 1684 2503 1751 ad
2560 1684 2825 1751 eandem
2882 1704 2921 1750 a
2976 1684 3229 1750 domino

359 1791 677 1875 quondam
727 1789 1130 1873 Sigismundo
1177 1790 1320 1856 dive
1363 1789 1664 1855 memorie
1699 1788 2124 1854 Romanorum
2168 1808 2317 1873 rege
2362 1809 2605 1856 necnon
2649 1792 3231 1857 renunceiationum

359 1896 643 1965 eiusdem
689 1896 867 1963 Nove
909 1896 1186 1964 Marchie
1229 1895 1798 1963 illustrissimorum
1843 1896 2203 1982 principum
2250 1900 2314 1961 et
2358 1896 2784 1982 dominorum,
2833 1897 3231 1963 dominorum
3276 1884 3279 1887 ⁴

357 2000 670 2070 Friderici
713 2002 1011 2087 senioris,
1065 2003 1228 2069 sacri
1271 2002 1540 2069 Romani
1584 2002 1836 2088 imperii
1896 2002 2433 2087 archicamerarii,
2490 2002 2817 2087 Iohannis,
2873 2004 3123 2070 Alberti
3168 2006 3232 2069 et

355 2109 668 2177 Friderici
711 2109 996 2193 iunioris,
1043 2128 1481 2193 germanorum
1523 2109 1957 2175 marchionum
1988 2108 2685 2193 Brandenburgensium
2720 2116 2863 2194 etc.,
2911 2130 2985 2177 ac
3029 2110 3230 2176 eciam

355 2215 886 2283 ratihabicionum
931 2221 996 2283 et
1037 2214 1588 2282 confirmacionum
1620 2216 1900 2282 omnium
1945 2216 2371 2301 predictorum
2404 2217 2555 2283 dicti
2592 2217 2980 2283 serenissimi
3025 2221 3089 2283 et
3132 2217 3231 2283 in-

355 2323 694 2391 victissimi
722 2323 1028 2410 principis
1054 2327 1118 2389 et
1146 2323 1384 2389 domini
1405 2321 1710 2389 Friderici
1729 2321 2153 2388 Romanorum
2187 2322 2353 2405 regis
2377 2342 2625 2409 semper
2648 2324 2918 2408 augusti,
2948 2322 3229 2407 Austris,

357 2428 576 2515 Stirie,
609 2428 972 2514 Kerinthie,
1019 2428 1309 2496 Carniole
1355 2429 1530 2494 ducis
1575 2430 1949 2513 comitisque
1994 2428 2221 2496 Tirolis
2268 2434 2408 2513 etc„
2464 2448 2963 2514 consensumque
3016 2430 3230 2517 predi-

355 2542 602 2603 ctarum
635 2538 1126 2620 concessionum,
1169 2536 1754 2601 renuncciacionum
1787 2542 1851 2601 et
1881 2534 2434 2601 confirmacionum
2464 2536 3128 2603 reverendissimorum
3160 2538 3231 2604 in

357 2642 612 2709 Christo
643 2648 896 2729 patrum
927 2649 991 2711 et
1017 2644 1435 2726 dominorum,
1483 2643 1878 2709 dominorum
1909 2642 2277 2709 Theoderici
2307 2641 2826 2727 Maguntinensis,
2862 2643 3231 2712 Theoderici

357 2748 752 2815 coloniensis
798 2753 863 2815 et
889 2748 1099 2815 Iaeobi
1129 2749 1532 2815 Treverensis
1579 2750 2213 2835 archiepiscoporum,
2262 2766 2335 2814 ac
2377 2747 2948 2816 illustrissimorum
2994 2750 3231 2835 princi-

355 2874 516 2941 pum
560 2860 626 2922 ct
677 2856 1107 2939 dominorum,
1163 2854 1561 2921 dominorum
1605 2854 1909 2922 Ludovici
1968 2855 2217 2922 comitis
2271 2854 2539 2941 palatini
2593 2856 2753 2923 Reni
2808 2861 2872 2923 et
2923 2855 2975 2922 F
2976 2856 3231 2924 riderici
3336 2900 3343 2919 .

357 2960 538 3027 ducis
571 2960 843 3028 Saxonis
873 2968 1014 3045 etc„
1060 2962 1225 3027 sacri
1253 2960 1521 3027 Romani
1562 2962 1816 3047 imperii
1860 2962 2221 3045 electorum,
2269 2961 2577 3048 prelibato
2626 2963 2879 3029 domino
2924 2964 3229 3047 magistro

355 3068 640 3152 generali
685 3073 751 3135 et
791 3068 997 3134 ordini
1042 3089 1154 3135 suo
1201 3068 1382 3134 datas
1431 3075 1494 3134 et
1538 3088 1866 3135 concessas
1897 3067 2061 3135 veris
2108 3068 2531 3154 predictorum
2570 3069 2969 3136 dominorum
3004 3070 3228 3154 sigillis

355 3174 688 3258 sigillatas,
736 3174 963 3257 salvas,
1009 3193 1196 3240 sanas
1242 3178 1307 3241 et
1348 3176 1648 3258 integrae,
1692 3195 1820 3241 non
1851 3174 2248 3259 cancellatas,
2293 3194 2422 3241 non
2450 3175 2715 3241 viciatas
2744 3196 2861 3243 nec
2903 3176 2973 3243 in
3018 3176 3231 3263 aliqua

355 3282 463 3348 sui
505 3286 688 3369 parte
731 3284 1085 3366 suspectae,
1145 3280 1257 3347 sed
1302 3282 1475 3347 omni
1533 3302 1794 3367 prorsus
1839 3282 2002 3348 vicio
2050 3285 2114 3347 et
2158 3282 2517 3367 suspicione
2560 3287 2846 3349 carentes
2891 3282 3072 3349 nobis
3118 3304 3228 3350 ex·
3244 3320 3259 3339 ι

353 3386 566 3455 hibuit
609 3392 674 3454 et
715 3386 1034 3473 produxit,
1079 3385 1359 3470 allegans
1406 3388 1643 3454 dictum
1675 3386 2000 3452 dominum
2030 3388 2404 3470 magistrum
2436 3388 2795 3471 generalem
2841 3408 2915 3454 ac
2944 3387 3229 3456 ordinem

357 3514 547 3560 suum
589 3492 826 3561 eisdem
869 3494 1133 3576 litteris,
1189 3492 1538 3579 privilegiis
1584 3500 1648 3560 et
1691 3492 1953 3559 indultis
1998 3494 2067 3559 in
2111 3493 2377 3560 diversis
2420 3494 2575 3560 locis
2622 3495 2820 3561 eciam
2864 3494 3225 3582 longinquis

355 3620 552 3691 quam
593 3599 936 3688 plurimum
981 3600 1283 3684 indigere,
1329 3600 1559 3665 timens
1595 3606 1728 3666 tum
1774 3606 2036 3687 propter
2065 3600 2310 3666 viarum
2342 3600 2725 3683 discrimina,
2773 3622 2893 3686 que
2934 3601 3227 3687 inopina-

353 3707 518 3774 bilia
559 3712 735 3790 sunt,
790 3711 924 3771 tum
973 3707 1170 3773 eciam
1215 3711 1476 3791 propter
1521 3710 1896 3773 vetustatem
1954 3707 2312 3774 huiusmodi
2355 3707 2600 3773 litteras
2646 3707 2977 3793 privilegia
3022 3713 3087 3775 et
3105 3710 3227 3775 -in-

355 3814 539 3881 dulta
580 3813 847 3879 lacerari
892 3815 1003 3879 aut
1045 3812 1114 3877 in
1156 3818 1357 3879 totum
1402 3813 1661 3899 deperdi
1696 3833 1808 3879 seu
1837 3813 2167 3879 anichilari
2212 3834 2415 3900 posse.
2483 3812 2666 3880 Unde
2692 3814 2874 3881 nobis
2903 3814 3229 3883 humiliter

355 3920 760 4007 supplicavit,
807 3923 1111 4004 quatenus
1143 3918 1428 4005 predicta
1458 3919 1809 4004 privilegia,
1853 3920 2102 3986 litteras
2133 3925 2197 3987 et
2224 3920 2471 3987 indulta
2500 3921 2831 4003 originalia
2859 3919 3225 4005 transsumi,

355 4026 709 4114 exemplari
753 4045 828 4092 ac
868 4024 936 4091 in
983 4024 1257 4091 debitam
1305 4030 1368 4090 et
1419 4026 1796 4093 autenticam
1839 4026 2115 4093 formam
2170 4027 2371 4111 redigi
2425 4028 2727 4094 mandare
2774 4046 2847 4093 ac
2905 4028 3227 4095 decretum

353 4137 645 4200 nostrum
689 4134 1092 4219 interponere
1149 4132 1520 4198 auctoritate
1562 4132 1739 4215 regia
1795 4134 2046 4219 prefata
2101 4134 2522 4217 dignaremur.
2604 4134 2735 4200 Nos
2788 4134 2984 4217 igitur
3026 4134 3077 4200 F
3081 4154 3227 4201 ran-

353 4242 562 4308 ciscus
615 4240 944 4326 episeopus
993 4244 1057 4305 et
1110 4238 1576 4305 commissarius
1631 4240 1912 4325 prefatus
1972 4241 2365 4307 attendentes
2422 4240 2952 4326 supplicacionem
3012 4240 3228 4307 huius-

354 4347 532 4414 modi
576 4347 710 4413 fore
753 4346 986 4413 iustam
1031 4350 1096 4412 et
1149 4364 1492 4411 consonam
1541 4346 1804 4430 rationi,
1862 4347 2269 4431 volentesque
2324 4347 2692 4413 mandatum
2747 4349 2991 4430 regium
3045 4348 3227 4415 nobis

351 4455 593 4521 factum
642 4460 706 4520 et
747 4453 1150 4519 commissum
1196 4450 1529 4535 diligenter
1575 4452 1800 4537 exequi
1817 4502 1836 4536 ,
1881 4458 1955 4519 ut
2000 4459 2315 4537 tenemur,
2372 4453 2657 4520 nolentes
2710 4457 2927 4521 tamen
2970 4454 3038 4520 in
3083 4473 3226 4539 pre-

351 4561 662 4628 iudicium
707 4560 980 4627 cuiusvis
1009 4560 1074 4625 in
1105 4558 1464 4625 huiusmodi
1492 4560 1752 4641 negocio
1790 4560 2157 4646 precipitari
2188 4579 2300 4625 seu
2328 4560 2493 4625 viam
2528 4560 2821 4645 cuiquam
2860 4558 3228 4647 precludere

355 4667 762 4750 defensionis,
809 4667 920 4733 sed
963 4666 1085 4732 rite
1131 4671 1195 4732 et
1237 4665 1516 4749 legitime
1559 4665 1918 4751 procedere,
1966 4686 2182 4733 omnes
2229 4672 2293 4733 et
2336 4664 2617 4750 singulos
2662 4688 2777 4733 sua
2814 4668 3228 4733 communiter

355 4773 460 4841 vel
503 4773 758 4839 divisim
803 4773 1105 4839 interesse
1148 4777 1440 4858 putantes
1487 4793 1829 4858 eorumque
1873 4780 2335 4860 procuratores,
2380 4772 2438 4837 si
2468 4773 2577 4858 qui
2619 4778 2831 4840 essent
2866 4774 2936 4839 in
2975 4772 3228 4859 dyocesi

353 4878 742 4947 Warmiensi
785 4898 898 4945 seu
944 4879 1125 4963 alibi,
1183 4900 1300 4965 pro
1347 4879 1584 4946 eisdem
1638 4901 1753 4967 per
1798 4886 2048 4947 nostras
2095 4881 2247 4947 certi
2294 4881 2533 4946 tenoris
2576 4878 2823 4947 litteras
2868 4881 3225 4965 citatorum,

366 5006 526 5073 quas
571 4987 638 5053 in
684 4985 884 5052 valvis
929 4986 1186 5052 maioris
1233 4986 1492 5053 ecclesie
1534 4990 1748 5055 nostre
1791 4985 2204 5055 Warmiensis
2262 4985 2437 5071 affigi
2482 4986 2800 5072 volumus,
2856 4986 3121 5053 fecimus
3165 4993 3230 5054 et
