3892 5609
748 338 784 407 1
797 321 896 408 80
1768 345 2192 394 asumma.
2261 345 2574 394 nonnum

742 505 929 590 quod,
973 504 1122 571 licet
1166 503 1314 570 olim
1360 505 1662 588 magistro
1710 509 1776 571 et
1815 504 2118 572 fratribus
2164 503 2316 572 dicti
2359 503 2691 591 hospitalis
2738 524 2776 570 a
2805 503 2954 570 sede
2993 502 3336 590 apostolica
3376 505 3600 572 fuisset

738 611 1083 694 indultum,
1154 616 1225 676 ut
1280 611 1397 676 sub
1454 611 1969 697 imposicionibus
2035 612 2421 678 decimarum
2477 631 2586 677 seu
2651 611 3123 677 caritativorum
3177 610 3278 677 vel
3333 609 3596 678 aliorum

740 716 1163 804 quorumlibet
1204 717 1645 803 subsidiorum,
1704 717 2199 803 quibuscumque
2242 717 2602 784 nominibus
2645 721 3176 802 nuncuparentur,
3233 717 3300 784 in
3343 718 3599 803 quibus-

592 837 616 844 ··
737 824 835 890 vis
880 824 1081 891 eciam
1124 823 1287 891 citra
1317 861 1399 870 --
1434 824 1535 891 vel
1578 823 2062 891 ultramontanis
2109 824 2396 911 partibus
2429 843 2819 909 quacumque
2864 823 3238 890 auctoritate
3271 845 3348 890 ex
3375 825 3598 909 quavis

737 949 947 1014 causa,
996 931 1575 1016 quomodocumque
1621 936 1731 997 aut
1758 931 2294 1017 qualitercumque
2337 935 2490 997 tunc
2527 931 2712 996 factis
2742 928 2842 996 vel
2876 930 3291 1016 imposterum
3329 931 3596 998 forsitan

734 1037 1041 1103 faciendis
1094 1039 1395 1121 magister
1453 1043 1517 1105 et
1569 1039 1797 1105 fratres
1854 1057 1928 1105 ac
1984 1037 2294 1125 hospitale
2359 1037 2626 1123 predicti
2679 1036 3004 1122 ipsiusque
3061 1036 3386 1124 hospitalis
3457 1059 3598 1124 pre-

736 1143 1046 1230 ceptorie,
1094 1145 1384 1229 ecclesie,
1430 1144 1700 1230 capelle,
1758 1145 2036 1211 oratoria
2080 1149 2145 1211 et
2189 1143 2315 1210 alia
2359 1163 2578 1210 eorum
2622 1162 2696 1209 ac
2750 1142 2904 1210 dicti
2959 1142 3290 1230 hospitalis
3342 1143 3486 1210 loca
3539 1149 3602 1211 et

734 1250 921 1334 bona,
970 1270 1091 1335 que
1132 1252 1285 1316 tunc
1328 1250 1593 1318 ubilibet
1637 1251 2004 1318 obtinebant
2030 1250 2132 1317 vel
2173 1250 2526 1316 infuturum
2554 1249 2725 1316 licite
2760 1249 3134 1334 obtinerent,
3181 1255 3312 1318 tam
3341 1250 3600 1318 mobilia

737 1377 927 1442 quam
972 1357 1323 1423 immobilia
1362 1377 1606 1425 necnon
1652 1377 1922 1444 persone
1965 1358 2034 1424 ‘m
2077 1357 2206 1424 illis
2250 1356 2548 1440 degentes
2593 1355 2949 1424 nullatenus
2991 1356 3228 1423 includi
3273 1377 3382 1424 seu
3427 1377 3600 1426 com-

734 1463 1043 1550 prehendi
1086 1463 1407 1548 deberent,
1452 1465 1562 1531 sed
1608 1466 1929 1550 magister,
1973 1464 2226 1549 fratres,
2271 1462 2614 1550 hospitale,
2659 1462 3086 1549 preceptorie,
3149 1464 3439 1548 ecclesie,
3495 1484 3598 1532 ca·

734 1569 931 1656 pelle,
986 1571 1261 1636 oratoria
1304 1590 1379 1638 ac
1424 1571 1719 1655 degentes
1763 1578 1915 1639 tunc
1959 1575 2284 1658 presentes
2329 1575 2396 1636 et
2435 1569 2634 1636 futuri
2677 1569 3035 1636 huiusmodi
3081 1591 3120 1636 a
3163 1571 3484 1638 solucione
3528 1591 3600 1638 ac

734 1676 1122 1762 prestatione
1168 1677 1551 1745 decimarum
1597 1684 1663 1745 et
1705 1678 1972 1746 aliorum
2017 1697 2276 1744 onerum
2323 1676 2750 1762 predictorum
2789 1677 3002 1744 forent
3029 1682 3094 1744 et
3123 1695 3261 1744 esse
3301 1677 3602 1745 deberent

734 1783 1059 1869 perpetuis
1103 1784 1333 1850 futuris
1387 1785 1777 1872 temporibus
1831 1804 2092 1872 prorsus
2137 1784 2416 1870 exempti
2461 1789 2526 1850 et
2565 1784 2908 1866 immunes3
2963 1788 3180 1850 tamen
3223 1784 3600 1851 venerabilis

734 1889 933 1956 frater
986 1895 1199 1957 noster
1242 1890 1638 1976 Alexander,
1696 1892 2032 1980 episcopus
2075 1889 2574 1958 Tridentinensis
2589 1939 2609 1974 ,
2665 1889 2908 1958 indulto
2967 1890 3328 1957 huiusmodi
3380 1896 3600 1958 contra

732 1995 1049 2063 iusticiam
1094 2017 1165 2063 se
1211 2016 1533 2084 opponens
1580 2017 1653 2064 ac
1696 1999 1975 2085 prefatos
2019 1996 2558 2064 commendatores
2603 2015 2794 2082 super
2835 1995 2944 2063 illo
2989 1997 3422 2084 multipliciter
3465 2017 3598 2064 mo-

733 2101 992 2187 lestam,
1038 2123 1296 2188 vexans,
1344 2105 1721 2190 perturbans
1768 2110 1833 2172 et
1865 2105 2220 2191 impediens
2251 2123 2684 2188 asserensque,
2729 2123 2798 2170 se
2825 2103 2906 2170 de
2937 2104 3198 2170 consilio
3225 2103 3598 2170 dilectorum

732 2207 1006 2276 filiorum
1037 2210 1299 2296 capituli
1328 2210 1587 2278 ecclesie
1610 2211 2108 2279 Tridentinensis
2132 2210 2338 2276 causis
2367 2215 2518 2278 tunc
2553 2209 3037 2278 subsistentibus
3065 2209 3367 2294 legitimis
3397 2211 3600 2278 omni-

734 2315 853 2382 bus
884 2321 949 2382 et
976 2316 1241 2399 singulis
1272 2318 1557 2404 prelatis,
1604 2318 1847 2385 clericis
1877 2323 1943 2386 et
1970 2315 2352 2385 beneficiatis
2383 2317 2660 2384 civitatis
2681 2316 3182 2384 Tridentinensis
3225 2322 3293 2384 et
3321 2338 3434 2384 sue
3464 2318 3598 2384 dio-

734 2422 895 2488 cesis
922 2422 1105 2488 iuxta
1134 2428 1387 2507 quotam
1420 2425 1555 2491 sive
1586 2430 1801 2492 taxam
1832 2425 2172 2508 fructuum,
2217 2423 2576 2490 reddituum
2607 2428 2674 2490 et
2705 2427 3124 2510 proventuum
3154 2422 3596 2491 beneficiorum

734 2547 991 2594 suorum
1022 2528 1607 2616 ecclesiasticorum,
1641 2552 1762 2617 que
1790 2531 1950 2598 inibi
1979 2530 2367 2614 obtinebant,
2411 2535 2650 2596 certam
2681 2530 3007 2597 collectam
3035 2530 3170 2598 sive
3199 2531 3598 2598 caritativum

734 2635 1085 2701 subsidium
1130 2635 1253 2703 sibi
1297 2655 1413 2722 per
1456 2657 1672 2705 eorum
1718 2637 2062 2722 quemlibet
2101 2635 2582 2723 persolvendum
2615 2637 3012 2724 imposuisse,
3059 2637 3598 2706 commendatores

732 2742 1011 2828 prefatos
1062 2763 1187 2829 per
1230 2763 1377 2811 suas
1424 2745 1579 2812 certi
1631 2744 1869 2810 tenoris
1923 2743 2168 2810 litteras
2221 2743 2338 2810 sub
2395 2745 2836 2811 ecclesiasticis
2891 2744 3226 2811 sentenciis
3239 2794 3258 2829 ,
3317 2745 3597 2812 censuris

732 2847 999 2934 aliisque
1042 2853 1195 2916 tunc
1239 2851 1553 2936 expressis
1597 2851 1845 2917 monuit
1888 2869 1962 2918 ac
2005 2850 2331 2917 mandavit
2373 2851 2630 2934 eisdem,
2678 2855 2750 2916 ut
2790 2850 2958 2916 infra
2983 2855 3228 2918 certum
3255 2851 3596 2918 terminum

730 2957 1226 3041 peremptorium
1273 2957 1470 3024 eciam
1515 2963 1667 3023 tunc
1710 2976 2082 3043 expressum
2125 2957 2248 3023 sibi
2294 2961 2530 3024 certam
2587 2956 2912 3024 collectam
2957 2957 3249 3023 similiter
3291 2962 3446 3024 tunc
3489 2978 3598 3024 ex-

731 3081 1041 3147 pressam,
1088 3083 1277 3148 quam
1322 3064 1501 3150 ipsis,
1548 3070 1620 3130 ut
1664 3063 1929 3148 dicebat,
1977 3065 2381 3149 imposuerat,
2429 3063 2672 3130 solvere
2711 3067 2776 3131 et
2803 3064 3128 3147 assignare
3159 3069 3474 3131 curarent.
3537 3064 3598 3130 A

734 3168 959 3252 quibus
991 3168 1241 3254 quidem
1274 3171 1621 3237 monitione
1667 3175 1731 3238 et
1758 3171 2056 3237 mandato
2089 3169 2628 3238 commendatores
2672 3170 2960 3256 predicti,
3007 3171 3478 3257 quamprimum
3519 3169 3598 3237 ad

734 3295 948 3342 eorum
994 3276 1292 3342 noticiam
1337 3281 1789 3363 pervenerant,
1846 3277 2194 3344 sencientes
2241 3277 2468 3343 exinde
2516 3276 2794 3344 indebite
2839 3297 2908 3343 se
2961 3278 3212 3360 gravari
3257 3277 3342 3344 ad
3383 3276 3596 3344 sedem

733 3381 1136 3469 appeHarunt
1180 3382 1462 3449 eandem.
1544 3383 1675 3450 Nos
1720 3403 1978 3450 causam
2033 3379 2484 3469 appellacionis
2538 3383 2898 3450 huiusmodi
2943 3389 3010 3449 et
3059 3384 3306 3467 negocii
3361 3383 3596 3470 princi-

730 3489 895 3575 palis
941 3489 1169 3557 dilecto
1212 3488 1341 3556 filio
1388 3491 1689 3574 magistro
1733 3490 2063 3574 Hartungo
2109 3489 2188 3556 de
2232 3488 2482 3576 Capell,
2527 3489 2853 3577 capellano
2895 3495 3112 3556 nostro
3159 3495 3225 3556 et
3265 3509 3598 3557 causarum

730 3595 961 3682 palacii
1007 3595 1336 3682 apostolici
1382 3595 1675 3681 auditori,
1722 3597 1803 3663 ad
1846 3595 2223 3663 instanciam
2253 3595 2562 3663 dictorum
2598 3595 3176 3663 commendatorum
3215 3596 3592 3663 audiendam

730 3703 1160 3769 commisimus
1206 3707 1271 3768 et
1312 3701 1437 3769 fine
1483 3701 1693 3769 debito
1736 3703 2234 3786 terminandam,
2289 3703 2397 3787 qui
2441 3703 2707 3786 cognitis
2753 3702 2954 3789 ipsius
2997 3722 3186 3771 cause
3227 3703 3475 3771 meritis
3519 3702 3598 3769 de

731 3808 993 3876 consilio
1040 3814 1105 3876 et
1147 3829 1407 3876 assensu
1452 3809 1885 3875 coauditorum
1932 3829 2191 3875 suorum
2243 3827 2575 3876 causarum
2621 3809 2776 3876 dicti
2818 3808 3074 3894 palatii,
3133 3809 3362 3895 quibus
3406 3829 3596 3896 super

734 3914 859 3982 hiis
903 3914 1281 3982 relacionem
1324 3915 1476 3984 fecit
1518 3914 1796 4000 fidelem,
1849 3935 1965 4002 per
2009 3935 2188 3981 suam
2243 3913 2642 3982 diffinitivam
2697 3915 3074 3982 sententiam
3131 3915 3592 4001 pronunciavit,

736 4022 1015 4088 decrevit
1059 4027 1122 4088 et
1166 4021 1527 4107 declaravit,
1572 4027 1763 4110 prout
1804 4020 1919 4087 hec
1963 4023 2184 4088 omnia·
2219 4022 2286 4088 in
2330 4021 2543 4089 libello
2573 4041 2688 4108 pro
2719 4027 2902 4108 parte
2939 4020 3250 4088 dictorum
3279 4042 3594 4090 commen-

736 4128 1025 4194 datorum
1054 4129 1123 4194 in
1151 4128 1509 4194 huiusmodi
1538 4147 1729 4194 causa
1758 4127 2038 4194 exhibito
2067 4129 2269 4216 petita
2297 4129 2566 4213 fuerant,
2609 4128 3064 4214 opposicioneS,
3095 4127 3594 4214 molestaciones,

732 4234 1278 4320 perturbaciones,
1335 4235 1706 4301 vexaciones
1754 4238 1817 4301 et
1858 4234 2310 4320 impedimenta
2352 4235 2637 4322 predicta
2679 4235 2876 4301 fuisse
2931 4240 2995 4301 et
3047 4255 3185 4301 esse
3237 4237 3593 4320 temeraria,

732 4339 976 4425 illicita,
1022 4341 1258 4426 iniqua,
1304 4341 1543 4408 iniusta
1584 4346 1649 4407 et
1692 4341 1772 4407 de
1814 4341 1981 4407 facto
2025 4347 2395 4430 presumpta
2431 4341 2677 4428 ipsique
2709 4341 3004 4427 episcopo
3051 4361 3241 4428 super
3283 4341 3408 4409 hiis
3452 4362 3594 4428 per-

731 4453 993 4534 petuum
1040 4447 1369 4514 silencium
1411 4448 1859 4534 imponendum
1902 4447 2039 4514 fore
2084 4452 2148 4516 et
2189 4448 2520 4535 imposuit,
2565 4447 2889 4532 dictosque
2931 4448 3473 4516 commendatores
3519 4448 3592 4514 ab

730 4554 1135 4640 impeticione
1200 4554 1401 4640 ipsius
1470 4553 1751 4640 episcopi
1817 4553 2228 4622 absolvendos
2282 4555 2418 4622 fore
2473 4559 2538 4621 et
2602 4553 2905 4638 absolvit,
2971 4574 3214 4622 necnon
3279 4555 3590 4640 prefatum

732 4659 1099 4748 episcopum
1144 4660 1210 4727 in
1258 4661 1551 4747 expensis
1594 4680 1806 4728 coram
1855 4680 1928 4727 eo
1973 4661 2041 4726 in
2071 4661 2241 4729 dicta
2268 4681 2460 4729 causa
2485 4660 2768 4744 legitime
2793 4661 2978 4727 factis
3009 4661 3592 4748 condempnandum

729 4766 867 4834 fore
912 4773 977 4834 et
1031 4767 1544 4854 condempnavit,
1610 4767 1862 4834 illarum
1917 4769 2242 4834 taxatione
2295 4767 2418 4835 sibi
2459 4767 2898 4864 'imposterum
2955 4772 3294 4836 reservata.
3363 4766 3424 4832 A
3473 4787 3593 4852 qua

730 4873 988 4958 quidem
1030 4875 1345 4941 sententia
1388 4873 1539 4941 dicti
1596 4875 1899 4942 auditoris
1953 4875 2076 4941 fuit
2130 4893 2248 4960 pro
2303 4879 2484 4961 parte
2539 4874 2820 4961 episcopi
2877 4874 2960 4942 ad
3013 4875 3328 4964 prefatam
3381 4874 3589 4941 sedem

732 4979 1117 5066 appellatum
1164 5000 1403 5066 nosque
1445 4999 1699 5048 causam
1744 4979 2194 5068 appellacionis
2227 5001 2266 5047 a
2294 4981 2608 5048 sententia
2637 4981 2940 5048 auditoris
2979 4980 3350 5068 interposite
3379 4980 3592 5048 huius-
