3892 5609
631 500 936 589 Tripolis3
981 472 1372 571 Raimundus
1417 504 1496 573 de
1539 504 1774 589 Biblio;
1810 504 2207 573 wuillelmus
2253 506 2331 573 de
2372 504 2612 589 Biblio;
2658 505 3050 573 Raimundus
3096 506 3173 573 de
3224 504 3507 572 Scanda-

627 608 827 677 leone.
918 608 1182 681 Factum
1251 617 1348 679 est
1415 632 1580 679 anno
1646 613 1964 681 incarnati
2016 613 2195 681 verbi
2249 620 2340 680 m·
2377 621 2472 681 cc·
2512 614 2605 681 ix⁰
2652 620 2880 699 quarta
2932 614 3035 681 die
3100 614 3337 681 mensis
3405 632 3507 680 se-

627 716 933 803 ptembris
945 714 987 785 ⁴.
1765 812 1768 824 Ι

838 859 881 921 1,
918 860 990 911 34
1001 876 1048 915 Υ.
1083 876 1136 911 11.
1159 858 1246 911 80.
1430 861 1476 913 1.
1512 862 1642 913 muri
1675 861 1736 914 B.
1916 862 1967 914 2.
2003 862 2065 913 B.
2244 864 2297 915 3.
2334 863 2503 915 Guido
2536 862 2603 913 de
2626 862 2761 913 Ham
2796 861 3243 915 conestabularius
3266 861 3501 928 Tripolis,

632 947 858 1013 „Pieban
893 948 1120 1001 dominus
1157 949 1224 1001 de
1245 948 1513 1019 Both-ohe
1542 950 1679 1003 1204
1715 950 1855 1003 dec.“
1899 970 1982 1018 ap.
2006 951 2157 1004 Pauli
2178 951 2222 1015 1,
2256 951 2356 1004 103
2392 952 2481 1004 ubi
2516 951 2669 1005 etiam
2690 952 3004 1005 Raimundus
3040 960 3094 1003 ct
3118 950 3401 1005 willelmus
3438 952 3503 1001 de

625 1035 809 1102 Biblio,
845 1036 1158 1091 Raimundus
1195 1038 1260 1091 de
1295 1038 1649 1093 scandalione.
1827 1041 1878 1097 4.
1917 1040 2103 1095 setebr.

628 1412 754 1484 45.
804 1416 978 1485 1211
1020 1416 1196 1501 febr.
1230 1418 1319 1485 14
1361 1418 1596 1484 Accon.
1673 1420 1925 1487 Albam·
1965 1418 2535 1505 Hierosolymitani
2582 1418 2990 1505 patriarchae
3046 1418 3381 1484 arbitrium
3424 1420 3502 1485 de

805 1524 988 1590 domo
1036 1526 1315 1611 quadam
1364 1524 1530 1612 Tyri
1581 1528 1706 1593 sita
1749 1530 1916 1595 inter
1956 1528 2313 1593 Martinam
2360 1526 2630 1592 Roziam
2676 1524 3049 1592 Ianuensem
3094 1538 3152 1592 et
3192 1525 3502 1613 hospitale

635 330 731 403 36
1423 344 1653 393 rnnna
1699 344 2004 413 sucu.)
2052 346 2385 395 smmis.
2456 345 2721 395 crrnus
3262 414 3268 422 α

805 1632 1312 1699 Alamannorum
1357 1634 1435 1699 de
1478 1634 1714 1701 Accon.
3872 1344 3883 1915 ⁴

847 1792 1082 1861 Notum
1129 1794 1215 1860 sit
1257 1792 1549 1861 omnibus
1594 1798 1728 1860 tam
1773 1793 2171 1881 presentibus
2217 1814 2409 1880 quam
2450 1793 2701 1878 futuris,
2748 1793 2914 1879 quod
2947 1793 3024 1859 110
3056 1792 3331 1879 querela,
3380 1812 3499 1879 que
3604 1782 3613 1791 ’

625 1901 988 1969 vertebatur
1031 1900 1198 1967 inter
1237 1900 1581 1968 Martinam
1621 1900 1884 1968 Roziam
1929 1902 2133 1969 civem
2174 1900 2550 1969 Ianuensem
2595 1920 2674 1968 ex
2718 1920 2846 1967 una
2889 1904 3073 1987 parte
3131 1906 3195 1967 et
3236 1901 3499 1969 fratrem

625 2008 1057 2076 Her-mannum
1115 2008 1494 2093 magistrum
1547 2008 1876 2096 hospitalis
1922 2008 2381 2076 Alamanorum
2435 2008 2514 2075 de
2556 2008 2736 2075 Acon
2795 2028 2873 2075 ex
2931 2006 3129 2074 altera
3184 2016 3367 2096 parte
3422 2009 3499 2076 de

627 2116 899 2202 quadam
945 2115 1163 2202 domo,
1222 2136 1342 2203 que
1395 2121 1494 2184 est
1545 2116 1615 2183 in
1661 2116 1860 2203 Tyro,
1917 2137 2041 2202 que
2083 2116 2205 2183 fuit
2250 2116 2565 2201 quondam
2612 2114 2923 2183 Theodori
2969 2115 3253 2201 Suriam,
3316 2117 3499 2185 ambe

623 2230 836 2311 partes
885 2224 1146 2291 arbitrio
1191 2224 1432 2291 domini
1475 2222 1774 2308 Al(berti)
1821 2222 2199 2292 venerabilis
2248 2223 2605 2311 patriarche
2651 2223 3137 2292 lerosolimitani
3189 2244 3258 2291 se
3304 2226 3500 2291 comi-

624 2338 862 2417 serunt,
912 2332 1210 2419 quicquid
1255 2333 1392 2420 ipse
1435 2332 1584 2399 inde
1628 2332 1915 2416 dictaret,
1959 2337 2171 2398 ratum
2218 2338 2281 2397 01
2324 2331 2641 2399 illibatum
2684 2331 2980 2399 habituri.
3053 2332 3187 2411 Quo
3235 2333 3305 2398 111
3348 2352 3500 2399 casu

624 2547 789 2614 dixit
831 2554 897 2613 et
939 2547 1244 2634 precepit,
1293 2547 1459 2633 quod
1505 2546 1902 2635 supradictus
1950 2546 2260 2615 Martinus
2304 2547 2504 2614 Rozia
2546 2547 2783 2615 faceret
2823 2546 3016 2614 finem
3062 2552 3128 2615 et
3168 2547 3499 2614 refutatio-

621 2676 770 2721 nem
815 2660 881 2721 et
923 2660 1180 2742 pactum
1227 2654 1304 2723 de
1349 2675 1477 2723 non
1526 2655 1797 2743 petendo
1855 2676 1973 2743 per
2024 2655 2517 2722 transactionem
2573 2654 2653 2721 de
2709 2654 2995 2741 predicta
3040 2655 3225 2722 domo
3272 2674 3498 2741 supra-

623 2762 789 2829 dicto
834 2762 1020 2831 fratri
1049 2758 1414 2831 Hermanno
1459 2768 1526 2831 01
1567 2784 1684 2851 per
1717 2784 1862 2831 eum
1905 2762 2267 2850 supradicto
2297 2762 2597 2850 hospitali
2622 2761 3145 2847 Alamannorum,
3190 2762 3286 2829 ita
3329 2760 3497 2848 quod

623 2869 702 2937 de
747 2875 955 2937 cetero
998 2852 1319 2956 predictus
1347 2870 1660 2939 Martinus
1690 2870 1888 2938 Rozia
1929 2870 2032 2937 vel
2076 2869 2239 2939 alius
2284 2890 2401 2958 pro
2448 2890 2521 2937 eo
2568 2870 2735 2937 dicto
2780 2870 2964 2937 fratri
2982 2870 3359 2937 Harmanno
3376 2868 3497 2937 -vel

623 2977 790 3046 dicto
835 2976 1136 3064 hospitali
1181 2978 1282 3072 vel
1337 2978 1524 3045 alteri
1577 2998 1696 3066 pro
1750 2979 1908 3065 ipsis
1968 2998 2083 3065 pro
2135 2977 2419 3065 predicta
2466 2978 2651 3044 domo
2697 2977 2798 3046 vel
2844 2978 3170 3045 occasione
3212 2976 3497 3065 predicte

622 3085 846 3151 domus
891 3084 1134 3153 nullam
1176 3092 1394 3172 posset
1437 3106 1690 3153 movere
1729 3087 1832 3153 vel
1873 3086 2083 3153 facere
2128 3084 2538 3171 questionem.
2605 3084 2789 3153 Dixit
2834 3086 3033 3152 eciam
3076 3085 3247 3152 idem
3293 3083 3495 3151 domi-

620 3213 740 3261 nus
784 3192 1165 3280 patriarcha,
1213 3193 1380 3278 quod
1423 3194 1744 3281 predictus
1771 3193 1970 3261 frater
1999 3192 2402 3261 Harmannus
2434 3191 2615 3259 daret
2642 3193 2770 3259 iam
2802 3192 2969 3261 dicto
2999 3191 3271 3259 Martino
3301 3190 3495 3257 Rozie

480 3290 514 3323 ³⁹
619 3319 737 3386 pro
782 3301 1064 3387 predicto
1107 3299 1234 3367 fine
1279 3306 1343 3367 et
1387 3301 1766 3369 refutatione
1812 3301 1890 3368 de
1934 3300 2223 3388 predicta
2253 3299 2439 3367 domo
2470 3300 2783 3367 bisancios
2812 3300 2904 3366 111·
2936 3304 3370 3367 sarracenatos
3416 3299 3495 3365 de

623 3406 811 3494 Syria
854 3408 1050 3476 bonos
1109 3412 1176 3475 01
1229 3407 1384 3475 iusti
1437 3408 1753 3495 ponderis.
1837 3408 2045 3487 Quare
2102 3408 2307 3475 dictus
2350 3405 2662 3475 Martinus
2705 3406 2905 3474 Rozia
2960 3408 3115 3475 civis
3168 3406 3493 3474 Ianuensis

620 3514 771 3582 fecit
813 3513 1006 3582 finem
1065 3522 1130 3582 et
1172 3516 1624 3583 refutacionem
1671 3522 1735 3583 et
1778 3522 2035 3604 pactum
2081 3516 2159 3583 de
2210 3536 2338 3583 non
2393 3514 2665 3602 petendo
2718 3535 2835 3602 per
2878 3516 3370 3583 transactionem
3414 3514 3494 3581 110

621 3623 942 3711 sepedicta
981 3623 1167 3691 domo
1206 3623 1452 3710 prefato
1493 3624 1680 3691 fratri
1707 3624 2035 3691 Armanno
2083 3628 2149 3690 et
2190 3614 2305 3710 per
2350 3642 2495 3689 eum
2540 3622 2857 3709 sepedicto
2902 3622 3204 3710 hospitali
3250 3628 3313 3689 et
3359 3623 3493 3689 eius

621 3730 1083 3798 successoribus
1127 3730 1197 3797 in
1240 3737 1619 3819 perpetuum
1662 3733 1730 3798 in
1776 3731 1999 3799 eodem
2043 3730 2376 3816 hospitali,
2420 3730 2514 3797 ita
2558 3729 2727 3816 quod
2768 3730 2847 3797 de
2891 3736 3097 3800 cetero
3140 3731 3281 3818 ipse
3322 3728 3493 3797 Mar-

619 3838 791 3905 tinus
835 3837 1035 3905 Rozia
1077 3837 1178 3905 vel
1237 3838 1398 3905 alius
1452 3859 1568 3925 pro
1626 3858 1700 3907 eo
1754 3839 2001 3925 prefato
2060 3837 2247 3905 fratri
2288 3840 2615 3906 Armanno
2668 3837 2769 3906 vel
2823 3838 2989 3906 dicto
3050 3836 3349 3925 hospitali
3392 3836 3495 3905 vel

623 3944 806 4013 alteri
850 3966 968 4032 pro
1012 3947 1170 4034 ipsis
1217 3944 1294 4013 de
1337 3946 1628 4034 predicta
1664 3946 1850 4013 domo
1880 3946 1985 4012 vel
2030 3946 2356 4014 occasione
2400 3946 2681 4034 predicte
2726 3948 2948 4015 domus
2993 3946 3235 4014 nullam
3277 3949 3495 4032 posset

621 4074 874 4121 movere
919 4054 1022 4121 vel
1064 4055 1272 4121 facere
1317 4056 1740 4140 questionem,
1797 4054 2257 4121 abrenuncians
2300 4053 2475 4121 omni
2515 4054 2642 4121 iuri
2686 4060 2751 4123 01
2793 4054 3005 4139 legum
3052 4059 3117 4121 01
3158 4057 3494 4121 consuetu-

620 4161 841 4228 dinum
885 4166 1056 4228 terre
1101 4161 1336 4229 auxilio
1383 4170 1448 4230 et
1489 4162 1946 4247 instrumentis,
1998 4161 2223 4248 quibus
2268 4162 2476 4229 iuvari
2519 4167 2738 4249 posset
2776 4162 2845 4229 in
2874 4162 2994 4230 hoc
3023 4181 3194 4248 casu,
3241 4166 3306 4228 et
3350 4181 3495 4249 spe-

621 4268 864 4337 cialiter
907 4268 1004 4335 1111
1048 4269 1400 4356 privilegio,
1447 4270 1614 4356 quod
1660 4270 1872 4355 habet,
1915 4270 1985 4336 in
2017 4290 2139 4355 quo
2170 4270 2528 4337 continetur
2572 4270 2963 4339 confirmatio
3010 4270 3367 4337 donationis
3412 4268 3495 4336 de

619 4376 908 4463 predicta
935 4377 1118 4443 domo
1164 4377 1292 4464 ipsi
1321 4376 1594 4445 Martino
1637 4378 1803 4446 facte
1814 4374 1851 4444 ¹.
1919 4378 2009 4445 Et
2038 4378 2121 4444 ad
2147 4374 2353 4445 maius
2382 4377 2575 4445 robur
2620 4383 2687 4446 et
2726 4377 3090 4465 firmitatem
3137 4368 3493 4445 habendam

619 4486 759 4572 ipse
802 4484 1112 4551 Martinus
1158 4484 1334 4551 dedit
1374 4485 1560 4552 fratri
1587 4486 1914 4553 Armanno
1962 4485 2277 4571 quoddam
2324 4486 2497 4552 aliud
2540 4485 2964 4572 privilegium,
3012 4485 3180 4571 quod
3224 4485 3497 4552 habebat

619 4592 701 4660 110
747 4593 966 4660 eadem
1011 4592 1217 4659 domo.
1287 4591 1552 4679 Insuper
1593 4593 1734 4679 ipse
1763 4591 2077 4660 Martinus
2106 4594 2357 4661 vocavit
2402 4614 2471 4660 se
2516 4594 2793 4660 solutum
2838 4598 2904 4660 et
2940 4594 3221 4678 quietum
3266 4593 3345 4659 de
3392 4612 3495 4658 su-

619 4700 924 4788 pradictis
972 4700 1260 4767 bisantiis
1303 4700 1396 4767 lx·
1443 4700 1860 4767 sarracenatis
1908 4699 1989 4767 de
2034 4699 2243 4787 Syria,
2290 4700 2749 4768 abrenuncians
2796 4701 3161 4788 excepcioni
3206 4719 3334 4767 non
3379 4720 3497 4765 nu-

620 4812 862 4875 merate
906 4809 1169 4895 pecunie
1201 4807 1303 4876 vel
1332 4828 1462 4875 non
1508 4809 1842 4901 ponderati
1869 4808 2013 4875 auri
2045 4806 2144 4875 vel
2178 4828 2307 4875 non
2338 4813 2593 4895 accepte
2622 4810 2733 4876 rei.
2806 4808 3129 4893 Alioquin,
3178 4808 3235 4875 si
3278 4811 3500 4875 contra

619 4916 874 5001 faceret,
921 4936 1154 5003 penam
1200 4916 1378 5004 dupli
1419 4914 1547 5003 ipsi
1589 4916 1776 4985 fratri
1819 4917 2153 4983 Armanno
2202 4916 2499 5002 promisit
2544 4921 2609 4984 01
2651 4936 2766 5003 per
2812 4936 2957 4983 eum
3002 4915 3134 4983 suis
3180 4918 3498 4983 successo-

501 2512 506 2517 ,
623 2439 790 2506 idem
838 2439 1130 2506 dominus
1178 2440 1540 2526 patriarcha
1565 2438 1741 2524 visiS,
1789 2439 2087 2507 discussis
2121 2444 2184 2506 et
2211 2440 2481 2524 cognitis
2528 2440 2854 2524 utriusque
2898 2440 3100 2526 partis
3145 2439 3496 2507 rationibus

527 5024 534 5031 '
620 5024 795 5091 ribus
809 5073 827 5109 ‚
886 5024 956 5090 in
1015 5024 1234 5093 eodem
1288 5023 1589 5112 hospitali
1646 5024 2009 5113 supradicto
2066 5028 2131 5093 01
2182 5044 2299 5111 pro
2355 5029 2525 5093 sorte
2582 5028 2647 5091 et
2702 5044 2871 5112 pena
2915 5023 3129 5090 omnia
3172 5023 3340 5091 bona
3384 5042 3503 5091 sua
