3892 5609
1340 353 1762 400 annnam.
1834 351 2150 402 Bonum
3029 343 3064 412 1
3077 345 3120 415 8
3136 343 3172 413 1

307 511 483 578 modi
526 511 755 579 dilecto
792 509 939 577 ¹filio
986 511 1288 596 magistro
1334 511 1600 579 Iohanni
1646 512 1725 580 de
1768 511 1989 597 Mella,
2047 514 2246 580 eciam
2292 512 2616 598 capellano
2661 519 2876 580 nostro
2925 518 2990 579 et
3033 533 3178 580 cau-

306 639 521 686 sarum
568 617 848 685 eiusdem
892 617 1124 703 palacii
1170 618 1473 704 auditori,
1534 619 1909 687 audiendam
1957 619 2383 686 commisimus
2431 625 2496 686 et
2537 619 2662 686 fine
2707 620 2916 686 debito
2962 620 3179 686 termi-

306 724 616 807 nandam3
677 725 787 809 qui
831 723 1097 807 cognitis
1145 723 1505 791 huiusmodi
1550 746 1737 792 cause
1780 726 2024 793 meritis
2067 725 2148 792 de
2192 725 2452 791 consilio
2501 731 2566 793 et
2619 747 2881 794 assensu
2924 726 3178 793 coaudi-

305 835 517 898 torum
550 851 805 898 suorum
835 849 1168 898 causarum
1200 830 1353 897 dicti
1381 831 1633 919 palacii,
1682 832 1909 917 quibus
1940 852 2133 920 super
2159 831 2282 898 hiis
2321 831 2698 900 relacionem
2727 834 2878 900 fecit
2905 832 3175 918 fidelem,

304 957 424 1024 per
454 958 631 1005 suam
664 935 1061 1004 diffinitivam
1110 937 1493 1006 sentenciam
1523 939 1988 1026 pronunciavit,
2035 939 2310 1006 decrevit
2355 943 2419 1006 et
2463 939 2824 1025 declaravit,
2870 959 2984 1026 per
3027 960 3174 1026 pre-

304 1045 511 1112 fatum
554 1043 953 1128 Hartungum
998 1044 1349 1112 auditorem
1395 1046 1463 1112 in
1504 1064 1695 1112 causa
1727 1046 2088 1114 huiusmodi
2119 1046 2277 1113 bene
2305 1045 2500 1112 fuisse
2530 1052 2595 1112 et
2623 1067 2760 1113 esse
2790 1065 3174 1133 processum,

306 1151 758 1219 sententiatum
804 1155 870 1218 et
920 1149 1255 1217 diffinitum
1271 1201 1289 1235 ,
1344 1152 1603 1238 eiusque
1656 1154 2032 1220 sententiam
2086 1152 2435 1238 predictam
2493 1151 2985 1219 confirmandam
3039 1153 3176 1219 fore

306 1263 375 1325 ct
401 1255 814 1342 confirmavit,
848 1279 921 1325 ac
951 1257 1029 1324 ab
1057 1257 1171 1323 illa
1191 1277 1306 1344 pro
1330 1264 1513 1344 parte
1540 1259 1741 1345 ipsius
1774 1259 2052 1345 episcopi
2083 1259 2248 1326 male
2277 1259 2474 1326 fuisse
2503 1264 2569 1325 et
2597 1279 2733 1327 esse
2766 1258 3173 1346 appellatum,

304 1383 553 1431 necnon
619 1365 935 1451 prefatum
1004 1365 1368 1451 episcopum
1421 1366 1488 1430 in
1558 1365 1850 1452 expensis
1906 1386 2118 1433 coram
2173 1385 2246 1432 eo
2305 1367 2373 1431 in
2426 1365 2596 1431 dicta
2652 1384 2842 1432 causa
2894 1365 3176 1450 legitime

302 1471 493 1538 factis
524 1471 1111 1558 condempnandum
1142 1472 1276 1538 fore
1322 1478 1385 1538 et
1413 1472 1917 1559 condempnavit,
1965 1473 2216 1539 illarum
2247 1473 2571 1539 taxatione
2607 1471 2732 1538 sibi
2760 1473 3174 1559 imposterum

304 1583 646 1644 reservata.
717 1577 999 1664 Cnmque
1046 1598 1085 1644 a
1128 1579 1447 1645 sentencia
1491 1578 1785 1645 Iohannis
1833 1579 2136 1646 auditoris
2182 1578 2540 1645 huiusmodi
2567 1579 2791 1646 fuisset
2833 1599 2948 1665 pro
2992 1584 3174 1665 parte

304 1684 461 1751 dicti
506 1685 787 1772 episcopi
831 1684 913 1751 ad
956 1685 1267 1772 prefatam
1314 1684 1527 1752 sedem
1572 1684 1959 1771 appellatum
1975 1735 1995 1770 ,
2055 1705 2170 1753 nos
2225 1704 2480 1752 causam
2536 1685 2736 1772 ipsius
2792 1685 3014 1752 ultime
3059 1706 3174 1773 ap-

304 1790 675 1877 pellacionis
733 1791 959 1859 dilecto
1010 1790 1141 1859 filio
1201 1792 1501 1876 magistro
1548 1791 1811 1858 Iohanni
1866 1791 1945 1858 de
2002 1792 2352 1859 Thomariis
2366 1842 2387 1877 ,
2457 1791 2780 1877 capellano
2835 1797 3053 1858 nostro
3110 1797 3176 1860 et

304 1917 639 1964 causarum
686 1898 966 1965 eiusdem
1009 1898 1239 1984 palacii
1284 1898 1576 1983 auditori,
1625 1899 1999 1965 audiendam
2039 1899 2466 1966 commisimus
2513 1904 2578 1965 et
2619 1899 2743 1965 fine
2789 1897 3000 1964 debito
3045 1905 3172 1965 ter-

302 2005 692 2089 minandam,
740 2006 849 2091 qui
891 2003 1155 2089 cognitis
1200 2005 1400 2092 ipsius
1446 2025 1632 2072 cause
1676 2005 1919 2074 meritis
1951 2006 2030 2072 de
2058 2006 2318 2073 consilio
2351 2011 2414 2072 et
2443 2025 2707 2071 assensu
2737 2005 3172 2072 coauditorum

304 2131 563 2178 suorum
608 2131 939 2179 causarum
986 2113 1137 2179 dicti
1180 2112 1429 2198 palacii,
1478 2112 1703 2196 quibus
1748 2132 1937 2197 super
1982 2113 2104 2179 hiis
2151 2112 2528 2180 relacionem
2559 2111 2710 2178 fecit
2741 2111 3009 2196 fidelem,
3055 2131 3172 2198 per

302 2237 487 2283 suam
518 2215 918 2286 diffinitivam
948 2219 1327 2288 sententiam
1360 2220 1854 2305 pronuncciavit,
1902 2219 2181 2286 decrevit
2209 2225 2272 2286 et
2301 2219 2662 2303 declaravit,
2709 2239 2823 2306 per
2855 2219 3170 2305 prefatum

300 2322 645 2391 Iohannem
690 2325 769 2392 de
813 2325 1032 2409 Mella,
1091 2324 1440 2392 auditorem
1484 2325 1551 2390 in
1607 2345 1797 2392 causa
1854 2325 2213 2392 huiusmodi
2268 2326 2424 2392 bene
2479 2327 2674 2393 fuisse
2719 2331 2784 2392 et
2838 2345 2974 2392 esse
3020 2345 3170 2411 pro·

302 2449 572 2515 cessum,
618 2433 1067 2499 sententiatum
1112 2438 1178 2498 et
1221 2431 1558 2500 diffinitum
1592 2433 1849 2516 eiusque
1888 2432 2265 2499 sententiam
2296 2433 2642 2519 predictam
2677 2431 3169 2498 confirmandam

300 2537 441 2604 fore
486 2541 552 2604 et
604 2537 998 2605 confirmavit
1042 2557 1115 2605 ac
1160 2538 1239 2605 ab
1290 2538 1402 2606 illa
1442 2559 1560 2625 pro
1614 2542 1797 2624 parte
1850 2539 2051 2625 ipsius
2109 2539 2389 2626 episcopi
2443 2539 2609 2606 male
2665 2538 2858 2606 fuisse
2911 2544 2977 2605 et
3031 2557 3172 2605 esse

304 2643 713 2730 appellatum,
760 2665 1003 2712 necnon
1047 2645 1399 2732 predictum
1430 2646 1793 2733 episcopum
1834 2645 1903 2712 in
1951 2647 2246 2732 expensis
2277 2665 2490 2713 coram
2519 2664 2592 2712 eo
2623 2645 2691 2710 in
2721 2665 2911 2711 causa
2954 2645 3170 2712 huius-

303 2751 477 2817 modi
520 2750 801 2835 legitime
842 2753 1027 2819 factis
1072 2752 1657 2839 condempnandum
1702 2752 1837 2818 fore
1883 2756 1947 2819 et
1992 2753 2494 2840 condempnavit,
2540 2752 2793 2820 illarum
2837 2751 3170 2818 taxacione

302 2856 429 2924 sibi
470 2857 885 2944 Mposterum
928 2864 1269 2926 reservata.
1342 2859 1428 2926 Et
1472 2860 1923 2945 subsequenter
1968 2858 2231 2926 dilectus
2276 2859 2465 2943 filius,
2511 2860 2816 2942 magister
2859 2858 3168 2926 Iohannes

300 2963 599 3050 Walling,
645 2966 843 3032 eciam
876 2964 1237 3052 capellanus
1280 2971 1495 3033 noster
1540 2971 1603 3032 et
1647 2985 1980 3032 causarum
2027 2967 2305 3033 eiusdem
2349 2965 2580 3054 palacii
2627 2965 2896 3049 auditor,
2943 2966 3044 3031 cui
3089 2986 3169 3032 ex

300 3071 493 3138 certis
523 3072 729 3138 causis
759 3073 1209 3157 commisimus,
1248 3078 1322 3139 ut
1350 3093 1660 3160 expensas
1692 3092 1903 3140 coram
1934 3073 2102 3139 dicto
2137 3073 2462 3156 Hmungo
2493 3073 2559 3138 in
2591 3071 2950 3138 huiusmodi
2980 3091 3172 3138 causa

298 3178 503 3245 factas
547 3183 799 3245 taxaret
844 3184 907 3245 et
959 3178 1445 3245 instrumentum
1490 3199 1681 3266 super
1734 3179 2048 3246 sententia
2091 3179 2406 3263 Hartungi
2452 3179 2757 3245 auditoris
2809 3178 3170 3245 huiusmodi

300 3283 631 3369 sigillaret,
676 3304 884 3352 coram
930 3285 1069 3371 ipso
1116 3285 1444 3369 Hartungo
1491 3287 1557 3352 in
1603 3286 2042 3372 quadraginta,
2088 3285 2395 3351 Iohannes
2439 3286 2518 3351 de
2557 3283 2750 3352 Mella
2794 3286 2861 3351 in
2905 3285 3170 3369 triginta

301 3411 379 3458 ac
408 3389 711 3458 Iohannes
744 3391 823 3458 de
853 3390 1204 3458 Thomariis
1252 3392 1567 3459 auditores
1612 3393 1880 3479 predicti
1924 3393 1992 3458 in
2039 3392 2310 3458 sedecim
2353 3391 2604 3458 florenis
2638 3392 2777 3458 auri
2807 3392 2884 3457 de
2918 3410 3170 3458 camera

300 3499 455 3564 boni
500 3504 565 3564 et
605 3499 757 3564 iusti
812 3498 1107 3584 ponderis
1165 3518 1371 3564 coram
1432 3499 1523 3565 eis
1578 3499 1777 3566 factas
1834 3517 2145 3586 expensas
2201 3498 2558 3564 huiusmodi
2616 3497 2897 3584 providis
2953 3497 3168 3564 mode-

299 3605 661 3672 racionibus
706 3609 1026 3688 taxarunt,
1072 3605 1498 3690 procuratoris
1543 3606 1824 3693 ipsorum
1870 3605 2448 3672 commendatorum
2479 3623 2669 3690 super
2714 3603 2952 3670 eisdem
2997 3604 3167 3671 iurae

300 3713 534 3779 mentis
579 3711 829 3796 secutis,
877 3717 1067 3798 prout
1110 3713 1177 3778 in
1220 3713 1657 3780 instrumentis
1702 3710 1973 3798 publicis
2003 3711 2152 3778 inde
2192 3709 2490 3778 confectis
2520 3709 2815 3776 Iohannis
2846 3710 2924 3777 de
2953 3709 3164 3793 Mella,

298 3818 599 3886 Iohannis
642 3819 722 3886 de
767 3818 1117 3885 Thomariis
1165 3823 1229 3885 et
1272 3837 1387 3903 pro
1432 3818 1599 3884 dicto
1641 3818 1970 3901 Hartnngo
2017 3817 2301 3883 auditore
2345 3816 2638 3884 Iohannis
2667 3815 2944 3901 Walling
2990 3817 3168 3884 audi-

297 3931 511 3993 torum
556 3926 942 4013 prefatorum
987 3924 1208 4010 sigillis
1253 3925 1515 3990 munitis
1559 3924 1788 3991 dicitur
1826 3924 2075 4010 plenius
2122 3923 2446 3990 contineri.
2517 3923 2675 3990 Cum
2723 3929 2954 4007 autem,
3000 3924 3166 3990 sicut

300 4031 523 4100 eadem
552 4033 783 4120 peticio
812 4031 1248 4116 subiungebat,
1294 4032 1525 4117 prefati
1554 4030 2092 4098 commendatores
2123 4030 2432 4114 dubitent,
2465 4031 2632 4115 quod
2658 4030 2797 4116 ipse
2829 4030 3160 4116 episcopus

298 4140 633 4206 sententiis
698 4139 1056 4206 auditorum
1120 4137 1480 4205 huiusmodi
1542 4143 1607 4206 et
1671 4139 2066 4226 presencium
2134 4138 2349 4221 vigore
2405 4136 2708 4204 habendis
2763 4136 3160 4224 processibus

297 4251 661 4314 reverenter
704 4266 928 4332 parere
972 4266 1099 4312 non
1142 4244 1296 4312 velit
1340 4244 1627 4330 quodque
1681 4265 2012 4331 processus
2057 4245 2184 4330 ipsi
2237 4244 2528 4330 episcopo
2573 4243 2858 4330 predicto
2902 4248 3162 4330 propter

298 4353 437 4422 eius
481 4351 834 4440 potenciam
880 4357 945 4418 et
989 4351 1161 4435 aliis,
1210 4371 1365 4436 quos
1412 4352 1825 4436 concernunt,
1884 4357 2020 4418 tute
2065 4356 2379 4436 nequeant
2422 4349 2760 4436 publicari,
2818 4371 2933 4436 pro
2981 4356 3160 4436 parte

297 4459 614 4527 dictorum
656 4459 1232 4526 commendatorum
1276 4458 1458 4524 nobis
1501 4457 1625 4525 fuit
1666 4458 1990 4525 humiliter
2035 4456 2456 4544 supplicatum
2473 4505 2492 4539 ,
2551 4461 2624 4522 ut
2667 4476 2857 4542 super
2899 4455 3022 4522 hiis
3071 4456 3162 4523 eis

298 4567 379 4634 de
424 4571 732 4652 oportuno
779 4566 1055 4634 remedio
1086 4565 1419 4652 providere
1460 4564 1880 4650 dignaremur.
1950 4564 2080 4630 Nos
2112 4565 2326 4649 itaque
2357 4563 2717 4630 huiusmodi
2747 4563 3162 4650 supplicacio-

297 4673 483 4740 nibus
538 4673 824 4740 inclinati
868 4671 1237 4739 discrecioni
1282 4676 1489 4739 vestre
1534 4693 1647 4758 per
1702 4671 2049 4758 apostolica
2099 4672 2338 4757 scripta
2389 4670 2761 4736 mandamus
2776 4720 2795 4754 ,
2855 4673 3162 4755 quatenus

298 4799 411 4848 vos
456 4779 559 4847 vel
602 4780 725 4846 duo
770 4785 883 4847 aut
924 4800 1085 4846 unus
1130 4783 1411 4846 vestrum
1444 4799 1560 4865 per
1587 4799 1699 4845 vos
1728 4777 1830 4844 vel
1860 4778 2054 4844 alium
2085 4797 2197 4844 seu
2228 4777 2384 4844 alios
2432 4776 2788 4843 auditorum
2819 4777 3162 4843 sententias

298 4885 680 4970 huiusmodi,
726 4887 834 4954 ubi
880 4893 944 4954 et
988 4886 1237 4973 quando
1298 4885 1596 4972 expedire
1640 4884 1925 4952 videritis
1938 4934 1958 4969 ,
2029 4885 2399 4952 auctoritate
2455 4887 2672 4950 nostra
2733 4881 3163 4969 sollempniter
3273 4959 3282 4966 .

295 4993 695 5082 publicantes
738 5012 863 5062 non
909 4993 1290 5080 permittatis
1338 4993 1537 5061 dictos
1581 4991 2120 5062 commendatores
2151 4990 2252 5060 vel
2283 5011 2496 5059 eorum
2529 4989 2802 5076 aliquem
2840 4991 3163 5059 occasione
