3892 5609
687 316 723 384 1
736 313 833 386 86
1708 325 2128 390 namnum.
2199 325 2512 374 Bormum

681 483 1041 570 Sequuntur
1084 484 1294 552 littere
1338 484 1575 551 domini
1619 483 1878 552 Martini
1921 504 2091 570 pape
2135 485 2357 569 quinti.

1099 591 1411 659 Martinus
1457 596 1573 659 etc.
1644 590 1908 657 Romani
1955 587 2270 678 pontificis
2317 590 2421 672 (de
2471 592 2640 657 1419
2685 592 2870 679 april.
2909 593 3034 672 10).

1645 697 2086 783 Disposicione
2130 696 2346 762 divina
2390 697 2498 777 (de
2546 698 2714 763 1419
2759 700 2906 766 mai.
2939 696 3103 780 17).*

1642 802 1965 870 Laudibus
2013 809 2076 870 et
2117 802 2354 870 honore
2399 803 2502 884 (de
2553 805 2721 871 1419
2766 806 2914 871 mai.
2945 807 3022 871 17
3027 802 3107 888 ).*

1647 909 2006 977 Humilibus
2052 913 2118 976 et
2157 908 2439 976 honestis
2483 908 2592 994 (de
2639 911 2810 977 1423
2856 916 3040 978 mart.
3072 914 3198 994 11).

1644 1015 2028 1083 Provisionis
2073 1020 2288 1083 nostre
2333 1016 2435 1097 ((19
2486 1017 2654 1082 1419
2702 1038 2842 1103 aug.
2877 1018 3006 1099 24).

1644 1122 1927 1206 Regnum
1972 1122 2364 1208 presidentes
2418 1123 2522 1203 (de
2572 1124 2743 1189 1420
2787 1124 3112 1218 99111124).

1644 1228 1988 1312 Religionis
2034 1228 2206 1295 zelus
2253 1228 2356 1309 (de
2408 1230 2578 1295 1423
2621 1230 2776 1297 febr.
2817 1233 2946 1314 11).

1644 1333 1767 1401 Pro
1814 1335 2202 1418 singulorum
2250 1335 2354 1415 ((19
2403 1336 2574 1402 1423
2619 1342 2802 1403 mart.
2835 1334 2970 1422 4).*.

1643 1440 1913 1508 Paterne
1957 1440 2483 1509 consideracionis
2531 1441 2634 1522 (de
2682 1444 2852 1510 1429
2897 1463 3040 1510 1191.
3073 1442 3161 1524 6).

1646 1547 1822 1614 Intus
1870 1547 2309 1631 Sigismundus
2356 1548 2460 1628 (de
2510 1548 2679 1616 1415
2724 1549 2884 1615 iunii
2921 1549 3045 1630 19).

1642 1652 1947 1720 Exhibita
1989 1653 2170 1720 nobis
2216 1653 2318 1734 (de
2369 1656 2539 1722 1430
2582 1655 2722 1722 iulii
2766 1655 2898 1735 20).

681 1761 1039 1846 Sequuntur
1082 1691 1574 1826 111191θῇ(191111111
1618 1758 1888 1844 Eugenii
1930 1779 2100 1846 pape
2144 1761 2372 1844 quarti.

1100 1866 1423 1951 Eugenius
1468 1872 1585 1934 etc.
1652 1866 1909 1932 Dudum
1953 1866 2156 1933 felicis
2203 1867 2306 1948 (de
2355 1869 2520 1932 1431
2571 1867 2703 1934 dec.
2744 1867 2870 1949 15).

1656 1972 1911 2039 Dudum
1956 1971 2156 2039 felicis
2204 1972 2308 2054 (de
2347 1975 2510 2040 1431
2561 1973 2718 2040 febr.
2757 1974 2883 2054 18).

1660 2076 1836 2146 1111119
1865 2077 2196 2146 Μ911111119.
2251 2078 2522 2147 Ρ9191119
2551 2079 2920 2146 considerat.
2955 2077 3060 2157 (de
3071 2077 3255 2144 ’1429
3277 2097 3418 2144 1191.
3445 2076 3534 2158 6).

1660 2184 1837 2251 Intus
1884 2184 2322 2269 Sigismundus
2370 2185 2475 2266 (de
2524 2185 2694 2252 1415
2735 2184 2895 2251 iunii
2930 2184 3055 2266 19).

900 2295 988 2362 Et
1031 2294 1179 2380 quia
1222 2292 1499 2378 prefatas
1532 2291 1777 2360 litteras
1808 2292 2206 2378 apostolicas,
2253 2293 2662 2376 munimenta,
2709 2291 3160 2374 concessiones,
3205 2288 3538 2377 privilegia

681 2408 747 2470 et
788 2401 1035 2468 indulta
1081 2419 1155 2466 ac
1200 2399 1539 2466 eorundem
1583 2397 1787 2465 bullas
1831 2399 1899 2465 in
1942 2401 2332 2466 notariorum
2378 2403 2738 2465 nostrorum
2789 2397 3186 2484 publicorum
3229 2417 3424 2484 supra
3473 2402 3540 2464 et

678 2507 847 2574 infra
890 2507 1356 2573 nominatorum
1403 2508 1467 2572 et
1510 2504 1927 2591 plurimorum
1975 2505 2242 2572 aliorum
2287 2504 2410 2572 fide
2455 2505 2786 2588 dignorum
2831 2505 3088 2572 testium
3140 2503 3222 2570 ad
3265 2504 3385 2571 hoc
3425 2524 3540 2570 19-

680 2618 963 2682 catorum
1009 2611 1365 2699 specialiter
1395 2616 1459 2678 et
1485 2617 1849 2694 rogatorum
1894 2613 2224 2699 presencia
2267 2611 2604 2699 productas
2649 2616 2714 2678 et
2755 2610 3064 2697 producta
3108 2615 3346 2678 attente
3389 2629 3540 2677 con-

681 2720 1095 2788 sideravimus
1152 2724 1217 2786 et
1262 2719 1528 2785 vidimus
1588 2737 1661 2783 ac
1716 2718 1879 2785 sicut
1930 2718 2320 2804 premittitur
2371 2719 2542 2804 ipsas
2597 2737 2816 2803 sanas,
2872 2718 3150 2802 integras
3196 2722 3262 2784 et
3303 2715 3540 2802 illesas,

680 2847 808 2894 non
838 2825 1124 2910 abolitas,
1169 2844 1297 2892 non
1325 2826 1608 2908 11919199,
1654 2845 1781 2891 11911
1811 2824 2208 2909 991199119199,
2253 2845 2382 2890 11911
2413 2825 2668 2892 abrasas
2699 2824 2800 2892 vel
2826 2808 3154 2911 'suspectas
3183 2823 3544 2892 invenimus

682 2938 871 3018 atque
914 2933 992 3000 (19
1036 2932 1225 2999 verbo
1281 2930 1362 2998 ad
1405 2931 1663 2998 verbum
1721 2930 1907 2998 simul
1965 2951 2107 2998 cum
2163 2931 2444 3018 presenti
2497 2935 2926 3017 transsumpto
2979 2930 3418 2998 mandavimus
3473 2938 3548 3000 et

679 3040 943 3106 fecimus
972 3038 1097 3123 legi
1129 3044 1193 3105 et
1222 3037 1560 3104 auscultari
1590 3037 1954 3122 diligenter3
2001 3043 2066 3104 et
2111 3039 2259 3123 quia
2304 3039 2730 3105 examinatum
2777 3043 2840 3105 et
2881 3037 3209 3105 inventum
3251 3043 3352 3105 991
3393 3058 3544 3125 pre-

681 3165 827 3213 sens
881 3148 1379 3231 transsumptum
1437 3145 2010 3232 suprascriptarum
2063 3144 2420 3211 litterarum
2476 3145 2874 3228 originalium
2928 3149 3178 3212 tenores
3223 3143 3304 3212 de
3346 3143 3544 3214 verbo

682 3251 764 3319 ad
792 3250 1052 3319 verbum
1097 3251 1331 3338 absque
1378 3250 1701 3318 addicione
1746 3271 1856 3318 9911
1904 3251 2280 3318 detrimento
2328 3250 2686 3318 omnimode
2728 3249 3068 3335 continere,
3112 3270 3230 3318 nos
3258 3251 3544 3318 Iulianus

680 3358 1019 3426 cardinalis
1066 3364 1129 3424 et
1170 3357 1415 3441 legatus
1460 3358 1742 3444 prefatus
1776 3357 2150 3425 auctoritate
2177 3362 2391 3424 nostre
2418 3357 2758 3442 legacionis
2793 3359 3072 3444 presenti
3099 3358 3352 3425 decreto
3394 3377 3544 3445 per-

678 3470 869 3552 petue
912 3463 1183 3531 valituro
1228 3468 1575 3531 statuentes
1620 3461 1887 3530 firmiter
1930 3465 2264 3531 statuimus
2311 3469 2375 3530 et
2419 3463 2840 3549 decernimus,
2899 3469 3206 3550 quatenus
3256 3465 3544 3551 presenti

680 3576 1254 3657 transsumptamm
1299 3569 1652 3637 litterarum
1697 3568 2005 3636 volumini
2059 3569 2250 3657 plena
2303 3575 2368 3636 et
2425 3571 2786 3641 omnimoda
2841 3569 2996 3638 fides
3051 3571 3424 3638 adhibeatur
3473 3577 3544 3638 et

681 3678 965 3746 adhiberi
1010 3677 1235 3744 debeat
1278 3677 1344 3743 in
1377 3677 1869 3762 quibuscumque
1912 3675 2162 3744 iudiciis
2210 3663 2646 3743 ecclesiasticis
2691 3683 2756 3744 et
2799 3676 3184 3745 secularibus
3229 3683 3295 3745 et
3337 3683 3541 3762 extra,

680 3786 845 3851 sicut
885 3783 1115 3850 litteris
1160 3783 1317 3868 ipsis
1364 3782 1771 3867 originalibus
1816 3783 2285 3869 suprascriptis,
2333 3788 2540 3868 atque,
2587 3790 2660 3850 ut
2697 3784 2961 3850 eandem
2991 3785 3120 3850 vim
3166 3789 3230 3850 et
3257 3784 3540 3868 vigorem

679 3891 911 3957 habeat
954 3895 1017 3956 et
1058 3891 1214 3955 iuris
1264 3891 1572 3957 sorciatur
1616 3888 1903 3956 effectum
1952 3907 2024 3955 ac
2071 3888 2284 3955 sortiri
2327 3888 2553 3956 debeat
2602 3909 2715 3956 ceu
2757 3891 2970 3957 littere
3013 3889 3350 3973 originales
3395 3911 3540 3977 pre-

680 3998 865 4082 dicte,
910 3996 1246 4063 tribuimus
1292 4001 1356 4062 et
1398 3996 1797 4083 impertimur
1842 3996 2300 4079 auctoritatem,
2346 3996 2438 4062 ita
2482 3995 2772 4064 videlieet
2815 4001 2906 4081 ut,
2951 3995 3328 4082 ubicumque
3372 3997 3538 4065 loco-

680 4124 823 4170 rum
865 4123 1125 4189 presens
1172 4108 1671 4189 transsumptum
1716 4108 1849 4169 tam
1893 4102 1961 4166 in
2005 4101 2254 4168 iudiciis
2301 4122 2490 4187 quam
2537 4109 2718 4171 extra
2761 4105 2962 4170 visum
2977 4153 2997 4188 ‚
3044 4103 3396 4170 exhibitum
3439 4102 3541 4171 vel

679 4210 1055 4297 productum
1100 4209 1311 4293 fuerit,
1366 4209 1627 4276 eandem
1676 4209 1825 4292 vim,
1878 4206 2069 4274 fidem
2115 4213 2179 4274 et
2219 4209 2412 4275 robur
2455 4207 2793 4294 firmitatis,
2839 4208 3228 4276 credulitatis
3273 4230 3348 4276 ac
3393 4231 3538 4296 pro-

678 4315 959 4383 bacionis
1005 4315 1235 4382 habeat
1279 4323 1343 4382 et
1384 4321 1628 4400 teneat,
1686 4335 1759 4380 ac
1814 4315 1870 4380 si
1928 4315 2067 4400 ipse
2120 4314 2360 4400 littere,
2416 4317 2752 4404 privilegia
2795 4316 3126 4400 originalia
3179 4321 3244 4384 et
3293 4317 3542 4383 indulta

682 4423 893 4490 omnia
938 4427 1047 4488 aut
1092 4442 1170 4489 ex
1215 4422 1371 4507 ipsis
1419 4419 1671 4506 aliquod
1716 4441 1829 4487 seu
1874 4421 2087 4505 aliqua
2131 4429 2384 4490 ostensa
2421 4429 2486 4490 et
2513 4423 2793 4490 exhibita
2835 4423 2904 4490 in
2949 4423 3158 4510 specie
3199 4423 3412 4491 forent
3439 4423 3540 4490 vel

679 4527 1005 4616 producta,
1050 4529 1269 4596 fraude
1315 4535 1380 4595 et
1411 4527 1554 4594 dolo
1600 4527 1857 4594 semotis
1902 4527 2414 4615 quibuscumque.
2481 4527 2554 4595 In
2587 4548 2852 4613 quorum
2894 4531 3172 4596 omnium
3217 4534 3282 4596 et
3325 4530 3540 4615 singu-

679 4637 885 4702 lorum
912 4633 1123 4719 fidem,
1166 4635 1360 4702 robur
1390 4639 1457 4701 et
1482 4635 1916 4702 testimonium
1960 4635 2410 4720 premissorum
2454 4641 2783 4721 presentes
2823 4641 3074 4703 nostras
3117 4635 3360 4704 litteras
3405 4637 3541 4705 9119

680 4761 940 4829 presens
999 4739 1320 4828 publicum
1365 4741 1852 4807 instrumentum
1900 4741 2126 4808 exinde
2169 4741 2308 4808 fieri
2364 4747 2428 4809 et
2469 4761 2586 4829 per
2629 4763 2824 4829 supra
2869 4747 2934 4810 et
2975 4742 3140 4810 infra
3182 4745 3542 4812 nominatos

681 4848 963 4915 notarios
1018 4851 1268 4914 nostros
1324 4847 1607 4934 publicos
1647 4845 2052 4915 Wilhelmum
2099 4853 2164 4915 et
2206 4846 2715 4916 Bartholomeum
2761 4849 3070 4918 subscribi
3117 4854 3180 4916 et
3229 4850 3540 4937 publicari

684 4954 1119 5022 mandavimus
1166 4954 1483 5040 sigillique
1524 4954 1727 5021 nostri
1774 4953 2048 5041 oblongi,
2095 4975 2216 5042 quo
2249 4955 2510 5042 utimur,
2554 4957 2816 5025 fecimus
2849 4959 3233 5044 appensione
3261 4977 3542 5026 commu-
