<?xml version="1.0" encoding="UTF-8"?>
<!DOCTYPE html PUBLIC "-//W3C//DTD XHTML 1.0 Transitional//EN"
    "http://www.w3.org/TR/xhtml1/DTD/xhtml1-transitional.dtd">
<html xmlns="http://www.w3.org/1999/xhtml" xml:lang="en" lang="en">
 <head>
  <title>
</title>
<meta http-equiv="Content-Type" content="text/html;charset=utf-8" />
  <meta name='ocr-system' content='tesseract 3.04.00' />
  <meta name='ocr-capabilities' content='ocr_page ocr_carea ocr_par ocr_line ocrx_word'/>
</head>
<body>
  <div class='ocr_page' id='page_1' title='image "./tabulaeordinist00stregoog_0107.png"; bbox 0 0 3892 5609; ppageno 0'>
   <div class='ocr_carea' id='block_1_1' title="bbox 1146 229 3230 366">
    <p class='ocr_par' dir='ltr' id='par_1_1' title="bbox 1146 229 3230 366">
     <span class='ocr_line' id='line_1_1' title="bbox 2207 229 2224 254; baseline 0 0"><span class='ocrx_word' id='word_1_1' title='bbox 2207 229 2224 254; x_wconf 44' lang='lat' dir='ltr'><strong>s</strong></span> 
     </span>
     <span class='ocr_line' id='line_1_2' title="bbox 1146 294 3230 366; baseline 0.002 -17"><span class='ocrx_word' id='word_1_2' title='bbox 1146 296 1378 350; x_wconf 64' lang='lat' dir='ltr'><strong>‘ranna</strong></span> <span class='ocrx_word' id='word_1_3' title='bbox 1422 300 1709 352; x_wconf 61' lang='lat' dir='ltr'><strong>saxon.</strong></span> <span class='ocrx_word' id='word_1_4' title='bbox 1777 303 2112 352; x_wconf 68' lang='lat' dir='ltr'><strong>Annam.</strong></span> <span class='ocrx_word' id='word_1_5' title='bbox 2179 302 2448 352; x_wconf 68' lang='lat' dir='ltr'><strong>ornans</strong></span> <span class='ocrx_word' id='word_1_6' title='bbox 3136 294 3230 366; x_wconf 88' lang='lat'><strong>91</strong></span> 
     </span>
    </p>
   </div>
   <div class='ocr_carea' id='block_1_2' title="bbox 362 459 3306 1083">
    <p class='ocr_par' dir='ltr' id='par_1_2' title="bbox 362 459 3306 1083">
     <span class='ocr_line' id='line_1_3' title="bbox 362 459 3240 550; baseline 0.001 -22"><span class='ocrx_word' id='word_1_7' title='bbox 362 461 443 528; x_wconf 89' lang='lat' dir='ltr'><strong>de</strong></span> <span class='ocrx_word' id='word_1_8' title='bbox 490 459 735 548; x_wconf 83' lang='lat' dir='ltr'><strong>Seyete.</strong></span> <span class='ocrx_word' id='word_1_9' title='bbox 812 459 901 527; x_wconf 87' lang='lat' dir='ltr'><strong>Ge</strong></span> <span class='ocrx_word' id='word_1_10' title='bbox 942 461 1013 526; x_wconf 81' lang='lat' dir='ltr'><strong>fu</strong></span> <span class='ocrx_word' id='word_1_11' title='bbox 1054 460 1175 529; x_wconf 89' lang='lat' dir='ltr'><strong>fait</strong></span> <span class='ocrx_word' id='word_1_12' title='bbox 1218 481 1258 527; x_wconf 89' lang='lat' dir='ltr'><strong>a</strong></span> <span class='ocrx_word' id='word_1_13' title='bbox 1302 459 1531 548; x_wconf 77' lang='lat' dir='ltr'><strong>Sayete</strong></span> <span class='ocrx_word' id='word_1_14' title='bbox 1578 481 1657 528; x_wconf 90' lang='lat' dir='ltr'><strong>en</strong></span> <span class='ocrx_word' id='word_1_15' title='bbox 1700 483 1809 530; x_wconf 86' lang='lat' dir='ltr'><strong>ma</strong></span> <span class='ocrx_word' id='word_1_16' title='bbox 1852 468 1991 530; x_wconf 90' lang='lat' dir='ltr'><strong>cort</strong></span> <span class='ocrx_word' id='word_1_17' title='bbox 2034 483 2114 530; x_wconf 89' lang='lat' dir='ltr'><strong>en</strong></span> <span class='ocrx_word' id='word_1_18' title='bbox 2157 462 2223 529; x_wconf 88' lang='lat' dir='ltr'><strong>la</strong></span> <span class='ocrx_word' id='word_1_19' title='bbox 2267 483 2569 550; x_wconf 80' lang='lat' dir='ltr'><strong>presence</strong></span> <span class='ocrx_word' id='word_1_20' title='bbox 2617 469 2682 530; x_wconf 91' lang='lat' dir='ltr'><strong>et</strong></span> <span class='ocrx_word' id='word_1_21' title='bbox 2725 485 2804 530; x_wconf 90' lang='lat' dir='ltr'><strong>en</strong></span> <span class='ocrx_word' id='word_1_22' title='bbox 2847 464 2912 530; x_wconf 91' lang='lat' dir='ltr'><strong>la</strong></span> <span class='ocrx_word' id='word_1_23' title='bbox 2955 464 3240 548; x_wconf 84' lang='lat' dir='ltr'><strong>garentie</strong></span> 
     </span>
     <span class='ocr_line' id='line_1_4' title="bbox 363 567 3239 655; baseline 0.002 -22"><span class='ocrx_word' id='word_1_24' title='bbox 363 567 443 634; x_wconf 90' lang='lat' dir='ltr'><strong>de</strong></span> <span class='ocrx_word' id='word_1_25' title='bbox 488 588 625 636; x_wconf 90' lang='lat' dir='ltr'><strong>mes</strong></span> <span class='ocrx_word' id='word_1_26' title='bbox 664 567 889 638; x_wconf 82' lang='lat' dir='ltr'><strong>homes</strong></span> <span class='ocrx_word' id='word_1_27' title='bbox 932 567 1123 651; x_wconf 82' lang='lat' dir='ltr'><strong>liges,</strong></span> <span class='ocrx_word' id='word_1_28' title='bbox 1185 567 1295 634; x_wconf 89' lang='lat' dir='ltr'><strong>des</strong></span> <span class='ocrx_word' id='word_1_29' title='bbox 1343 569 1524 653; x_wconf 89' lang='lat' dir='ltr'><strong>quelz</strong></span> <span class='ocrx_word' id='word_1_30' title='bbox 1572 589 1643 636; x_wconf 88' lang='lat' dir='ltr'><strong>ce</strong></span> <span class='ocrx_word' id='word_1_31' title='bbox 1690 573 1840 637; x_wconf 74' lang='lat' dir='ltr'><strong>sunt</strong></span> <span class='ocrx_word' id='word_1_32' title='bbox 1891 570 1986 638; x_wconf 91' lang='lat' dir='ltr'><strong>les</strong></span> <span class='ocrx_word' id='word_1_33' title='bbox 2029 590 2283 637; x_wconf 87' lang='lat' dir='ltr'><strong>nomes:</strong></span> <span class='ocrx_word' id='word_1_34' title='bbox 2343 569 2552 637; x_wconf 86' lang='lat' dir='ltr'><strong>Johan</strong></span> <span class='ocrx_word' id='word_1_35' title='bbox 2597 571 2678 652; x_wconf 80' lang='lat' dir='ltr'><strong>de</strong></span> <span class='ocrx_word' id='word_1_36' title='bbox 2724 571 2790 637; x_wconf 94' lang='lat' dir='ltr'><strong>la</strong></span> <span class='ocrx_word' id='word_1_37' title='bbox 2833 571 2992 655; x_wconf 88' lang='lat' dir='ltr'><strong>Tor,</strong></span> <span class='ocrx_word' id='word_1_38' title='bbox 3053 571 3239 638; x_wconf 82' lang='lat' dir='ltr'><strong>cone-‘-</strong></span> 
     </span>
     <span class='ocr_line' id='line_1_5' title="bbox 364 673 3240 763; baseline 0.001 -21"><span class='ocrx_word' id='word_1_39' title='bbox 364 674 603 757; x_wconf 78' lang='lat' dir='ltr'><strong>stable&#39;3</strong></span> <span class='ocrx_word' id='word_1_40' title='bbox 662 673 871 742; x_wconf 78' lang='lat' dir='ltr'><strong>Johan</strong></span> <span class='ocrx_word' id='word_1_41' title='bbox 914 673 1221 759; x_wconf 87' lang='lat' dir='ltr'><strong>Harneis,</strong></span> <span class='ocrx_word' id='word_1_42' title='bbox 1274 675 1660 759; x_wconf 84' lang='lat' dir='ltr'><strong>marescha13</strong></span> <span class='ocrx_word' id='word_1_43' title='bbox 1717 676 2025 763; x_wconf 90' lang='lat' dir='ltr'><strong>Phelippe</strong></span> <span class='ocrx_word' id='word_1_44' title='bbox 2070 676 2148 743; x_wconf 91' lang='lat' dir='ltr'><strong>de</strong></span> <span class='ocrx_word' id='word_1_45' title='bbox 2192 675 2510 762; x_wconf 85' lang='lat' dir='ltr'><strong>Biaufort‚</strong></span> <span class='ocrx_word' id='word_1_46' title='bbox 2567 696 2717 745; x_wconf 90' lang='lat' dir='ltr'><strong>mon</strong></span> <span class='ocrx_word' id='word_1_47' title='bbox 2759 678 2956 759; x_wconf 83' lang='lat' dir='ltr'><strong>frere3</strong></span> <span class='ocrx_word' id='word_1_48' title='bbox 3014 676 3240 744; x_wconf 84' lang='lat' dir='ltr'><strong>Joffroi</strong></span> 
     </span>
     <span class='ocr_line' id='line_1_6' title="bbox 364 780 3306 868; baseline 0.001 -20"><span class='ocrx_word' id='word_1_49' title='bbox 364 781 445 848; x_wconf 88' lang='lat' dir='ltr'><strong>de</strong></span> <span class='ocrx_word' id='word_1_50' title='bbox 476 780 739 864; x_wconf 87' lang='lat' dir='ltr'><strong>Viliers;</strong></span> <span class='ocrx_word' id='word_1_51' title='bbox 784 781 965 848; x_wconf 90' lang='lat' dir='ltr'><strong>Eude</strong></span> <span class='ocrx_word' id='word_1_52' title='bbox 1012 780 1089 850; x_wconf 88' lang='lat' dir='ltr'><strong>de</strong></span> <span class='ocrx_word' id='word_1_53' title='bbox 1135 781 1346 865; x_wconf 88' lang='lat' dir='ltr'><strong>Creel;</strong></span> <span class='ocrx_word' id='word_1_54' title='bbox 1392 783 1751 868; x_wconf 81' lang='lat' dir='ltr'><strong>Maquair03</strong></span> <span class='ocrx_word' id='word_1_55' title='bbox 1797 783 1962 851; x_wconf 86' lang='lat' dir='ltr'><strong>Ranl</strong></span> <span class='ocrx_word' id='word_1_56' title='bbox 2007 783 2084 850; x_wconf 92' lang='lat' dir='ltr'><strong>de</strong></span> <span class='ocrx_word' id='word_1_57' title='bbox 2129 783 2388 867; x_wconf 82' lang='lat' dir='ltr'><strong>Hachif3</strong></span> <span class='ocrx_word' id='word_1_58' title='bbox 2447 783 2589 852; x_wconf 89' lang='lat' dir='ltr'><strong>Hue</strong></span> <span class='ocrx_word' id='word_1_59' title='bbox 2634 785 2712 852; x_wconf 88' lang='lat' dir='ltr'><strong>de</strong></span> <span class='ocrx_word' id='word_1_60' title='bbox 2742 783 3038 865; x_wconf 81' lang='lat' dir='ltr'><strong>Vilieres3</strong></span> <span class='ocrx_word' id='word_1_61' title='bbox 3083 783 3239 850; x_wconf 87' lang='lat' dir='ltr'><strong>Ber·</strong></span> <span class='ocrx_word' id='word_1_62' title='bbox 3300 853 3306 862; x_wconf 68' lang='grc'><strong>,</strong></span> 
     </span>
     <span class='ocr_line' id='line_1_7' title="bbox 364 887 3239 976; baseline 0.001 -22"><span class='ocrx_word' id='word_1_63' title='bbox 364 888 596 955; x_wconf 86' lang='lat' dir='ltr'><strong>teleme</strong></span> <span class='ocrx_word' id='word_1_64' title='bbox 637 887 899 973; x_wconf 79' lang='lat' dir='ltr'><strong>Monge3</strong></span> <span class='ocrx_word' id='word_1_65' title='bbox 954 887 1260 976; x_wconf 88' lang='lat' dir='ltr'><strong>Phelippe</strong></span> <span class='ocrx_word' id='word_1_66' title='bbox 1306 889 1563 958; x_wconf 89' lang='lat' dir='ltr'><strong>Hardel.</strong></span> <span class='ocrx_word' id='word_1_67' title='bbox 1646 889 1733 958; x_wconf 89' lang='lat' dir='ltr'><strong>Ce</strong></span> <span class='ocrx_word' id='word_1_68' title='bbox 1784 891 1855 956; x_wconf 86' lang='lat' dir='ltr'><strong>fu</strong></span> <span class='ocrx_word' id='word_1_69' title='bbox 1912 891 2034 957; x_wconf 88' lang='lat' dir='ltr'><strong>fait</strong></span> <span class='ocrx_word' id='word_1_70' title='bbox 2089 911 2167 958; x_wconf 88' lang='lat' dir='ltr'><strong>en</strong></span> <span class='ocrx_word' id='word_1_71' title='bbox 2221 891 2351 957; x_wconf 90' lang='lat' dir='ltr'><strong>l’an</strong></span> <span class='ocrx_word' id='word_1_72' title='bbox 2407 893 2484 958; x_wconf 89' lang='lat' dir='ltr'><strong>de</strong></span> <span class='ocrx_word' id='word_1_73' title='bbox 2527 892 2970 960; x_wconf 86' lang='lat' dir='ltr'><strong>l’incarnation</strong></span> <span class='ocrx_word' id='word_1_74' title='bbox 3021 896 3239 958; x_wconf 86' lang='lat' dir='ltr'><strong>nostre</strong></span> 
     </span>
     <span class='ocr_line' id='line_1_8' title="bbox 367 995 2413 1083; baseline 0.001 -21"><span class='ocrx_word' id='word_1_75' title='bbox 367 996 623 1080; x_wconf 76' lang='lat' dir='ltr'><strong>seignur</strong></span> <span class='ocrx_word' id='word_1_76' title='bbox 665 1017 730 1062; x_wconf 91' lang='lat' dir='ltr'><strong>m</strong></span> <span class='ocrx_word' id='word_1_77' title='bbox 776 1014 847 1062; x_wconf 90' lang='lat' dir='ltr'><strong>cc</strong></span> <span class='ocrx_word' id='word_1_78' title='bbox 894 1001 958 1062; x_wconf 85' lang='lat' dir='ltr'><strong>et</strong></span> <span class='ocrx_word' id='word_1_79' title='bbox 1002 995 1091 1061; x_wconf 91' lang='lat' dir='ltr'><strong>lvi</strong></span> <span class='ocrx_word' id='word_1_80' title='bbox 1136 1017 1217 1063; x_wconf 85' lang='lat' dir='ltr'><strong>au</strong></span> <span class='ocrx_word' id='word_1_81' title='bbox 1263 997 1489 1064; x_wconf 89' lang='lat' dir='ltr'><strong>disime</strong></span> <span class='ocrx_word' id='word_1_82' title='bbox 1526 998 1631 1082; x_wconf 88' lang='lat' dir='ltr'><strong>jor</strong></span> <span class='ocrx_word' id='word_1_83' title='bbox 1676 997 1778 1064; x_wconf 90' lang='lat' dir='ltr'><strong>del</strong></span> <span class='ocrx_word' id='word_1_84' title='bbox 1824 998 1984 1064; x_wconf 91' lang='lat' dir='ltr'><strong>mois</strong></span> <span class='ocrx_word' id='word_1_85' title='bbox 2031 997 2111 1064; x_wconf 91' lang='lat' dir='ltr'><strong>de</strong></span> <span class='ocrx_word' id='word_1_86' title='bbox 2145 998 2413 1083; x_wconf 86' lang='lat' dir='ltr'><strong>jenvier.</strong></span> 
     </span>
    </p>
   </div>
   <div class='ocr_carea' id='block_1_3' title="bbox 578 1135 1093 1200">
    <p class='ocr_par' dir='ltr' id='par_1_3' title="bbox 578 1135 1093 1200">
     <span class='ocr_line' id='line_1_9' title="bbox 578 1135 1093 1200; baseline 0 -12"><span class='ocrx_word' id='word_1_87' title='bbox 578 1135 672 1200; x_wconf 87' lang='lat' dir='ltr'><strong>III,</strong></span> <span class='ocrx_word' id='word_1_88' title='bbox 712 1135 829 1188; x_wconf 79' lang='lat'><strong>164.</strong></span> <span class='ocrx_word' id='word_1_89' title='bbox 890 1135 1023 1188; x_wconf 71' lang='lat'><strong>0121.</strong></span> <span class='ocrx_word' id='word_1_90' title='bbox 1050 1153 1093 1188; x_wconf 83' lang='lat' dir='ltr'><strong>c.</strong></span> 
     </span>
    </p>
   </div>
   <div class='ocr_carea' id='block_1_4' title="bbox 377 1385 3239 1584">
    <p class='ocr_par' dir='ltr' id='par_1_4' title="bbox 377 1385 3239 1584">
     <span class='ocr_line' id='line_1_10' title="bbox 377 1385 3239 1478; baseline -0.001 -21"><span class='ocrx_word' id='word_1_91' title='bbox 377 1387 415 1456; x_wconf 92' lang='lat'>1</span> <span class='ocrx_word' id='word_1_92' title='bbox 434 1385 553 1457; x_wconf 83' lang='grc'><strong>12.</strong></span> <span class='ocrx_word' id='word_1_93' title='bbox 594 1387 775 1454; x_wconf 83' lang='grc'><strong><em>1257</em></strong></span> <span class='ocrx_word' id='word_1_94' title='bbox 819 1388 1047 1474; x_wconf 76' lang='lat' dir='ltr'><strong>septbr.</strong></span> <span class='ocrx_word' id='word_1_95' title='bbox 1082 1385 1319 1454; x_wconf 79' lang='lat' dir='ltr'><strong>Aeeon.</strong></span> <span class='ocrx_word' id='word_1_96' title='bbox 1389 1389 1708 1455; x_wconf 78' lang='lat' dir='ltr'><em>Florentii</em></span> <span class='ocrx_word' id='word_1_97' title='bbox 1750 1388 2132 1454; x_wconf 74' lang='lat' dir='ltr'><strong>Acconensis</strong></span> <span class='ocrx_word' id='word_1_98' title='bbox 2179 1391 2464 1478; x_wconf 72' lang='lat' dir='ltr'><strong>episcopi</strong></span> <span class='ocrx_word' id='word_1_99' title='bbox 2505 1393 2869 1477; x_wconf 73' lang='lat' dir='ltr'><strong>compositio</strong></span> <span class='ocrx_word' id='word_1_100' title='bbox 2916 1413 3057 1456; x_wconf 82' lang='lat' dir='ltr'><strong>cum</strong></span> <span class='ocrx_word' id='word_1_101' title='bbox 3098 1389 3239 1455; x_wconf 79' lang='lat' dir='ltr'><strong>An-</strong></span> 
     </span>
     <span class='ocr_line' id='line_1_11' title="bbox 592 1495 2952 1584; baseline 0 -25"><span class='ocrx_word' id='word_1_102' title='bbox 592 1517 755 1560; x_wconf 78' lang='lat' dir='ltr'><strong>none</strong></span> <span class='ocrx_word' id='word_1_103' title='bbox 797 1498 1099 1581; x_wconf 73' lang='lat' dir='ltr'><strong>maqistro</strong></span> <span class='ocrx_word' id='word_1_104' title='bbox 1146 1496 1368 1560; x_wconf 67' lang='lat' dir='ltr'><strong>domus</strong></span> <span class='ocrx_word' id='word_1_105' title='bbox 1413 1497 1745 1584; x_wconf 72' lang='lat' dir='ltr'><strong>hospitalis</strong></span> <span class='ocrx_word' id='word_1_106' title='bbox 1796 1495 1867 1562; x_wconf 78' lang='lat' dir='ltr'><strong>S.</strong></span> <span class='ocrx_word' id='word_1_107' title='bbox 1900 1496 2158 1561; x_wconf 81' lang='lat' dir='ltr'><strong>Mariae</strong></span> <span class='ocrx_word' id='word_1_108' title='bbox 2205 1495 2729 1580; x_wconf 57' lang='lat' dir='ltr'><strong>Tkeqtonicorum</strong></span> <span class='ocrx_word' id='word_1_109' title='bbox 2770 1500 2952 1563; x_wconf 73' lang='lat' dir='ltr'><strong>inita.</strong></span> 
     </span>
    </p>
   </div>
   <div class='ocr_carea' id='block_1_5' title="bbox 370 1633 3262 5038">
    <p class='ocr_par' dir='ltr' id='par_1_5' title="bbox 370 1633 3262 5038">
     <span class='ocr_line' id='line_1_12' title="bbox 592 1633 3242 1734; baseline 0.001 -32"><span class='ocrx_word' id='word_1_110' title='bbox 592 1633 919 1702; x_wconf 86' lang='lat' dir='ltr'><strong>Universis</strong></span> <span class='ocrx_word' id='word_1_111' title='bbox 963 1641 1287 1722; x_wconf 80' lang='lat' dir='ltr'><strong>presentes</strong></span> <span class='ocrx_word' id='word_1_112' title='bbox 1318 1635 1563 1703; x_wconf 89' lang='lat' dir='ltr'><strong>litteras</strong></span> <span class='ocrx_word' id='word_1_113' title='bbox 1593 1637 1974 1723; x_wconf 88' lang='lat' dir='ltr'><strong>inspecturis</strong></span> <span class='ocrx_word' id='word_1_114' title='bbox 1995 1635 2356 1734; x_wconf 72' lang='lat' dir='ltr'><strong>Florentius</strong></span> <span class='ocrx_word' id='word_1_115' title='bbox 2396 1636 2802 1705; x_wconf 85' lang='lat' dir='ltr'><strong>miseratione</strong></span> <span class='ocrx_word' id='word_1_116' title='bbox 2846 1638 3064 1704; x_wconf 83' lang='lat' dir='ltr'><strong>divina</strong></span> <span class='ocrx_word' id='word_1_117' title='bbox 3107 1638 3242 1724; x_wconf 89' lang='lat' dir='ltr'><strong>epi-</strong></span> 
     </span>
     <span class='ocr_line' id='line_1_13' title="bbox 371 1735 3244 1830; baseline -0 -20"><span class='ocrx_word' id='word_1_118' title='bbox 371 1763 601 1829; x_wconf 86' lang='lat' dir='ltr'><strong>scopus</strong></span> <span class='ocrx_word' id='word_1_119' title='bbox 646 1747 711 1808; x_wconf 88' lang='lat' dir='ltr'><strong>et</strong></span> <span class='ocrx_word' id='word_1_120' title='bbox 740 1741 1082 1829; x_wconf 87' lang='lat' dir='ltr'><strong>capitulum</strong></span> <span class='ocrx_word' id='word_1_121' title='bbox 1114 1743 1515 1811; x_wconf 87' lang='lat' dir='ltr'><strong>Acconenses</strong></span> <span class='ocrx_word' id='word_1_122' title='bbox 1560 1744 1828 1811; x_wconf 89' lang='lat' dir='ltr'><strong>salutem</strong></span> <span class='ocrx_word' id='word_1_123' title='bbox 1871 1744 1941 1810; x_wconf 90' lang='lat' dir='ltr'><strong>in</strong></span> <span class='ocrx_word' id='word_1_124' title='bbox 1971 1743 2226 1808; x_wconf 91' lang='lat' dir='ltr'><strong>domino</strong></span> <span class='ocrx_word' id='word_1_125' title='bbox 2260 1735 2729 1830; x_wconf 64' lang='lat' dir='ltr'><strong>sempiternam.</strong></span> <span class='ocrx_word' id='word_1_126' title='bbox 2797 1743 3060 1811; x_wconf 80' lang='lat' dir='ltr'><strong>Noverit</strong></span> <span class='ocrx_word' id='word_1_127' title='bbox 3100 1744 3244 1811; x_wconf 90' lang='lat' dir='ltr'><strong>uni-</strong></span> 
     </span>
     <span class='ocr_line' id='line_1_14' title="bbox 371 1848 3244 1936; baseline 0.001 -22"><span class='ocrx_word' id='word_1_128' title='bbox 371 1851 641 1916; x_wconf 81' lang='lat' dir='ltr'><strong>versitas</strong></span> <span class='ocrx_word' id='word_1_129' title='bbox 688 1855 928 1932; x_wconf 86' lang='lat' dir='ltr'><strong>vestra,</strong></span> <span class='ocrx_word' id='word_1_130' title='bbox 987 1848 1187 1934; x_wconf 91' lang='lat' dir='ltr'><strong>quod,</strong></span> <span class='ocrx_word' id='word_1_131' title='bbox 1249 1870 1393 1918; x_wconf 90' lang='lat' dir='ltr'><strong>cum</strong></span> <span class='ocrx_word' id='word_1_132' title='bbox 1437 1852 1605 1917; x_wconf 89' lang='lat' dir='ltr'><strong>inter</strong></span> <span class='ocrx_word' id='word_1_133' title='bbox 1648 1871 1763 1918; x_wconf 88' lang='lat' dir='ltr'><strong>nos</strong></span> <span class='ocrx_word' id='word_1_134' title='bbox 1808 1870 1926 1936; x_wconf 90' lang='lat' dir='ltr'><strong>pro</strong></span> <span class='ocrx_word' id='word_1_135' title='bbox 1970 1848 2153 1916; x_wconf 90' lang='lat' dir='ltr'><strong>nobis</strong></span> <span class='ocrx_word' id='word_1_136' title='bbox 2210 1854 2274 1916; x_wconf 88' lang='lat' dir='ltr'><strong>et</strong></span> <span class='ocrx_word' id='word_1_137' title='bbox 2323 1849 2589 1916; x_wconf 90' lang='lat' dir='ltr'><strong>ecclesia</strong></span> <span class='ocrx_word' id='word_1_138' title='bbox 2631 1856 2850 1918; x_wconf 88' lang='lat' dir='ltr'><strong>nostra</strong></span> <span class='ocrx_word' id='word_1_139' title='bbox 2892 1851 3244 1918; x_wconf 89' lang='lat' dir='ltr'><strong>Acconensi</strong></span> 
     </span>
     <span class='ocr_line' id='line_1_15' title="bbox 372 1956 3242 2043; baseline -0.001 -19"><span class='ocrx_word' id='word_1_140' title='bbox 372 1977 455 2024; x_wconf 89' lang='lat' dir='ltr'><strong>ex</strong></span> <span class='ocrx_word' id='word_1_141' title='bbox 499 1962 681 2043; x_wconf 77' lang='lat' dir='ltr'><strong>parte</strong></span> <span class='ocrx_word' id='word_1_142' title='bbox 726 1976 854 2022; x_wconf 91' lang='lat' dir='ltr'><strong>una</strong></span> <span class='ocrx_word' id='word_1_143' title='bbox 908 1962 973 2022; x_wconf 88' lang='lat' dir='ltr'><strong>et</strong></span> <span class='ocrx_word' id='word_1_144' title='bbox 1025 1956 1354 2040; x_wconf 81' lang='lat' dir='ltr'><strong>religiosos</strong></span> <span class='ocrx_word' id='word_1_145' title='bbox 1400 1958 1571 2024; x_wconf 90' lang='lat' dir='ltr'><strong>viros</strong></span> <span class='ocrx_word' id='word_1_146' title='bbox 1622 1958 1885 2023; x_wconf 86' lang='lat' dir='ltr'><strong>fratrem</strong></span> <span class='ocrx_word' id='word_1_147' title='bbox 1928 1957 2266 2024; x_wconf 86' lang='lat' dir='ltr'><strong>Annonem</strong></span> <span class='ocrx_word' id='word_1_148' title='bbox 2312 1958 2688 2040; x_wconf 81' lang='lat' dir='ltr'><strong>magistrum</strong></span> <span class='ocrx_word' id='word_1_149' title='bbox 2748 1962 2813 2024; x_wconf 89' lang='lat' dir='ltr'><strong>et</strong></span> <span class='ocrx_word' id='word_1_150' title='bbox 2865 1963 3242 2024; x_wconf 83' lang='lat' dir='ltr'><strong>conventum</strong></span> 
     </span>
     <span class='ocr_line' id='line_1_16' title="bbox 374 2062 3243 2149; baseline 0.001 -21"><span class='ocrx_word' id='word_1_151' title='bbox 374 2063 597 2129; x_wconf 88' lang='lat' dir='ltr'><strong>domus</strong></span> <span class='ocrx_word' id='word_1_152' title='bbox 642 2062 974 2149; x_wconf 86' lang='lat' dir='ltr'><strong>hospitalis</strong></span> <span class='ocrx_word' id='word_1_153' title='bbox 1020 2068 1237 2130; x_wconf 88' lang='lat' dir='ltr'><strong>sancte</strong></span> <span class='ocrx_word' id='word_1_154' title='bbox 1265 2062 1465 2132; x_wconf 86' lang='lat' dir='ltr'><strong>Marie</strong></span> <span class='ocrx_word' id='word_1_155' title='bbox 1497 2065 2024 2132; x_wconf 90' lang='lat' dir='ltr'><strong>Theutonicorum</strong></span> <span class='ocrx_word' id='word_1_156' title='bbox 2059 2062 2542 2130; x_wconf 77' lang='lat' dir='ltr'><strong>ierosolimitani</strong></span> <span class='ocrx_word' id='word_1_157' title='bbox 2584 2084 2754 2130; x_wconf 90' lang='lat' dir='ltr'><strong>nuuc</strong></span> <span class='ocrx_word' id='word_1_158' title='bbox 2781 2069 3243 2130; x_wconf 81' lang='lat' dir='ltr'><strong>commorantes</strong></span> 
     </span>
     <span class='ocr_line' id='line_1_17' title="bbox 372 2163 3244 2256; baseline 0 -20"><span class='ocrx_word' id='word_1_159' title='bbox 372 2169 441 2236; x_wconf 92' lang='lat' dir='ltr'><strong>in</strong></span> <span class='ocrx_word' id='word_1_160' title='bbox 484 2170 701 2236; x_wconf 87' lang='lat' dir='ltr'><strong>Accon</strong></span> <span class='ocrx_word' id='word_1_161' title='bbox 744 2188 861 2256; x_wconf 91' lang='lat' dir='ltr'><strong>pro</strong></span> <span class='ocrx_word' id='word_1_162' title='bbox 908 2189 975 2236; x_wconf 90' lang='lat' dir='ltr'><strong>se</strong></span> <span class='ocrx_word' id='word_1_163' title='bbox 1022 2176 1087 2237; x_wconf 86' lang='lat' dir='ltr'><strong>et</strong></span> <span class='ocrx_word' id='word_1_164' title='bbox 1129 2170 1314 2236; x_wconf 90' lang='lat' dir='ltr'><strong>domo</strong></span> <span class='ocrx_word' id='word_1_165' title='bbox 1360 2191 1479 2237; x_wconf 86' lang='lat' dir='ltr'><strong>sua</strong></span> <span class='ocrx_word' id='word_1_166' title='bbox 1523 2191 1602 2237; x_wconf 89' lang='lat' dir='ltr'><strong>ex</strong></span> <span class='ocrx_word' id='word_1_167' title='bbox 1648 2171 1849 2238; x_wconf 86' lang='lat' dir='ltr'><strong>altera</strong></span> <span class='ocrx_word' id='word_1_168' title='bbox 1892 2189 2084 2255; x_wconf 88' lang='lat' dir='ltr'><strong>super</strong></span> <span class='ocrx_word' id='word_1_169' title='bbox 2129 2170 2390 2236; x_wconf 82' lang='lat' dir='ltr'><strong>decimis</strong></span> <span class='ocrx_word' id='word_1_170' title='bbox 2449 2176 2512 2237; x_wconf 91' lang='lat' dir='ltr'><strong>et</strong></span> <span class='ocrx_word' id='word_1_171' title='bbox 2553 2169 2742 2237; x_wconf 89' lang='lat' dir='ltr'><strong>rebus</strong></span> <span class='ocrx_word' id='word_1_172' title='bbox 2788 2171 2928 2236; x_wconf 85' lang='lat' dir='ltr'><strong>aliis</strong></span> <span class='ocrx_word' id='word_1_173' title='bbox 2976 2163 3047 2236; x_wconf 75' lang='lat' dir='ltr'><strong>et</strong></span> <span class='ocrx_word' id='word_1_174' title='bbox 3083 2171 3244 2256; x_wconf 88' lang='lat' dir='ltr'><strong>peti-</strong></span> 
     </span>
     <span class='ocr_line' id='line_1_18' title="bbox 374 2276 3245 2364; baseline -0.001 -20"><span class='ocrx_word' id='word_1_175' title='bbox 374 2276 659 2344; x_wconf 89' lang='lat' dir='ltr'><strong>cionibus</strong></span> <span class='ocrx_word' id='word_1_176' title='bbox 688 2276 1013 2344; x_wconf 87' lang='lat' dir='ltr'><strong>hincinde</strong></span> <span class='ocrx_word' id='word_1_177' title='bbox 1041 2277 1284 2362; x_wconf 83' lang='lat' dir='ltr'><strong>questio</strong></span> <span class='ocrx_word' id='word_1_178' title='bbox 1308 2283 1680 2362; x_wconf 88' lang='lat' dir='ltr'><strong>verteretur,</strong></span> <span class='ocrx_word' id='word_1_179' title='bbox 1708 2299 1829 2363; x_wconf 88' lang='lat' dir='ltr'><strong>que</strong></span> <span class='ocrx_word' id='word_1_180' title='bbox 1859 2279 2204 2364; x_wconf 73' lang='lat' dir='ltr'><strong>petitiones</strong></span> <span class='ocrx_word' id='word_1_181' title='bbox 2225 2277 2386 2343; x_wconf 88' lang='lat' dir='ltr'><strong>tales</strong></span> <span class='ocrx_word' id='word_1_182' title='bbox 2417 2282 2627 2343; x_wconf 85' lang='lat' dir='ltr'><strong>erant:</strong></span> <span class='ocrx_word' id='word_1_183' title='bbox 2659 2276 3034 2345; x_wconf 87' lang='lat' dir='ltr'><strong>Petebamus</strong></span> <span class='ocrx_word' id='word_1_184' title='bbox 3064 2297 3245 2343; x_wconf 89' lang='lat' dir='ltr'><strong>nam-</strong></span> 
     </span>
     <span class='ocr_line' id='line_1_19' title="bbox 375 2381 3246 2471; baseline 0 -22"><span class='ocrx_word' id='word_1_185' title='bbox 375 2404 498 2468; x_wconf 88' lang='lat' dir='ltr'><strong>que</strong></span> <span class='ocrx_word' id='word_1_186' title='bbox 541 2403 658 2450; x_wconf 91' lang='lat' dir='ltr'><strong>nos</strong></span> <span class='ocrx_word' id='word_1_187' title='bbox 706 2383 1039 2470; x_wconf 87' lang='lat' dir='ltr'><strong>episcopus</strong></span> <span class='ocrx_word' id='word_1_188' title='bbox 1084 2383 1429 2470; x_wconf 82' lang='lat' dir='ltr'><strong>prephatus</strong></span> <span class='ocrx_word' id='word_1_189' title='bbox 1483 2405 1600 2471; x_wconf 90' lang='lat' dir='ltr'><strong>pro</strong></span> <span class='ocrx_word' id='word_1_190' title='bbox 1646 2385 1826 2451; x_wconf 88' lang='lat' dir='ltr'><strong>nobis</strong></span> <span class='ocrx_word' id='word_1_191' title='bbox 1884 2390 1950 2450; x_wconf 90' lang='lat' dir='ltr'><strong>et</strong></span> <span class='ocrx_word' id='word_1_192' title='bbox 1994 2381 2258 2450; x_wconf 89' lang='lat' dir='ltr'><strong>ecclesia</strong></span> <span class='ocrx_word' id='word_1_193' title='bbox 2299 2389 2518 2450; x_wconf 86' lang='lat' dir='ltr'><strong>nostra</strong></span> <span class='ocrx_word' id='word_1_194' title='bbox 2561 2405 2600 2449; x_wconf 90' lang='lat' dir='ltr'><strong>a</strong></span> <span class='ocrx_word' id='word_1_195' title='bbox 2641 2383 2944 2468; x_wconf 85' lang='lat' dir='ltr'><strong>magistro</strong></span> <span class='ocrx_word' id='word_1_196' title='bbox 2991 2389 3056 2449; x_wconf 86' lang='lat' dir='ltr'><strong>et</strong></span> <span class='ocrx_word' id='word_1_197' title='bbox 3097 2404 3246 2450; x_wconf 92' lang='lat' dir='ltr'><strong>con-</strong></span> 
     </span>
     <span class='ocr_line' id='line_1_20' title="bbox 374 2489 3246 2576; baseline -0 -20"><span class='ocrx_word' id='word_1_198' title='bbox 374 2495 569 2557; x_wconf 87' lang='lat' dir='ltr'><strong>ventu</strong></span> <span class='ocrx_word' id='word_1_199' title='bbox 597 2490 764 2557; x_wconf 85' lang='lat' dir='ltr'><strong>dicte</strong></span> <span class='ocrx_word' id='word_1_200' title='bbox 788 2491 1009 2557; x_wconf 89' lang='lat' dir='ltr'><strong>domus</strong></span> <span class='ocrx_word' id='word_1_201' title='bbox 1028 2489 1555 2558; x_wconf 84' lang='lat' dir='ltr'><strong>Theutonicorum</strong></span> <span class='ocrx_word' id='word_1_202' title='bbox 1578 2491 1900 2558; x_wconf 81' lang='lat' dir='ltr'><strong>marcham</strong></span> <span class='ocrx_word' id='word_1_203' title='bbox 1930 2511 2124 2556; x_wconf 89' lang='lat' dir='ltr'><strong>unam</strong></span> <span class='ocrx_word' id='word_1_204' title='bbox 2147 2491 2391 2572; x_wconf 79' lang='lat' dir='ltr'><strong>argenti</strong></span> <span class='ocrx_word' id='word_1_205' title='bbox 2420 2510 2539 2576; x_wconf 91' lang='lat' dir='ltr'><strong>pro</strong></span> <span class='ocrx_word' id='word_1_206' title='bbox 2563 2489 2830 2557; x_wconf 90' lang='lat' dir='ltr'><strong>ecclesia</strong></span> <span class='ocrx_word' id='word_1_207' title='bbox 2857 2509 2974 2556; x_wconf 90' lang='lat' dir='ltr'><strong>sua</strong></span> <span class='ocrx_word' id='word_1_208' title='bbox 3001 2491 3246 2556; x_wconf 89' lang='lat' dir='ltr'><strong>ratione</strong></span> 
     </span>
     <span class='ocr_line' id='line_1_21' title="bbox 376 2596 3252 2684; baseline -0 -21"><span class='ocrx_word' id='word_1_209' title='bbox 376 2597 703 2672; x_wconf 86' lang='lat' dir='ltr'><strong>cuiusdam</strong></span> <span class='ocrx_word' id='word_1_210' title='bbox 750 2597 1225 2684; x_wconf 85' lang='lat' dir='ltr'><strong>compositionis</strong></span> <span class='ocrx_word' id='word_1_211' title='bbox 1272 2598 1505 2664; x_wconf 89' lang='lat' dir='ltr'><strong>dudum</strong></span> <span class='ocrx_word' id='word_1_212' title='bbox 1552 2599 1719 2664; x_wconf 89' lang='lat' dir='ltr'><strong>inter</strong></span> <span class='ocrx_word' id='word_1_213' title='bbox 1775 2596 2250 2684; x_wconf 83' lang='lat' dir='ltr'><strong>predecessores</strong></span> <span class='ocrx_word' id='word_1_214' title='bbox 2297 2616 2514 2662; x_wconf 86' lang='lat' dir='ltr'><strong>eorum</strong></span> <span class='ocrx_word' id='word_1_215' title='bbox 2569 2602 2633 2662; x_wconf 91' lang='lat' dir='ltr'><strong>et</strong></span> <span class='ocrx_word' id='word_1_216' title='bbox 2679 2603 2926 2664; x_wconf 88' lang='lat' dir='ltr'><strong>nostros</strong></span> <span class='ocrx_word' id='word_1_217' title='bbox 2969 2597 3134 2662; x_wconf 84' lang='lat' dir='ltr'><strong>facte</strong></span> <span class='ocrx_word' id='word_1_218' title='bbox 3187 2601 3252 2663; x_wconf 92' lang='lat' dir='ltr'><strong>et</strong></span> 
     </span>
     <span class='ocr_line' id='line_1_22' title="bbox 378 2702 3252 2791; baseline 0 -21"><span class='ocrx_word' id='word_1_219' title='bbox 378 2702 593 2771; x_wconf 85' lang='lat' dir='ltr'><strong>habite</strong></span> <span class='ocrx_word' id='word_1_220' title='bbox 638 2705 966 2771; x_wconf 87' lang='lat' dir='ltr'><strong>annuatim</strong></span> <span class='ocrx_word' id='word_1_221' title='bbox 1007 2706 1078 2770; x_wconf 86' lang='lat' dir='ltr'><strong>in</strong></span> <span class='ocrx_word' id='word_1_222' title='bbox 1120 2705 1282 2771; x_wconf 87' lang='lat' dir='ltr'><strong>festo</strong></span> <span class='ocrx_word' id='word_1_223' title='bbox 1327 2703 1785 2791; x_wconf 85' lang='lat' dir='ltr'><strong>purificationis</strong></span> <span class='ocrx_word' id='word_1_224' title='bbox 1814 2704 2169 2771; x_wconf 87' lang='lat' dir='ltr'><strong>Acconensi</strong></span> <span class='ocrx_word' id='word_1_225' title='bbox 2213 2703 2472 2771; x_wconf 87' lang='lat' dir='ltr'><strong>ecclesie</strong></span> <span class='ocrx_word' id='word_1_226' title='bbox 2515 2703 3014 2790; x_wconf 82' lang='lat' dir='ltr'><strong>persolvendam.</strong></span> <span class='ocrx_word' id='word_1_227' title='bbox 3091 2703 3252 2770; x_wconf 88' lang='lat' dir='ltr'><strong>Item</strong></span> 
     </span>
     <span class='ocr_line' id='line_1_23' title="bbox 376 2808 3252 2897; baseline -0 -20"><span class='ocrx_word' id='word_1_228' title='bbox 376 2810 750 2897; x_wconf 87' lang='lat' dir='ltr'><strong>petebamus</strong></span> <span class='ocrx_word' id='word_1_229' title='bbox 795 2812 1152 2878; x_wconf 83' lang='lat' dir='ltr'><strong>manualem</strong></span> <span class='ocrx_word' id='word_1_230' title='bbox 1197 2811 1631 2878; x_wconf 80' lang='lat' dir='ltr'><strong>obedienciam</strong></span> <span class='ocrx_word' id='word_1_231' title='bbox 1675 2810 1857 2876; x_wconf 88' lang='lat' dir='ltr'><strong>nobis</strong></span> <span class='ocrx_word' id='word_1_232' title='bbox 1904 2808 2187 2878; x_wconf 91' lang='lat' dir='ltr'><strong>exhiberi</strong></span> <span class='ocrx_word' id='word_1_233' title='bbox 2232 2830 2272 2876; x_wconf 89' lang='lat' dir='ltr'><strong>a</strong></span> <span class='ocrx_word' id='word_1_234' title='bbox 2301 2809 2646 2896; x_wconf 87' lang='lat' dir='ltr'><strong>capellano,</strong></span> <span class='ocrx_word' id='word_1_235' title='bbox 2693 2810 2803 2895; x_wconf 89' lang='lat' dir='ltr'><strong>qui</strong></span> <span class='ocrx_word' id='word_1_236' title='bbox 2849 2809 2930 2876; x_wconf 87' lang='lat' dir='ltr'><strong>ad</strong></span> <span class='ocrx_word' id='word_1_237' title='bbox 2975 2810 3252 2876; x_wconf 88' lang='lat' dir='ltr'><strong>servien-</strong></span> 
     </span>
     <span class='ocr_line' id='line_1_24' title="bbox 378 2915 3252 3005; baseline -0.001 -21"><span class='ocrx_word' id='word_1_238' title='bbox 378 2917 533 2984; x_wconf 88' lang='lat' dir='ltr'><strong>dum</strong></span> <span class='ocrx_word' id='word_1_239' title='bbox 580 2918 783 2985; x_wconf 88' lang='lat' dir='ltr'><strong>eidem</strong></span> <span class='ocrx_word' id='word_1_240' title='bbox 831 2919 1091 2986; x_wconf 88' lang='lat' dir='ltr'><strong>ecclesie</strong></span> <span class='ocrx_word' id='word_1_241' title='bbox 1136 2939 1251 3005; x_wconf 89' lang='lat' dir='ltr'><strong>pro</strong></span> <span class='ocrx_word' id='word_1_242' title='bbox 1282 2924 1567 3004; x_wconf 86' lang='lat' dir='ltr'><strong>tempore</strong></span> <span class='ocrx_word' id='word_1_243' title='bbox 1604 2921 2050 3000; x_wconf 86' lang='lat' dir='ltr'><strong>assumeretur,</strong></span> <span class='ocrx_word' id='word_1_244' title='bbox 2099 2922 2164 2982; x_wconf 88' lang='lat' dir='ltr'><strong>et</strong></span> <span class='ocrx_word' id='word_1_245' title='bbox 2207 2917 2376 3002; x_wconf 90' lang='lat' dir='ltr'><strong>quod</strong></span> <span class='ocrx_word' id='word_1_246' title='bbox 2421 2915 2590 2983; x_wconf 92' lang='lat' dir='ltr'><strong>idem</strong></span> <span class='ocrx_word' id='word_1_247' title='bbox 2625 2917 2985 3004; x_wconf 88' lang='lat' dir='ltr'><strong>capellanus</strong></span> <span class='ocrx_word' id='word_1_248' title='bbox 3032 2919 3112 2984; x_wconf 86' lang='lat' dir='ltr'><strong>ad</strong></span> <span class='ocrx_word' id='word_1_249' title='bbox 3141 2938 3252 2983; x_wconf 90' lang='lat' dir='ltr'><strong>vo·</strong></span> 
     </span>
     <span class='ocr_line' id='line_1_25' title="bbox 380 3024 3253 3108; baseline -0 -16"><span class='ocrx_word' id='word_1_250' title='bbox 380 3025 696 3092; x_wconf 88' lang='lat' dir='ltr'><strong>cationem</strong></span> <span class='ocrx_word' id='word_1_251' title='bbox 740 3029 1022 3092; x_wconf 88' lang='lat' dir='ltr'><strong>nostram</strong></span> <span class='ocrx_word' id='word_1_252' title='bbox 1066 3026 1313 3092; x_wconf 87' lang='lat' dir='ltr'><strong>veniret</strong></span> <span class='ocrx_word' id='word_1_253' title='bbox 1364 3030 1429 3091; x_wconf 90' lang='lat' dir='ltr'><strong>et</strong></span> <span class='ocrx_word' id='word_1_254' title='bbox 1471 3029 1691 3092; x_wconf 88' lang='lat' dir='ltr'><strong>nostra</strong></span> <span class='ocrx_word' id='word_1_255' title='bbox 1734 3042 2290 3108; x_wconf 87' lang='lat' dir='ltr'><strong>successorumque</strong></span> <span class='ocrx_word' id='word_1_256' title='bbox 2334 3028 2696 3091; x_wconf 88' lang='lat' dir='ltr'><strong>nostrorum</strong></span> <span class='ocrx_word' id='word_1_257' title='bbox 2740 3024 3076 3091; x_wconf 87' lang='lat' dir='ltr'><strong>interdicta</strong></span> <span class='ocrx_word' id='word_1_258' title='bbox 3121 3045 3253 3092; x_wconf 89' lang='lat' dir='ltr'><strong>ser-</strong></span> 
     </span>
     <span class='ocr_line' id='line_1_26' title="bbox 380 3129 3249 3218; baseline -0 -20"><span class='ocrx_word' id='word_1_259' title='bbox 380 3137 563 3200; x_wconf 88' lang='lat' dir='ltr'><strong>varet</strong></span> <span class='ocrx_word' id='word_1_260' title='bbox 597 3136 662 3198; x_wconf 90' lang='lat' dir='ltr'><strong>et</strong></span> <span class='ocrx_word' id='word_1_261' title='bbox 691 3153 765 3198; x_wconf 87' lang='lat' dir='ltr'><strong>ea</strong></span> <span class='ocrx_word' id='word_1_262' title='bbox 794 3139 1233 3218; x_wconf 87' lang='lat' dir='ltr'><strong>exequeretur,</strong></span> <span class='ocrx_word' id='word_1_263' title='bbox 1278 3132 1346 3197; x_wconf 91' lang='lat' dir='ltr'><strong>in</strong></span> <span class='ocrx_word' id='word_1_264' title='bbox 1392 3152 1659 3217; x_wconf 90' lang='lat' dir='ltr'><strong>quorum</strong></span> <span class='ocrx_word' id='word_1_265' title='bbox 1706 3131 2164 3218; x_wconf 88' lang='lat' dir='ltr'><strong>possessionem</strong></span> <span class='ocrx_word' id='word_1_266' title='bbox 2199 3129 2300 3196; x_wconf 90' lang='lat' dir='ltr'><strong>vel</strong></span> <span class='ocrx_word' id='word_1_267' title='bbox 2341 3131 2524 3216; x_wconf 90' lang='lat' dir='ltr'><strong>quasi</strong></span> <span class='ocrx_word' id='word_1_268' title='bbox 2567 3131 2815 3196; x_wconf 85' lang='lat' dir='ltr'><strong>restitui</strong></span> <span class='ocrx_word' id='word_1_269' title='bbox 2861 3131 3249 3218; x_wconf 86' lang='lat' dir='ltr'><strong>petebamus.</strong></span> 
     </span>
     <span class='ocr_line' id='line_1_27' title="bbox 380 3236 3250 3326; baseline -0.001 -19"><span class='ocrx_word' id='word_1_270' title='bbox 380 3240 543 3307; x_wconf 90' lang='lat' dir='ltr'><strong>Item</strong></span> <span class='ocrx_word' id='word_1_271' title='bbox 586 3240 957 3326; x_wconf 83' lang='lat' dir='ltr'><strong>petebamus</strong></span> <span class='ocrx_word' id='word_1_272' title='bbox 1003 3239 1081 3306; x_wconf 90' lang='lat' dir='ltr'><strong>de</strong></span> <span class='ocrx_word' id='word_1_273' title='bbox 1127 3239 1337 3323; x_wconf 88' lang='lat' dir='ltr'><strong>terris,</strong></span> <span class='ocrx_word' id='word_1_274' title='bbox 1383 3237 1709 3306; x_wconf 85' lang='lat' dir='ltr'><strong>arboribus</strong></span> <span class='ocrx_word' id='word_1_275' title='bbox 1758 3243 1823 3304; x_wconf 87' lang='lat' dir='ltr'><strong>et</strong></span> <span class='ocrx_word' id='word_1_276' title='bbox 1864 3237 2067 3303; x_wconf 89' lang='lat' dir='ltr'><strong>vineis</strong></span> <span class='ocrx_word' id='word_1_277' title='bbox 2113 3237 2253 3303; x_wconf 89' lang='lat' dir='ltr'><strong>sitis</strong></span> <span class='ocrx_word' id='word_1_278' title='bbox 2297 3237 2364 3302; x_wconf 90' lang='lat' dir='ltr'><strong>in</strong></span> <span class='ocrx_word' id='word_1_279' title='bbox 2409 3236 2646 3303; x_wconf 86' lang='lat' dir='ltr'><strong>diocesi</strong></span> <span class='ocrx_word' id='word_1_280' title='bbox 2675 3237 2964 3304; x_wconf 89' lang='lat' dir='ltr'><strong>Acconen</strong></span> <span class='ocrx_word' id='word_1_281' title='bbox 2973 3238 3046 3321; x_wconf 93' lang='lat' dir='ltr'><strong>si,</strong></span> <span class='ocrx_word' id='word_1_282' title='bbox 3095 3258 3250 3323; x_wconf 87' lang='lat' dir='ltr'><strong>quas</strong></span> 
     </span>
     <span class='ocr_line' id='line_1_28' title="bbox 380 3342 3254 3432; baseline -0.001 -18"><span class='ocrx_word' id='word_1_283' title='bbox 380 3347 576 3414; x_wconf 87' lang='lat' dir='ltr'><strong>iidem</strong></span> <span class='ocrx_word' id='word_1_284' title='bbox 621 3346 925 3430; x_wconf 82' lang='lat' dir='ltr'><strong>magister</strong></span> <span class='ocrx_word' id='word_1_285' title='bbox 970 3351 1035 3412; x_wconf 89' lang='lat' dir='ltr'><strong>et</strong></span> <span class='ocrx_word' id='word_1_286' title='bbox 1074 3345 1305 3412; x_wconf 86' lang='lat' dir='ltr'><strong>fratres</strong></span> <span class='ocrx_word' id='word_1_287' title='bbox 1350 3346 1627 3432; x_wconf 90' lang='lat' dir='ltr'><strong>propriis</strong></span> <span class='ocrx_word' id='word_1_288' title='bbox 1672 3343 2030 3430; x_wconf 87' lang='lat' dir='ltr'><strong>sumptibus</strong></span> <span class='ocrx_word' id='word_1_289' title='bbox 2077 3348 2140 3409; x_wconf 88' lang='lat' dir='ltr'><strong>et</strong></span> <span class='ocrx_word' id='word_1_290' title='bbox 2180 3342 2502 3410; x_wconf 83' lang='lat' dir='ltr'><strong>laboribus</strong></span> <span class='ocrx_word' id='word_1_291' title='bbox 2547 3344 2918 3411; x_wconf 85' lang='lat' dir='ltr'><strong>excolebant</strong></span> <span class='ocrx_word' id='word_1_292' title='bbox 2961 3352 3026 3412; x_wconf 91' lang='lat' dir='ltr'><strong>et</strong></span> <span class='ocrx_word' id='word_1_293' title='bbox 3069 3365 3254 3411; x_wconf 87' lang='lat' dir='ltr'><strong>exco-</strong></span> 
     </span>
     <span class='ocr_line' id='line_1_29' title="bbox 382 3446 3251 3538; baseline -0.001 -18"><span class='ocrx_word' id='word_1_294' title='bbox 382 3453 545 3537; x_wconf 79' lang='lat' dir='ltr'><strong>lunt,</strong></span> <span class='ocrx_word' id='word_1_295' title='bbox 592 3453 866 3520; x_wconf 89' lang='lat' dir='ltr'><strong>decimas</strong></span> <span class='ocrx_word' id='word_1_296' title='bbox 908 3453 1189 3536; x_wconf 81' lang='lat' dir='ltr'><strong>integras</strong></span> <span class='ocrx_word' id='word_1_297' title='bbox 1217 3452 1400 3520; x_wconf 90' lang='lat' dir='ltr'><strong>nobis</strong></span> <span class='ocrx_word' id='word_1_298' title='bbox 1440 3452 1620 3536; x_wconf 88' lang='lat' dir='ltr'><strong>solvi,</strong></span> <span class='ocrx_word' id='word_1_299' title='bbox 1665 3452 1733 3517; x_wconf 91' lang='lat' dir='ltr'><strong>in</strong></span> <span class='ocrx_word' id='word_1_300' title='bbox 1765 3470 2031 3536; x_wconf 89' lang='lat' dir='ltr'><strong>quarum</strong></span> <span class='ocrx_word' id='word_1_301' title='bbox 2076 3446 2503 3535; x_wconf 84' lang='lat' dir='ltr'><strong>possessione¹</strong></span> <span class='ocrx_word' id='word_1_302' title='bbox 2533 3450 2633 3516; x_wconf 90' lang='lat' dir='ltr'><strong>vel</strong></span> <span class='ocrx_word' id='word_1_303' title='bbox 2679 3451 2858 3535; x_wconf 89' lang='lat' dir='ltr'><strong>quasi</strong></span> <span class='ocrx_word' id='word_1_304' title='bbox 2903 3452 3061 3518; x_wconf 90' lang='lat' dir='ltr'><strong>iuris</strong></span> <span class='ocrx_word' id='word_1_305' title='bbox 3107 3473 3251 3538; x_wconf 90' lang='lat' dir='ltr'><strong>per-</strong></span> 
     </span>
     <span class='ocr_line' id='line_1_30' title="bbox 382 3555 3254 3647; baseline -0.001 -19"><span class='ocrx_word' id='word_1_306' title='bbox 382 3561 661 3647; x_wconf 86' lang='lat' dir='ltr'><strong>cipiendi</strong></span> <span class='ocrx_word' id='word_1_307' title='bbox 704 3560 877 3646; x_wconf 87' lang='lat' dir='ltr'><strong>ipsas</strong></span> <span class='ocrx_word' id='word_1_308' title='bbox 923 3559 1199 3625; x_wconf 90' lang='lat' dir='ltr'><strong>decimas</strong></span> <span class='ocrx_word' id='word_1_309' title='bbox 1244 3559 1607 3626; x_wconf 90' lang='lat' dir='ltr'><strong>dicebamus</strong></span> <span class='ocrx_word' id='word_1_310' title='bbox 1646 3559 2082 3624; x_wconf 89' lang='lat' dir='ltr'><strong>Acconensem</strong></span> <span class='ocrx_word' id='word_1_311' title='bbox 2127 3555 2456 3622; x_wconf 89' lang='lat' dir='ltr'><strong>ecclesiam</strong></span> <span class='ocrx_word' id='word_1_312' title='bbox 2501 3557 2804 3623; x_wconf 85' lang='lat' dir='ltr'><strong>extitisse.</strong></span> <span class='ocrx_word' id='word_1_313' title='bbox 2875 3557 3034 3625; x_wconf 91' lang='lat' dir='ltr'><strong>Item</strong></span> <span class='ocrx_word' id='word_1_314' title='bbox 3078 3565 3254 3645; x_wconf 88' lang='lat' dir='ltr'><strong>pete-</strong></span> 
     </span>
     <span class='ocr_line' id='line_1_31' title="bbox 370 3662 3256 3749; baseline 0.001 -21"><span class='ocrx_word' id='word_1_315' title='bbox 370 3667 609 3734; x_wconf 84' lang='lat' dir='ltr'><strong>bamus</strong></span> <span class='ocrx_word' id='word_1_316' title='bbox 667 3666 941 3733; x_wconf 87' lang='lat' dir='ltr'><strong>decimas</strong></span> <span class='ocrx_word' id='word_1_317' title='bbox 996 3665 1277 3749; x_wconf 82' lang='lat' dir='ltr'><strong>integras</strong></span> <span class='ocrx_word' id='word_1_318' title='bbox 1335 3666 1413 3733; x_wconf 90' lang='lat' dir='ltr'><strong>de</strong></span> <span class='ocrx_word' id='word_1_319' title='bbox 1472 3665 1763 3732; x_wconf 88' lang='lat' dir='ltr'><strong>omnibus</strong></span> <span class='ocrx_word' id='word_1_320' title='bbox 1819 3669 1989 3732; x_wconf 88' lang='lat' dir='ltr'><strong>terre</strong></span> <span class='ocrx_word' id='word_1_321' title='bbox 2047 3662 2448 3730; x_wconf 86' lang='lat' dir='ltr'><strong>nascentibus</strong></span> <span class='ocrx_word' id='word_1_322' title='bbox 2503 3664 2894 3746; x_wconf 85' lang='lat' dir='ltr'><strong>quorundam</strong></span> <span class='ocrx_word' id='word_1_323' title='bbox 2951 3665 3256 3732; x_wconf 86' lang='lat' dir='ltr'><strong>casalium</strong></span> 
     </span>
     <span class='ocr_line' id='line_1_32' title="bbox 384 3769 3256 3856; baseline -0.001 -16"><span class='ocrx_word' id='word_1_324' title='bbox 384 3773 681 3840; x_wconf 86' lang='lat' dir='ltr'><strong>videlicet</strong></span> <span class='ocrx_word' id='word_1_325' title='bbox 724 3773 801 3838; x_wconf 90' lang='lat' dir='ltr'><strong>de</strong></span> <span class='ocrx_word' id='word_1_326' title='bbox 830 3772 1033 3840; x_wconf 87' lang='lat' dir='ltr'><strong>Bassa</strong></span> <span class='ocrx_word' id='word_1_327' title='bbox 1076 3779 1141 3839; x_wconf 87' lang='lat' dir='ltr'><strong>et</strong></span> <span class='ocrx_word' id='word_1_328' title='bbox 1184 3773 1263 3839; x_wconf 90' lang='lat' dir='ltr'><strong>de</strong></span> <span class='ocrx_word' id='word_1_329' title='bbox 1297 3771 1568 3839; x_wconf 87' lang='lat' dir='ltr'><strong>Massob.</strong></span> <span class='ocrx_word' id='word_1_330' title='bbox 1639 3773 1800 3838; x_wconf 88' lang='lat' dir='ltr'><strong>Item</strong></span> <span class='ocrx_word' id='word_1_331' title='bbox 1845 3772 1923 3838; x_wconf 90' lang='lat' dir='ltr'><strong>de</strong></span> <span class='ocrx_word' id='word_1_332' title='bbox 1965 3770 2154 3838; x_wconf 89' lang='lat' dir='ltr'><strong>terris</strong></span> <span class='ocrx_word' id='word_1_333' title='bbox 2201 3774 2265 3836; x_wconf 90' lang='lat' dir='ltr'><strong>et</strong></span> <span class='ocrx_word' id='word_1_334' title='bbox 2307 3769 2716 3856; x_wconf 88' lang='lat' dir='ltr'><strong>proventibus</strong></span> <span class='ocrx_word' id='word_1_335' title='bbox 2761 3771 3086 3854; x_wconf 83' lang='lat' dir='ltr'><strong>casalium,</strong></span> <span class='ocrx_word' id='word_1_336' title='bbox 3135 3791 3256 3855; x_wconf 89' lang='lat' dir='ltr'><strong>que</strong></span> 
     </span>
     <span class='ocr_line' id='line_1_33' title="bbox 384 3876 3254 3965; baseline -0.002 -17"><span class='ocrx_word' id='word_1_337' title='bbox 384 3886 691 3948; x_wconf 87' lang='lat' dir='ltr'><strong>vocantur</strong></span> <span class='ocrx_word' id='word_1_338' title='bbox 735 3878 1070 3948; x_wconf 86' lang='lat' dir='ltr'><strong>Oafriasim</strong></span> <span class='ocrx_word' id='word_1_339' title='bbox 1116 3884 1181 3945; x_wconf 89' lang='lat' dir='ltr'><strong>et</strong></span> <span class='ocrx_word' id='word_1_340' title='bbox 1222 3878 1513 3946; x_wconf 89' lang='lat' dir='ltr'><strong>Busenen</strong></span> <span class='ocrx_word' id='word_1_341' title='bbox 1557 3883 1622 3945; x_wconf 91' lang='lat' dir='ltr'><strong>et</strong></span> <span class='ocrx_word' id='word_1_342' title='bbox 1668 3877 1938 3965; x_wconf 89' lang='lat' dir='ltr'><strong>Saphet,</strong></span> <span class='ocrx_word' id='word_1_343' title='bbox 1983 3878 2264 3960; x_wconf 81' lang='lat' dir='ltr'><strong>integras</strong></span> <span class='ocrx_word' id='word_1_344' title='bbox 2312 3876 2586 3942; x_wconf 89' lang='lat' dir='ltr'><strong>decimas</strong></span> <span class='ocrx_word' id='word_1_345' title='bbox 2637 3876 3026 3963; x_wconf 85' lang='lat' dir='ltr'><strong>petebamus.</strong></span> <span class='ocrx_word' id='word_1_346' title='bbox 3095 3877 3254 3944; x_wconf 90' lang='lat' dir='ltr'><strong>Item</strong></span> 
     </span>
     <span class='ocr_line' id='line_1_34' title="bbox 385 3983 3255 4075; baseline -0.001 -21"><span class='ocrx_word' id='word_1_347' title='bbox 385 3987 756 4075; x_wconf 87' lang='lat' dir='ltr'><strong>petebamus</strong></span> <span class='ocrx_word' id='word_1_348' title='bbox 801 3986 1054 4054; x_wconf 89' lang='lat' dir='ltr'><strong>restitui</strong></span> <span class='ocrx_word' id='word_1_349' title='bbox 1098 3987 1176 4052; x_wconf 89' lang='lat' dir='ltr'><strong>ad</strong></span> <span class='ocrx_word' id='word_1_350' title='bbox 1223 3986 1684 4072; x_wconf 88' lang='lat' dir='ltr'><strong>possessionem</strong></span> <span class='ocrx_word' id='word_1_351' title='bbox 1714 3985 1816 4052; x_wconf 90' lang='lat' dir='ltr'><strong>vel</strong></span> <span class='ocrx_word' id='word_1_352' title='bbox 1861 3985 2044 4070; x_wconf 90' lang='lat' dir='ltr'><strong>quasi</strong></span> <span class='ocrx_word' id='word_1_353' title='bbox 2089 3985 2246 4050; x_wconf 87' lang='lat' dir='ltr'><strong>iuris</strong></span> <span class='ocrx_word' id='word_1_354' title='bbox 2291 3983 2680 4070; x_wconf 87' lang='lat' dir='ltr'><strong>percipiendi</strong></span> <span class='ocrx_word' id='word_1_355' title='bbox 2711 3983 2984 4049; x_wconf 90' lang='lat' dir='ltr'><strong>decimas</strong></span> <span class='ocrx_word' id='word_1_356' title='bbox 3030 3984 3108 4050; x_wconf 92' lang='lat' dir='ltr'><strong>de</strong></span> <span class='ocrx_word' id='word_1_357' title='bbox 3153 4001 3255 4050; x_wconf 89' lang='lat' dir='ltr'><strong>ca-</strong></span> 
     </span>
     <span class='ocr_line' id='line_1_35' title="bbox 386 4089 3256 4180; baseline -0.002 -17"><span class='ocrx_word' id='word_1_358' title='bbox 386 4095 539 4180; x_wconf 88' lang='lat' dir='ltr'><strong>sali,</strong></span> <span class='ocrx_word' id='word_1_359' title='bbox 598 4094 766 4180; x_wconf 90' lang='lat' dir='ltr'><strong>quod</strong></span> <span class='ocrx_word' id='word_1_360' title='bbox 810 4098 1071 4161; x_wconf 87' lang='lat' dir='ltr'><strong>vocatur</strong></span> <span class='ocrx_word' id='word_1_361' title='bbox 1113 4093 1322 4180; x_wconf 82' lang='lat' dir='ltr'><strong>Noye3</strong></span> <span class='ocrx_word' id='word_1_362' title='bbox 1381 4113 1421 4160; x_wconf 88' lang='lat' dir='ltr'><strong>a</strong></span> <span class='ocrx_word' id='word_1_363' title='bbox 1467 4112 1589 4178; x_wconf 90' lang='lat' dir='ltr'><strong>quo</strong></span> <span class='ocrx_word' id='word_1_364' title='bbox 1640 4093 1779 4158; x_wconf 89' lang='lat' dir='ltr'><strong>iure</strong></span> <span class='ocrx_word' id='word_1_365' title='bbox 1834 4111 1949 4178; x_wconf 87' lang='lat' dir='ltr'><strong>per</strong></span> <span class='ocrx_word' id='word_1_366' title='bbox 1996 4090 2196 4157; x_wconf 90' lang='lat' dir='ltr'><strong>dictos</strong></span> <span class='ocrx_word' id='word_1_367' title='bbox 2241 4091 2468 4156; x_wconf 87' lang='lat' dir='ltr'><strong>fratres</strong></span> <span class='ocrx_word' id='word_1_368' title='bbox 2513 4089 2874 4156; x_wconf 87' lang='lat' dir='ltr'><strong>dicebamus</strong></span> <span class='ocrx_word' id='word_1_369' title='bbox 2920 4090 3256 4176; x_wconf 89' lang='lat' dir='ltr'><strong>spoliatam</strong></span> 
     </span>
     <span class='ocr_line' id='line_1_36' title="bbox 386 4195 3258 4285; baseline -0.001 -17"><span class='ocrx_word' id='word_1_370' title='bbox 386 4202 585 4269; x_wconf 84' lang='lat' dir='ltr'><strong>fuisse</strong></span> <span class='ocrx_word' id='word_1_371' title='bbox 628 4201 1058 4268; x_wconf 85' lang='lat' dir='ltr'><strong>Acconensem</strong></span> <span class='ocrx_word' id='word_1_372' title='bbox 1108 4200 1455 4267; x_wconf 89' lang='lat' dir='ltr'><strong>ecclesiam.</strong></span> <span class='ocrx_word' id='word_1_373' title='bbox 1526 4198 1683 4266; x_wconf 86' lang='lat' dir='ltr'><strong>Item</strong></span> <span class='ocrx_word' id='word_1_374' title='bbox 1727 4197 2118 4285; x_wconf 87' lang='lat' dir='ltr'><strong>petebamus,</strong></span> <span class='ocrx_word' id='word_1_375' title='bbox 2167 4195 2332 4282; x_wconf 86' lang='lat' dir='ltr'><strong>quod</strong></span> <span class='ocrx_word' id='word_1_376' title='bbox 2379 4195 2532 4264; x_wconf 90' lang='lat' dir='ltr'><strong>dicti</strong></span> <span class='ocrx_word' id='word_1_377' title='bbox 2575 4197 2878 4281; x_wconf 81' lang='lat' dir='ltr'><strong>magister</strong></span> <span class='ocrx_word' id='word_1_378' title='bbox 2925 4202 2988 4264; x_wconf 89' lang='lat' dir='ltr'><strong>et</strong></span> <span class='ocrx_word' id='word_1_379' title='bbox 3029 4197 3258 4264; x_wconf 85' lang='lat' dir='ltr'><strong>fratres</strong></span> 
     </span>
     <span class='ocr_line' id='line_1_37' title="bbox 386 4303 3257 4396; baseline -0.001 -22"><span class='ocrx_word' id='word_1_380' title='bbox 386 4307 840 4396; x_wconf 89' lang='lat' dir='ltr'><strong>compellerent</strong></span> <span class='ocrx_word' id='word_1_381' title='bbox 884 4326 1029 4374; x_wconf 89' lang='lat' dir='ltr'><strong>suos</strong></span> <span class='ocrx_word' id='word_1_382' title='bbox 1060 4307 1327 4373; x_wconf 87' lang='lat' dir='ltr'><strong>villanos</strong></span> <span class='ocrx_word' id='word_1_383' title='bbox 1374 4312 1438 4373; x_wconf 89' lang='lat' dir='ltr'><strong>et</strong></span> <span class='ocrx_word' id='word_1_384' title='bbox 1469 4307 1759 4388; x_wconf 88' lang='lat' dir='ltr'><strong>rusticos,</strong></span> <span class='ocrx_word' id='word_1_385' title='bbox 1806 4304 2032 4390; x_wconf 91' lang='lat' dir='ltr'><strong>quibus</strong></span> <span class='ocrx_word' id='word_1_386' title='bbox 2077 4303 2508 4390; x_wconf 86' lang='lat' dir='ltr'><strong>possessiones</strong></span> <span class='ocrx_word' id='word_1_387' title='bbox 2553 4309 2617 4370; x_wconf 90' lang='lat' dir='ltr'><strong>et</strong></span> <span class='ocrx_word' id='word_1_388' title='bbox 2659 4310 2862 4371; x_wconf 84' lang='lat' dir='ltr'><strong>terras</strong></span> <span class='ocrx_word' id='word_1_389' title='bbox 2909 4323 3057 4370; x_wconf 88' lang='lat' dir='ltr'><strong>suas</strong></span> <span class='ocrx_word' id='word_1_390' title='bbox 3103 4305 3257 4371; x_wconf 88' lang='lat' dir='ltr'><strong>sitas</strong></span> 
     </span>
     <span class='ocr_line' id='line_1_38' title="bbox 384 4410 3262 4494; baseline -0.002 -12"><span class='ocrx_word' id='word_1_391' title='bbox 384 4416 453 4482; x_wconf 85' lang='lat' dir='ltr'><strong>in</strong></span> <span class='ocrx_word' id='word_1_392' title='bbox 498 4414 733 4481; x_wconf 90' lang='lat' dir='ltr'><strong>diocesi</strong></span> <span class='ocrx_word' id='word_1_393' title='bbox 764 4415 1117 4482; x_wconf 89' lang='lat' dir='ltr'><strong>Acconensi</strong></span> <span class='ocrx_word' id='word_1_394' title='bbox 1162 4413 1535 4480; x_wconf 89' lang='lat' dir='ltr'><strong>excolendas</strong></span> <span class='ocrx_word' id='word_1_395' title='bbox 1583 4412 2004 4494; x_wconf 82' lang='lat' dir='ltr'><strong>committunt,</strong></span> <span class='ocrx_word' id='word_1_396' title='bbox 2053 4410 2296 4476; x_wconf 88' lang='lat' dir='ltr'><strong>solvere</strong></span> <span class='ocrx_word' id='word_1_397' title='bbox 2341 4411 2618 4492; x_wconf 84' lang='lat' dir='ltr'><strong>integ-ras</strong></span> <span class='ocrx_word' id='word_1_398' title='bbox 2648 4411 2926 4477; x_wconf 86' lang='lat' dir='ltr'><strong>decimas</strong></span> <span class='ocrx_word' id='word_1_399' title='bbox 2969 4411 3150 4477; x_wconf 90' lang='lat' dir='ltr'><strong>nobis</strong></span> <span class='ocrx_word' id='word_1_400' title='bbox 3197 4416 3262 4476; x_wconf 91' lang='lat' dir='ltr'><strong>et</strong></span> 
     </span>
     <span class='ocr_line' id='line_1_39' title="bbox 384 4515 3256 4603; baseline -0.003 -15"><span class='ocrx_word' id='word_1_401' title='bbox 384 4522 851 4589; x_wconf 88' lang='lat' dir='ltr'><strong>successoribus</strong></span> <span class='ocrx_word' id='word_1_402' title='bbox 907 4521 1143 4587; x_wconf 87' lang='lat' dir='ltr'><strong>nostris</strong></span> <span class='ocrx_word' id='word_1_403' title='bbox 1201 4521 1458 4587; x_wconf 91' lang='lat' dir='ltr'><strong>nomine</strong></span> <span class='ocrx_word' id='word_1_404' title='bbox 1514 4519 1775 4587; x_wconf 85' lang='lat' dir='ltr'><strong>ecclesie</strong></span> <span class='ocrx_word' id='word_1_405' title='bbox 1829 4518 2214 4585; x_wconf 89' lang='lat' dir='ltr'><strong>Acconensis</strong></span> <span class='ocrx_word' id='word_1_406' title='bbox 2271 4515 2350 4583; x_wconf 88' lang='lat' dir='ltr'><strong>de</strong></span> <span class='ocrx_word' id='word_1_407' title='bbox 2403 4517 2518 4583; x_wconf 90' lang='lat' dir='ltr'><strong>illa</strong></span> <span class='ocrx_word' id='word_1_408' title='bbox 2580 4518 2866 4603; x_wconf 88' lang='lat' dir='ltr'><strong>portione</strong></span> <span class='ocrx_word' id='word_1_409' title='bbox 2919 4517 3256 4600; x_wconf 86' lang='lat' dir='ltr'><strong>fructuum,</strong></span> 
     </span>
     <span class='ocr_line' id='line_1_40' title="bbox 387 4623 3259 4716; baseline -0.003 -20"><span class='ocrx_word' id='word_1_410' title='bbox 387 4649 575 4716; x_wconf 87' lang='lat' dir='ltr'><strong>quam</strong></span> <span class='ocrx_word' id='word_1_411' title='bbox 624 4627 860 4695; x_wconf 88' lang='lat' dir='ltr'><strong>habent</strong></span> <span class='ocrx_word' id='word_1_412' title='bbox 904 4633 971 4694; x_wconf 87' lang='lat' dir='ltr'><strong>et</strong></span> <span class='ocrx_word' id='word_1_413' title='bbox 1012 4629 1288 4694; x_wconf 88' lang='lat' dir='ltr'><strong>retinent</strong></span> <span class='ocrx_word' id='word_1_414' title='bbox 1330 4627 1487 4694; x_wconf 88' lang='lat' dir='ltr'><strong>dicti</strong></span> <span class='ocrx_word' id='word_1_415' title='bbox 1530 4627 1752 4693; x_wconf 88' lang='lat' dir='ltr'><strong>rustici</strong></span> <span class='ocrx_word' id='word_1_416' title='bbox 1798 4630 1863 4691; x_wconf 89' lang='lat' dir='ltr'><strong>et</strong></span> <span class='ocrx_word' id='word_1_417' title='bbox 1890 4623 2111 4690; x_wconf 87' lang='lat' dir='ltr'><strong>villani</strong></span> <span class='ocrx_word' id='word_1_418' title='bbox 2156 4643 2272 4709; x_wconf 88' lang='lat' dir='ltr'><strong>pro</strong></span> <span class='ocrx_word' id='word_1_419' title='bbox 2321 4624 2704 4706; x_wconf 77' lang='lat' dir='ltr'><strong>agricultura</strong></span> <span class='ocrx_word' id='word_1_420' title='bbox 2747 4645 2857 4690; x_wconf 89' lang='lat' dir='ltr'><strong>seu</strong></span> <span class='ocrx_word' id='word_1_421' title='bbox 2889 4642 3259 4708; x_wconf 89' lang='lat' dir='ltr'><strong>quacunque</strong></span> 
     </span>
     <span class='ocr_line' id='line_1_41' title="bbox 388 4729 3259 4820; baseline -0.003 -18"><span class='ocrx_word' id='word_1_422' title='bbox 388 4736 517 4802; x_wconf 85' lang='lat' dir='ltr'><strong>alia</strong></span> <span class='ocrx_word' id='word_1_423' title='bbox 560 4736 824 4802; x_wconf 85' lang='lat' dir='ltr'><strong>ratione.</strong></span> <span class='ocrx_word' id='word_1_424' title='bbox 894 4733 1053 4800; x_wconf 87' lang='lat' dir='ltr'><strong>Item</strong></span> <span class='ocrx_word' id='word_1_425' title='bbox 1098 4734 1467 4820; x_wconf 90' lang='lat' dir='ltr'><strong>petebamus</strong></span> <span class='ocrx_word' id='word_1_426' title='bbox 1513 4734 1825 4817; x_wconf 80' lang='lat' dir='ltr'><strong>integram</strong></span> <span class='ocrx_word' id='word_1_427' title='bbox 1857 4731 2164 4797; x_wconf 88' lang='lat' dir='ltr'><strong>decimam</strong></span> <span class='ocrx_word' id='word_1_428' title='bbox 2196 4730 2275 4797; x_wconf 90' lang='lat' dir='ltr'><strong>de</strong></span> <span class='ocrx_word' id='word_1_429' title='bbox 2315 4730 2722 4816; x_wconf 87' lang='lat' dir='ltr'><strong>proventibus</strong></span> <span class='ocrx_word' id='word_1_430' title='bbox 2758 4729 3259 4796; x_wconf 88' lang='lat' dir='ltr'><strong>molendinorum</strong></span> 
     </span>
     <span class='ocr_line' id='line_1_42' title="bbox 386 4835 3261 4928; baseline -0.001 -19"><span class='ocrx_word' id='word_1_431' title='bbox 386 4863 669 4926; x_wconf 83' lang='lat' dir='ltr'><strong>suorum,</strong></span> <span class='ocrx_word' id='word_1_432' title='bbox 714 4840 990 4928; x_wconf 87' lang='lat' dir='ltr'><strong>appaltis</strong></span> <span class='ocrx_word' id='word_1_433' title='bbox 1036 4846 1102 4906; x_wconf 84' lang='lat' dir='ltr'><strong>et</strong></span> <span class='ocrx_word' id='word_1_434' title='bbox 1146 4840 1287 4906; x_wconf 89' lang='lat' dir='ltr'><strong>aliis</strong></span> <span class='ocrx_word' id='word_1_435' title='bbox 1330 4839 1681 4906; x_wconf 87' lang='lat' dir='ltr'><strong>redditibus</strong></span> <span class='ocrx_word' id='word_1_436' title='bbox 1712 4838 1894 4905; x_wconf 89' lang='lat' dir='ltr'><strong>nobis</strong></span> <span class='ocrx_word' id='word_1_437' title='bbox 1942 4843 2009 4904; x_wconf 89' lang='lat' dir='ltr'><strong>et</strong></span> <span class='ocrx_word' id='word_1_438' title='bbox 2051 4837 2312 4906; x_wconf 87' lang='lat' dir='ltr'><strong>ecclesie</strong></span> <span class='ocrx_word' id='word_1_439' title='bbox 2341 4837 2694 4905; x_wconf 88' lang='lat' dir='ltr'><strong>Acconensi</strong></span> <span class='ocrx_word' id='word_1_440' title='bbox 2737 4835 3031 4922; x_wconf 88' lang='lat' dir='ltr'><strong>persolvi.</strong></span> <span class='ocrx_word' id='word_1_441' title='bbox 3100 4835 3261 4906; x_wconf 85' lang='lat' dir='ltr'><strong>Item</strong></span> 
     </span>
     <span class='ocr_line' id='line_1_43' title="bbox 386 4941 3260 5038; baseline -0.003 -22"><span class='ocrx_word' id='word_1_442' title='bbox 386 4947 759 5038; x_wconf 87' lang='lat' dir='ltr'><strong>petebamus</strong></span> <span class='ocrx_word' id='word_1_443' title='bbox 802 4947 1051 5016; x_wconf 87' lang='lat' dir='ltr'><strong>restitui</strong></span> <span class='ocrx_word' id='word_1_444' title='bbox 1099 4946 1179 5014; x_wconf 88' lang='lat' dir='ltr'><strong>ad</strong></span> <span class='ocrx_word' id='word_1_445' title='bbox 1225 4946 1687 5035; x_wconf 84' lang='lat' dir='ltr'><strong>possessionem</strong></span> <span class='ocrx_word' id='word_1_446' title='bbox 1718 4945 1819 5012; x_wconf 84' lang='lat' dir='ltr'><strong>vel</strong></span> <span class='ocrx_word' id='word_1_447' title='bbox 1846 4945 2029 5032; x_wconf 85' lang='lat' dir='ltr'><strong>quasi</strong></span> <span class='ocrx_word' id='word_1_448' title='bbox 2059 4945 2218 5012; x_wconf 86' lang='lat' dir='ltr'><strong>iuris</strong></span> <span class='ocrx_word' id='word_1_449' title='bbox 2249 4943 2642 5034; x_wconf 88' lang='lat' dir='ltr'><strong>percipiendi</strong></span> <span class='ocrx_word' id='word_1_450' title='bbox 2672 4943 2946 5012; x_wconf 85' lang='lat' dir='ltr'><strong>decimas</strong></span> <span class='ocrx_word' id='word_1_451' title='bbox 2975 4943 3044 5009; x_wconf 91' lang='lat' dir='ltr'><strong>in</strong></span> <span class='ocrx_word' id='word_1_452' title='bbox 3075 4941 3260 5012; x_wconf 89' lang='lat' dir='ltr'><strong>domo</strong></span> 
     </span>
    </p>
   </div>
  </div>
 </body>
</html>
