3892 5609
687 281 734 350 4
747 281 838 353 18
980 357 999 364 ,
1661 291 2087 340 Pourmcnu
2131 291 2577 341 Roumontm

692 449 866 520 640.
911 453 1086 517 1265
1129 454 1299 518 iunii
1339 453 1385 517 2
1431 453 1703 518 Per-mii.
1775 450 2051 518 Clemens
2083 452 2192 518 IV
2224 456 2451 540 repetit
2489 453 2851 518 Alexandri
2879 453 2987 519 IV
3016 478 3079 518 n.
3104 453 3241 520 600
3270 455 3349 517 de
3379 452 3571 519 1258

911 559 1248 625 decembris
1292 560 1401 627 11.
2752 595 2775 608 α

905 699 1193 767 Clemens
1239 706 1354 768 etc.
1536 701 1864 780 Querelam
1924 722 2180 786 gravem
2228 707 2342 769 etc.
2422 700 2659 768 Datum
2702 701 2949 769 Perusii
3002 702 3099 768 iiii
3152 721 3355 767 nonas
3404 699 3573 765 iunii

681 805 1083 895 pontificatus
1125 808 1327 874 nostri
1372 827 1533 876 anno
1580 809 1804 894 primo.

893 929 1151 996 originale
1187 931 1362 982 domus
1389 931 1810 995 vindobonensis,
1847 949 1979 983 nunc
2016 932 2203 983 ibidem
2236 932 2289 983 in
2328 932 2528 983 archivo
2566 932 2771 994 ordinis,
2808 949 2920 984 cum
2956 931 3093 983 bulla
3126 933 3181 982 in
3215 931 3318 982 filis
3354 931 3575 982 sen-imis

685 1036 928 1085 appensa,
967 1020 1089 1070 citat
1122 1019 1348 1071 Duellius
1384 1020 1451 1081 ΙΙ,
1477 1019 1510 1070 8
1548 1037 1664 1072 ann.
1719 1021 2131 1087 Transsnmptum
2169 1021 2233 1072 de
2274 1019 2411 1072 1396
2448 1038 2564 1087 aug.
2594 1020 2659 1071 18
2698 1021 3029 1074 Vindobonae
3065 1021 3116 1072 in
3154 1021 3359 1071 archivo
3394 1021 3571 1084 Regi-

595 1175 600 1182 ,
684 1118 936 1161 montano.
961 1139 1022 1148 —-
1055 1108 1191 1175 Sine,
1219 1108 1338 1160 dato
1377 1109 1557 1160 citatur
1593 1109 1655 1161 R.
1681 1109 1794 1161 195.

691 1277 866 1347 641.
909 1280 1086 1347 1265
1130 1283 1300 1345 iunii
1341 1281 1431 1346 22
1473 1281 1748 1346 Perusii.
1819 1278 2096 1346 Clemens
2129 1279 2175 1344 I
2177 1278 2239 1345 V
2272 1283 2495 1367 repetit
2542 1281 2821 1346 Honor-ii
2846 1280 2972 1346 ῙῙΙ
3004 1305 3067 1344 n.
3095 1279 3229 1346 305
3268 1282 3351 1346 de
3378 1279 3575 1347 1213

911 1387 1175 1452 octobris
1221 1388 1283 1453 1.

908 1518 1194 1586 Clemens
1264 1525 1379 1586 etc.
1455 1519 1916 1587 venerabilibus
1996 1519 2297 1586 fratribus
2370 1519 2859 1607 archiepiscopis
2926 1524 2991 1587 et
3054 1519 3370 1606 episcopis
3440 1524 3571 1585 etc.

685 1624 852 1722 Cum
875 1625 1088 1692 dilecti
1117 1625 1230 1692 filii
1255 1625 1487 1694 fratres
1517 1625 2044 1694 lherosolimitani
2087 1626 2418 1714 hospitalis
2463 1626 2704 1693 nullum
2751 1626 3029 1693 habeant
3071 1627 3443 1713 episcopum
3480 1663 3567 1672 —

685 1736 993 1800 curemus.
1063 1732 1296 1800 Datum
1342 1732 1586 1800 Perusii
1631 1755 1674 1799 x
1718 1734 1870 1800 kal..
1893 1733 2035 1800 iulii
2079 1732 2478 1821 pontificatus
2524 1735 2725 1802 nostri
2770 1755 2935 1801 anno
2982 1735 3207 1822 primo.

792 1851 800 1857 ”
897 1857 1019 1908 eum
1043 1857 1185 1908 dato:
1224 1858 1287 1907 A.
1311 1856 1376 1907 16
1411 1875 1463 1923 p.
1486 1856 1550 1907 12
1582 1857 1888 1920 „Venetiis“.
1937 1856 2175 1918 Quamvis
2201 1857 2501 1923 Regimonto
2524 1875 2719 1909 mecum
2744 1859 2836 1909 sub
2860 1857 3004 1910 titulo
3028 1857 3345 1924 repetitionis
3372 1857 3571 1907 citatae

631 2011 634 2018 Ι
685 1945 1100 1998 communicatum
1135 1955 1303 1997 tamen
1339 1945 1566 1997 ordinem
1603 1965 1644 1997 s.
1671 1945 1909 1998 Iohannis
1946 1955 2158 2012 tangere
2193 1946 2407 1998 videtur.

693 2112 868 2184 642.
910 2118 1086 2183 1265
1115 2119 1284 2182 iunii
1303 2118 1393 2183 24
1417 2118 1676 2183 Perusii
1696 2115 1809 2203 (cf.
1832 2118 2004 2184 1266
2028 2118 2255 2186 octobr.
2272 2121 2383 2200 26,
2418 2120 2599 2186 1267
2622 2114 3577 2202 ianuar.8[9])Clemen81V

909 2226 1132 2311 repetit
1190 2224 1431 2289 Urbani
1471 2224 1584 2290 IV
1617 2250 1680 2289 n.
1714 2226 1846 2292 626
1892 2227 1970 2290 de
2013 2227 2191 2292 1263
2233 2229 2454 2292 martii
2478 2227 2585 2292 28.

913 2355 1203 2423 Clemens
1251 2362 1367 2423 etc.
1431 2357 1915 2445 archiepiscopis
1972 2365 2035 2425 et
2089 2359 2400 2446 episcopis
2454 2378 2528 2426 ac
2573 2357 2817 2426 dilectis
2861 2357 3009 2424 filiis
3054 2357 3389 2425 abbatibus
3438 2363 3563 2422 etc.

690 2463 846 2530 Cum
906 2463 1150 2530 dilectis
1193 2461 1341 2529 filiis
1385 2465 1685 2531 fratribus
1729 2465 2061 2552 hospitalis
2107 2472 2319 2532 sancte
2365 2465 2563 2533 Marie
2608 2466 3130 2532 Theutonicorum
3178 2463 3567 2530 Ierosolimi-

689 2571 824 2638 tani
877 2570 1068 2636 fuerit
1121 2591 1161 2636 a
1213 2570 1755 2657 predecessoribus
1815 2571 2047 2639 nostris
2104 2572 2415 2638 indultum
2476 2579 2592 2640 etc.
2648 2572 2957 2639 amittant.
3028 2570 3263 2638 Datum
3311 2569 3565 2638 Perusii

691 2677 800 2744 viii
845 2677 970 2743 kal.
1019 2677 1156 2744 iulii
1201 2677 1598 2765 pontificatus
1643 2680 1841 2745 nostri
1889 2698 2052 2745 anno
2096 2681 2323 2765 primo.

903 2799 1038 2852 Sine'
1061 2801 1206 2852 dato:
1255 2802 1316 2852 A.
1342 2801 1406 2852 16
1442 2821 1493 2868 p.
1523 2803 1623 2854 104
1663 2801 1910 2866 „Iuncis“,
1959 2801 2139 2868 partim
2176 2803 2239 2854 R..
2271 2803 2371 2854 158
2416 2802 2547 2853 inter
2582 2801 2865 2854 Iuncensia.
2904 2831 2961 2840 -—
3006 2802 3129 2852 Cum
3166 2801 3316 2852 dato:
3364 2801 3569 2852 Perusii

693 2890 726 2941 8
751 2889 852 2941 kal.
879 2889 982 2940 iulii
1020 2891 1114 2942 a.1
1156 2891 1424 2956 originale,
1463 2891 1542 2940 cui
1577 2889 1716 2942 bulla
1751 2899 1804 2942 et
1839 2891 1924 2941 fila
1961 2891 2152 2943 sericea
2185 2908 2317 2942 nunc
2354 2891 2559 2954 desunt,
2596 2891 2647 2941 in
2684 2891 2884 2942 archivo
2920 2889 3320 2956 Regimontan03
3358 2890 3422 2940 cf.
3450 2889 3563 2940 Xa-

693 2980 899 3046 piersky
935 2980 987 3030 in
1023 2979 1196 3031 Indice
1230 2979 1256 3029 Ι
1291 2997 1341 3031 n.
1371 2980 1470 3029 194
1515 2997 1630 3030 ann.
1669 2997 1718 3044 p.
1737 2979 1823 3030 49.
1886 2980 2264 3031 Transsumtum
2300 2981 2349 3031 d.
2376 2981 2425 3031 d.
2463 2979 2750 3045 Resinburg
2790 2978 2926 3030 1438
2962 2979 3151 3045 septbr.
3176 2979 3247 3030 26
3291 2979 3567 3030 autoritate

693 3068 931 3120 Iohannis
965 3067 1370 3120 Pomesaniensis
1417 3069 1638 3135 episcopi
1674 3068 1860 3119 factum
1895 3077 1951 3119 et
1985 3087 2016 3118 a
2052 3069 2245 3120 notario
2280 3086 2413 3134 mag.
2450 3068 2618 3119 Alwer
2654 3068 2985 3134 subscriptum
3034 3077 3323 3119 asservatur
3357 3067 3566 3128 ibidem,

693 3157 782 3210 ubi
804 3159 957 3209 etiam
981 3157 1080 3210 duo
1103 3156 1408 3223 exemplaria
1431 3157 1756 3223 transsumpti
1779 3157 1971 3222 primae
1998 3157 2266 3218 clausulae,
2287 3157 2477 3209 scilicet
2498 3156 2565 3208 de
2588 3157 2920 3223 eleemosynis
2944 3156 3105 3208 semel
3126 3174 3218 3222 per
3241 3173 3429 3207 annum
3452 3157 3563 3207 col-

694 3244 929 3313 ligendis,
963 3245 1164 3298 nomine
1200 3245 1455 3306 IohanniS,
1491 3245 1714 3312 episcopi
1751 3245 2015 3308 antedicti,
2054 3255 2106 3296 et
2140 3246 2337 3298 Nicolai
2372 3247 2568 3298 abbatis
2603 3245 2940 3312 Polplinensis
2976 3245 3111 3296 facta
3147 3245 3197 3296 d.
3234 3243 3567 3310 Matienbusg

700 3335 836 3386 1413
861 3334 1062 3402 augusti
1084 3333 1152 3385 27
1176 3352 1270 3400 per
1293 3333 1514 3386 notarios
1539 3333 1645 3385 Ioh.
1671 3336 1899 3386 Rosener
1923 3343 1977 3385 et
1998 3334 2165 3385 Balth.
2186 3335 2362 3397 Wesss,
2400 3335 2484 3400 qui
2508 3334 2924 3400 subscripserunt.
2980 3333 3159 3400 sigilla
3182 3343 3301 3384 sunt
3322 3333 3565 3384 Iohannis

699 3424 928 3490 episcopi
973 3432 1027 3474 et
1061 3423 1202 3474 Petri
1244 3422 1441 3476 abbatis
1476 3421 1830 3488 Polplinensis.
1893 3423 1973 3474 De
2020 3424 2116 3475 hoc
2150 3423 2265 3474 vide
2312 3441 2466 3490 supra
2506 3423 2573 3474 ad
2608 3441 2658 3474 n.
2685 3423 2805 3474 302.
2831 3423 2953 3473 494.
2980 3423 3101 3474 503.
3140 3453 3201 3460 —-
3256 3423 3380 3473 Cum
3415 3421 3565 3473 dato:

699 3513 914 3564 viterbii
949 3510 980 3562 7
1017 3512 1120 3563 kal.
1145 3512 1318 3563 novbr.
1357 3529 1403 3562 a.
1427 3511 1462 3562 2
1504 3511 1776 3576 „Traiecti“
1818 3513 1882 3564 A.
1906 3513 1973 3563 16
2009 3529 2060 3578 p.
2085 3511 2199 3564 106.
2240 3542 2298 3551 —
2353 3513 2474 3563 Cum
2511 3511 2655 3564 dato:
2700 3511 2914 3563 Viterbii
2948 3511 2982 3562 6
3016 3512 3087 3562 id.
3112 3511 3324 3562 ianuarii
3361 3528 3412 3577 p.
3436 3528 3485 3562 ι.
3512 3509 3563 3560 2.

697 3601 788 3662 IV,
813 3601 916 3652 215
931 3619 977 3651 v.
1031 3599 1290 3666 originale
1327 3600 1579 3666 quondam
1602 3600 2075 3666 Mergenthemense
2112 3617 2223 3651 cum
2258 3599 2395 3652 bulla
2428 3601 2479 3651 in
2514 3601 2612 3652 filis
2648 3601 2851 3652 sericeis
2888 3617 3115 3666 appensa
3148 3600 3201 3650 in
3236 3599 3439 3650 archivo
3474 3615 3563 3650 or-

699 3690 829 3740 dinis
855 3689 1148 3741 Theutonici
1173 3668 1566 3742 'vindobonensi-
1617 3689 1671 3741 Ο.
1691 3689 1767 3741 d.:
1807 3690 1980 3755 quinto
2014 3690 2127 3740 idus
2158 3689 2369 3741 ianuarii
2404 3708 2455 3756 p.
2480 3708 2530 3742 n.
2556 3709 2603 3741 a.
2628 3690 2678 3741 2.
2724 3689 2832 3742 Ioh.
2856 3689 2943 3742 39.
2986 3688 3119 3740 Edd.
3145 3687 3413 3740 Caci-sinus
3438 3687 3492 3738 C.
3514 3688 3565 3738 5.

701 3777 897 3832 Senner
932 3779 992 3829 E.
1018 3778 1110 3829 ὃν.

707 3947 881 4018 643.
924 3949 1100 4016 1266
1142 3953 1302 4015 maii
1344 3951 1432 4016 28
1480 3950 1758 4017 Viterbii.
1829 3948 2102 4015 Clemens
2134 3950 2246 4015 IV
2277 3963 2585 4037 proroqat
2628 3953 2845 4016 ordini
2894 3949 3271 4014 Theutonico
3318 3948 3399 4012 ab
3442 3947 3563 4013 Ur-

923 4057 1086 4122 bano
1132 4055 1245 4123 IV-
1289 4079 1642 4122 concessam
1709 4061 2109 4123 ecs-emtionem
2162 4060 2239 4122 de
2288 4058 2841 4144 procurationibus
2894 4058 3283 4144 pecuniariis
3338 4055 3561 4141 leqatis

921 4166 1322 4250 praestandis
1367 4167 1436 4229 in
1481 4165 1746 4230 alter-mn
1791 4168 2147 4230 triennium.

925 4304 1212 4372 Clemens
1244 4310 1358 4372 etc.
1408 4305 1649 4372 dilectis
1693 4304 1840 4372 filiis
1887 4356 1946 4372 ..
1997 4307 2295 4390 magistro
2342 4311 2407 4372 et
2448 4304 2919 4392 preceptoribus
2965 4325 3039 4372 ac
3078 4304 3379 4371 fratribus
3422 4304 3567 4370 uni-

703 4413 902 4479 versis
955 4412 1284 4500 hospitalis
1319 4411 1379 4478 ‘s.
1413 4411 1611 4480 Marie
1652 4413 2174 4481 Theutonicorum
2222 4417 2545 4500 presentes
2589 4413 2832 4479 litteras
2876 4412 3253 4498 inspecturis
3298 4411 3565 4478 salutem

707 4525 770 4588 et
815 4520 1224 4607 apostolicam
1268 4519 1782 4588 benedictionem.
2012 4519 2261 4586 Affectu
2305 4519 2720 4587 benivolentie
2766 4520 3057 4606 specialis
3100 4520 3213 4587 illa
3257 4520 3335 4586 de
3378 4539 3567 4586 causa

705 4647 816 4693 vos
861 4628 1156 4714 prosequi
1202 4627 1613 4714 delectamur,
1667 4627 1816 4711 quia
1857 4627 2192 4712 vigilanter
2237 4634 2302 4696 et
2340 4629 2659 4694 ferventer
2704 4627 2783 4694 ad
2826 4625 2945 4694 hoc
2986 4627 3345 4711 intenditis,
3398 4626 3567 4712 quod

705 4735 771 4800 in
827 4741 1166 4822 conspectu
1221 4734 1322 4801 dei
1379 4741 1442 4802 et
1495 4735 1819 4801 hominum
1864 4755 1978 4821 per
2022 4735 2282 4803 honeste
2326 4735 2817 4802 conversationis
2861 4738 2925 4801 et
2967 4735 3073 4820 pie
3116 4733 3247 4801 vite
3290 4734 3566 4800 studium

703 4841 1024 4928 placeatis.
1096 4841 1260 4909 Sane
1287 4863 1412 4909 vos
1457 4841 1526 4908 in
1572 4841 1936 4910 exhibendis
1980 4841 2525 4928 procurationibus
2554 4841 2794 4926 ,legatis
2838 4847 2902 4908 et
2944 4843 3183 4908 nuntiis
3228 4841 3569 4927 apostolice

705 4949 904 5033 sedis,
950 4955 1140 5037 prout
1183 4949 1566 5036 accepimuS‚
1613 4971 1692 5018 ex
1739 4970 1810 5018 eo
1855 4950 2237 5036 gravamini,
2290 4949 2455 5044 quod
2498 4949 2645 5036 ipsi,
2689 4967 2814 5015 non
2860 4949 3137 5018 contenti
3179 4947 3569 5035 procuratio-
