3892 5609
1360 319 1748 369 Pnrvrmem
1793 319 2182 369 smmum
2464 254 2469 261 ς
3040 302 3185 381 341

342 478 522 549 417.
567 480 740 547 1227
781 480 932 547 iulii
971 481 1016 547 2
1072 480 1426 568 Anaqniae.
1518 477 1860 568 Greyorius
1902 480 2011 546 IX
2056 484 2279 569 repetit
2337 481 2617 548 Honor-ii
2656 480 2779 547 III
2822 506 2885 547 π.
2928 482 3061 553 308
3118 486 3194 550 de

568 588 740 655 1221
787 590 1077 653 ianuarii
1101 589 1162 655 9.

569 728 904 814 Gregorius
979 730 1308 815 episcopus
1382 749 1598 795 servus
1673 748 1997 795 servorum
2072 729 2175 796 dei
2248 729 2491 795 dilectis
2556 728 2703 796 filiis
2760 781 2775 796 .
2816 781 2831 797 .
2892 731 3191 815 magistro

345 843 410 905 et
463 837 764 905 fratribus
818 835 1146 923 hospitalis
1203 842 1417 903 sancte
1468 834 1666 903 Marie
1711 836 2235 903 Theotonicorum
2278 836 2756 903 Ierosolimitani
2812 836 3076 904 salutem
3132 843 3196 904 et

347 944 755 1033 apostolicam
799 942 1313 1010 benedictionem.
1534 941 1650 1027 Ea,
1699 963 1818 1029 que
1863 947 2101 1011 statuta
2132 949 2247 1010 ete.
2317 942 2553 1011 Datum
2584 945 2872 1029 Anagnie
2902 946 2964 1010 vi
2994 964 3194 1011 nonas
3298 1012 3311 1019 ,

343 1052 482 1119 iulii
527 1050 924 1139 pontificatus
970 1050 1172 1116 nostri
1217 1070 1380 1117 anno
1425 1050 1647 1137 primo.

555 1194 678 1244 Cum
712 1192 858 1244 dato:
907 1192 994 1243 Or.
1019 1192 1071 1242 in
1107 1192 1306 1243 archivo
1342 1191 1709 1257 Regimontano
1744 1207 1856 1241 cum
1890 1189 2029 1242 bulla
2064 1200 2117 1242 et
2149 1199 2273 1243 nota
2305 1191 2617 1258 primiceriae
2645 1192 2705 1244 P.
2725 1192 2787 1245 Β.
2842 1192 3068 1245 Concinit
3103 1208 3195 1259 per

343 1281 510 1335 omnia
542 1282 702 1333 textui
737 1280 1044 1333 Honoriano.

346 1541 526 1613 418.
568 1542 744 1609 1227
788 1542 937 1607 iulii
961 1542 1008 1605 3
1053 1495 1388 1625 Amatae
1433 1537 1758 1624 (ff.1228
1784 1538 1959 1622 febr.
1991 1539 2057 1620 1,
2106 1539 2285 1606 1230
2326 1542 2474 1606 iuzif:
2500 1541 2589 1607 10
2620 1554 2677 1606 et
2704 1541 2881 1607 1233
2924 1540 3073 1607 iulis
3100 1539 3193 1622 v.

573 1646 912 1735 Greqmm
945 1646 1050 1713 IX
1091 1647 1413 1730 confimat
1455 1642 1735 1709 Homo-ii
1762 1644 1886 1710 ΙΙΙ
1917 1670 1981 1709 n.
2012 1648 2147 1713 305
2192 1650 2270 1711 de
2311 1647 2497 1715 1218
2534 1648 2799 1713 octobris
2828 1648 2889 1714 1.

570 1790 905 1875 Gregorius
951 1789 1292 1875 ,episeopus
1348 1806 1564 1852 servus
1624 1806 1944 1852 servorum
2001 1787 2100 1854 dei
2147 1786 2606 1855 venerabilibus
2650 1789 2949 1856 fratribus
2996 1788 3198 1855 archi-

345 1899 658 1987 episcopis
704 1903 768 1964 et
812 1897 1120 1985 episcopis
1168 1900 1233 1961 et
1277 1893 1521 1960 dilectis
1565 1892 1712 1959 filiis
1761 1893 2123 1978 abbatibus,
2177 1894 2525 1982 prioribus,
2573 1896 3045 1980 archidiaconi8‚
3090 1896 3199 1963 de-

344 2007 518 2072 canis
563 2011 628 2071 et
672 2004 814 2071 aliis
859 2004 1260 2071 ecelesiarum
1304 2001 1588 2089 prelatis,
1637 2000 1717 2067 ad
1763 2020 1916 2085 quos
1962 2001 2171 2069 littere
2215 2002 2337 2069 iste
2366 2004 2785 2089 pervenerint,
2831 2002 3097 2070 salutem
3133 2008 3197 2071 et

345 2112 755 2199 apostolicam
801 2110 1316 2178 benedictionem.
1587 2106 1744 2174 Cum
1791 2108 2003 2175 dilecti
2046 2108 2163 2175 filii
2210 2114 2325 2175 ete.
2374 2144 2457 2156 -—
2506 2131 2723 2177 eorum
2768 2110 3064 2177 eeclesias
3110 2146 3193 2157 -

345 2238 655 2287 curemus.
722 2218 960 2284 Datum
1004 2217 1293 2300 Anagnie
1338 2237 1377 2280 v
1421 2235 1620 2283 nonas
1663 2214 1803 2282 iulii
1847 2214 2246 2303 pontificatus
2290 2218 2490 2283 nostri
2536 2218 2685 2283 anni
2726 2218 2953 2303 primo.

557 2358 677 2411 Sine
714 2359 858 2411 dato:
906 2358 1088 2409 citatur
1133 2358 1264 2409 inter
1297 2357 1738 2422 Norimbergensia
1773 2375 1821 2408 n.
1847 2358 1904 2408 11
1947 2358 2010 2409 R.
2032 2357 2064 2409 7
2100 2366 2338 2423 tanquam
2372 2358 2637 2409 concinens
2674 2358 2951 2411 Innocentii
2980 2357 3052 2409 IV
3089 2358 3194 2424 pri-

343 2448 542 2516 vilegio.
575 2478 634 2486 —-
675 2448 797 2499 Cum
832 2448 975 2499 dato:
1013 2448 1246 2513 Anagnis
1283 2464 1312 2495 v
1349 2464 1506 2496 nonas
1531 2445 1636 2495 iulii
1672 2463 1722 2511 p.
1747 2464 1798 2497 n.
1823 2465 1869 2497 a.
1899 2445 1953 2497 l:
1991 2446 2032 2509 Ι,
2060 2446 2155 2507 81;
2192 2454 2244 2497 et
2275 2446 2374 2498 alia
2396 2465 2547 2499 manu
2582 2466 2623 2505 s.
2650 2447 2749 2499 xiii.
2784 2447 2825 2509 Ι,
2852 2446 2921 2497 84
2935 2456 3009 2507 v.;
3044 2446 3199 2498 R.48

343 2540 475 2589 inter
509 2536 818 2602 Ellingensia
854 2535 924 2587 36
967 2544 1322 2587 trans-sumtum
1357 2551 1448 2600 per
1486 2532 1767 2585 Conradum
1803 2535 2193 2601 Eystenteusem
2229 2536 2519 2603 episcopum
2556 2536 2659 2602 (11,
2690 2534 3105 2603 1297-1305).
3134 2566 3197 2573 -

345 2627 470 2677 Cum
505 2626 648 2676 dato:
703 2624 939 2676 Laterani
985 2622 1086 2674 kal.
1121 2623 1246 2673 febr.
1285 2640 1333 2689 p.
1359 2641 1410 2673 ιι.
1436 2641 1482 2673 a.
1512 2624 1556 2673 1.
1612 2622 1868 2688 Originale
1906 2640 2017 2673 cum
2053 2623 2191 2675 bulla
2226 2624 2276 2673 in
2314 2624 2411 2675 filis
2448 2623 2648 2675 sericeis
2686 2641 2912 2691 appensa
2948 2624 3199 2690 quondam

342 2714 712 2781 Mergenthemi
723 2750 740 2775 ‚
786 2728 918 2762 nunc
951 2711 1282 2763 vindobonae
1329 2712 1380 2761 in
1425 2712 1625 2762 archivo
1672 2711 1860 2763 ordinis
1897 2712 2193 2763 'theutonici
2240 2721 2539 2764 asservatur.
2610 2713 2803 2764 Ibidem
2844 2721 3200 2765 transsumtum

342 2804 500 2869 Iringi
523 2801 902 2868 Herbipolensis
927 2800 1149 2868 episcopi
1185 2800 1234 2850 d.
1262 2800 1311 2851 d.
1336 2799 1598 2866 Herbipoli
1633 2800 1684 2850 xi
1704 2800 1808 2851 kal.
1827 2818 1944 2867 aug.
1976 2801 2111 2852 1260
2147 2802 2397 2868 quondam
2421 2803 2471 2853 in
2498 2802 2644 2853 domo
2667 2800 2964 2869 Ellingensi.
3008 2802 3197 2853 Trans-

343 2903 558 2944 sumtum
591 2891 655 2941 ad
680 2889 968 2941 instantiam
992 2888 1238 2955 Rudigeri
1271 2888 1335 2939 de
1359 2888 1579 2950 Dulken,
1613 2889 1877 2956 hospitalis
1914 2890 1966 2940 in
1987 2888 2289 2943 Brotselden
2322 2892 2563 2957 magistri,
2600 2890 2785 2942 factum
2808 2908 2901 2957 per
2923 2889 3199 2941 Iohannem

344 2982 410 3033 de
432 2980 643 3047 Herpfe,
680 2978 912 3029 clericum
934 2978 1313 3044 Herbipolensis
1339 2978 1566 3039 diocesis,
1603 2977 1739 3043 publ.
1765 2988 1896 3029 auct.
1921 2978 2040 3045 imp.
2065 2972 2328 3040 notarium,
2367 2979 2537 3031 datum
2558 2981 2609 3031 in
2638 2980 2783 3031 domo
2816 2979 3003 3030 ordinis
3026 2979 3197 3031 Theu-

343 3069 496 3121 tonici
531 3070 580 3119 in
618 3068 804 3135 oppido
839 3066 1207 3133 Mergentheim
1247 3066 1400 3127 1406,
1437 3074 1564 3132 sept.
1592 3066 1652 3126 9;
1691 3084 1824 3117 nunc
1859 3067 1910 3117 in
1947 3068 2147 3118 archivo
2186 3068 2569 3133 Regimontano.
2636 3067 2823 3118 Subtus
2860 3068 2909 3118 in
2946 3068 3197 3135 margine:

345 3157 619 3224 Gregorius
657 3174 791 3224 papa
825 3173 1001 3207 nonus.
1034 3185 1092 3192 --
1136 3156 1255 3206 Cum
1296 3155 1438 3206 dato:
1489 3154 1726 3205 Laterani
1761 3156 1810 3204 vi
1845 3154 1957 3205 idus
1994 3155 2099 3206 iulii
2134 3173 2183 3222 p.
2208 3174 2259 3231 ιι.
2285 3174 2331 3207 a.
2356 3156 2407 3207 4.
2454 3174 2526 3209 or.
2564 3173 2675 3207 cum
2720 3156 2859 3207 bulla
2891 3156 2945 3207 in
2980 3156 3078 3207 filis
3112 3172 3194 3207 se-

341 3246 488 3298 riceis
533 3262 760 3312 appensa
803 3245 855 3294 in
902 3244 1101 3295 archivo
1148 3243 1336 3295 ordinis
1381 3243 1676 3295 'theutonici
1717 3244 2125 3305 vindobonensi,
2173 3245 2423 3311 quondam
2466 3243 2967 3311 Mergenthemense;
3020 3245 3199 3296 citatur

341 3336 407 3386 R..
433 3335 503 3385 84
537 3334 666 3385 inter
688 3332 1183 3399 Mergenthemensia
1214 3332 1301 3383 40.
1355 3332 1731 3383 Traussumtum
1767 3333 1817 3384 d.
1843 3333 1894 3384 d.
1918 3333 2205 3399 Wirzburgi
2234 3333 2368 3384 1418
2405 3333 2513 3385 dec.
2538 3334 2571 3383 2
2605 3333 2658 3383 in
2695 3333 2895 3385 archivo
2918 3334 3195 3400 Regimen-

341 3433 478 3477 tano.
509 3454 572 3461 —
613 3424 734 3473 Cum
769 3422 914 3473 dato:
951 3422 1186 3473 Laterani
1221 3420 1323 3472 kal.
1349 3420 1454 3471 iulii
1490 3437 1540 3487 p.
1564 3438 1616 3472 ιι.
1640 3440 1686 3472 a.
1713 3420 1746 3473 7
1783 3420 1834 3472 in
1870 3430 2172 3473 transsumto
2210 3422 2259 3474 d.
2286 3422 2335 3474 d.
2360 3422 2686 3488 Marienburg
2715 3422 2849 3474 1393
2884 3422 3003 3473 maii
3026 3422 3094 3476 29
3130 3423 3199 3474 ad

342 3512 632 3564 instantiam
653 3510 879 3577 magistri
901 3510 1140 3562 Livoniae
1162 3510 1295 3561 facto
1321 3518 1372 3561 et
1395 3509 1553 3561 altero
1577 3517 1880 3561 transsumto
1918 3510 1971 3561 d.-
1989 3510 2038 3561 d.
2061 3510 2302 3562 Revaliae
2330 3510 2465 3562 1415
2502 3511 2611 3561 dec.
2636 3511 2701 3561 14
2734 3511 2787 3561 in
2812 3510 3012 3562 archivo
3036 3511 3195 3578 Regi-

341 3609 595 3652 montan0.
611 3630 663 3637 -—
699 3600 757 3649 Iu
781 3598 1128 3666 designatione
1151 3598 1460 3650 Mitoviensis
1487 3600 1672 3649 archivi
1695 3599 1926 3651 Holmiae
1954 3600 2195 3650 asservati
2220 3617 2301 3666 ap.
2328 3598 2560 3661 Schirren
2586 3617 2635 3666 p.
2661 3598 2759 3649 137
2784 3617 2833 3650 ιι.
2854 3598 2953 3649 321
2984 3600 3198 3651 citantur

341 3696 662 3751 transsumta,
699 3706 830 3754 quae
865 3689 931 3740 ad
967 3689 1062 3740 hoc
1097 3689 1408 3756 privilegium
1439 3687 1674 3739 videntur
1707 3688 1998 3739 referenda:
2044 3688 2086 3739 l.
2125 3687 2189 3739 de
2229 3688 2365 3739 1390
2402 3688 2609 3739 duarum
2644 3688 2891 3739 bullarum
2924 3687 3196 3755 papalium,

343 3795 407 3829 ex
443 3778 618 3843 quibus
655 3776 819 3829 nullus
856 3778 1120 3844 episcopus
1156 3778 1342 3829 habeat
1375 3784 1678 3844 potestatem
1713 3764 1900 3829 ordinis
1936 3776 2411 3829 excommunicandi.
2465 3776 2515 3828 2.
2552 3794 2603 3843 p.
2628 3776 2727 3827 139
2761 3795 2813 3828 ιι.
2833 3776 2937 3828 397
2976 3777 3198 3844 episcopi

345 3866 590 3918 Cui-oniae
626 3866 692 3916 de
721 3867 874 3928 1434,
911 3866 1046 3932 qued
1081 3866 1204 3917 orde
1239 3866 1348 3917 sine
1385 3884 1550 3933 papae
1573 3882 1818 3918 consensu
1845 3865 2259 3917 excommunicari
2290 3882 2391 3916 non
2416 3864 2617 3917 debeat.
2671 3866 2721 3917 3.
2758 3884 2807 3917 ιι.
2833 3866 2937 3917 398
2974 3866 3197 3917 eiusdem

343 3956 547 4007 tenoris.
605 3954 799 4006 Ibidem
836 3972 886 4020 p.
912 3955 1009 4005 128
1045 3972 1094 4005 ιι.
1113 3954 1184 4005 34
1218 3955 1397 4005 citatur
1431 3954 1585 4017 bulla,
1623 3973 1722 4020 qua
1756 3954 2030 4020 Gregorius
2054 3954 2129 4004 IX
2166 3954 2337 4005 eximit
2372 3971 2434 4004 ex
2470 3954 2675 4020 speciali
2709 3954 2872 4021 gratia
2906 3954 3197 4021 magistrum

344 4054 397 4096 et
431 4044 612 4095 fratres
645 4042 908 4109 hospitalis
945 4062 985 4094 s.
1009 4042 1203 4094 Mariae
1239 4061 1271 4093 a
1308 4043 1608 4094 decimarum
1644 4043 1892 4094 solutione
1927 4044 1993 4093 de
2028 4044 2247 4109 ipsorum
2284 4042 2622 4109 proventibus.

346 4292 524 4365 419.
564 4296 742 4362 1227
786 4295 934 4360 iulii
961 4294 1006 4361 3
1035 4296 1372 4381 Anaqniae
1415 4294 1529 4379 (cf.
1562 4294 1739 4361 1228
1765 4294 2097 4378 febo-uam·
2123 4294 2219 4375 3).
2296 4291 2639 4380 Greqmus
2668 4293 2776 4359 1x
2808 4297 3029 4381 repetit
3056 4294 3194 4361 Ho-

562 4405 738 4467 nom·
763 4402 887 4467 III
920 4426 984 4467 π.
1015 4403 1166 4469 406.

565 4542 904 4628 Gregorius
961 4542 1288 4629 episeopus
1343 4547 1460 4610 ete.
1727 4542 1960 4610 Dileeti
2012 4540 2125 4608 filii
2186 4546 2302 4609 etc.
2363 4543 2692 4629 providere
2748 4543 2827 4609 ad
2874 4542 3198 4629 exemplar.

340 4652 542 4720 felicis
587 4650 1046 4719 recordacionis
1091 4650 1354 4717 Honorii
1390 4670 1556 4738 pape
1599 4650 2059 4737 predecessoris
2104 4651 2302 4717 nostri
2348 4650 2745 4718 universitati
2782 4655 2897 4718 etc.
2959 4648 3197 4717 Datum

341 4758 632 4843 Anagnie
677 4780 716 4823 v
759 4778 956 4825 nonas
1000 4756 1140 4823 iulii
1181 4756 1579 4844 pontificatus
1624 4758 1824 4823 nostri
1869 4778 2033 4824 anno
2079 4758 2303 4845 primo.

555 4900 677 4952 Sine
713 4901 857 4952 dato:
894 4900 956 4950 B.
981 4898 1014 4949 8
1050 4899 1180 4950 inter
1213 4898 1656 4966 Norimbergensia
1683 4901 1776 4961 14;
1813 4898 1958 4950 deest
1990 4898 2044 4949 in
2078 4898 2204 4950 fine:
2241 4898 2564 4966 Privilegium
2594 4930 2652 4936 —
2680 4906 2949 4966 potestate.
2971 4927 3033 4937 —-
3074 4898 3194 4949 Cum

345 4991 488 5044 dato:
525 4989 762 5056 Anagnis
797 4990 832 5041 5
863 5006 982 5041 non.
1015 4987 1120 5039 iulii
1155 5006 1206 5055 p.
1223 5006 1274 5039 n.
1300 5006 1348 5041 a.
1377 4988 1424 5040 1.
1469 4990 1531 5039 A.
1556 4988 1622 5040 lo
1657 5007 1707 5056 p.
1728 4986 1795 5040 47
1837 4986 2088 5053 „Bm-uli&
2121 5016 2184 5029 —-·
2235 4988 2359 5041 Cum
2394 4988 2537 5042 dato:
2585 4988 2821 5040 Laterani
2856 4988 2891 5040 3
2926 5005 3043 5041 ιιοιι.
3067 4987 3195 5042 febr.
