3892 5609
1367 290 1759 339 Pnrvrnsem
1805 258 2197 339 sumnum
2723 253 2734 261 ’
3064 278 3215 350 245

335 450 743 539 privilegium
773 451 951 518 vobis
998 470 1362 517 concessum
1396 472 1511 538 per
1542 451 1686 517 dive
1732 452 2035 517 memorie
2067 450 2363 518 Ottonem
2410 454 2726 536 quartum,
2771 450 3221 537 imperatorem

336 558 727 641 Romanum,
782 558 1289 645 predecessorem
1318 565 1654 641 -nostrum,
1713 557 2032 644 imperiali
2088 558 2520 625 benivolencia
2576 556 2945 625 confirmare
3002 557 3223 641 digna-

335 685 573 732 remur.
644 664 838 731 Cuius
885 665 1140 750 quidem
1186 665 1504 751 privilegii
1549 669 1730 731 tenor
1777 665 2061 749 sequitur
2104 666 2172 730 in
2217 665 2333 731 hec
2376 664 2600 731 verba:
2653 694 2657 699 ·

664 772 812 837 Otto
845 776 1105 857 quartus
1130 760 1254 839 etc.
1289 772 1367 838 de
1402 773 1574 837 1213
1607 772 1717 853 (sc.
1748 772 1945 854 1212)
1978 772 2133 837 maii
2166 772 2251 836 10
2279 769 2675 855 Nuremberg
2704 770 2922 856 (supra
2951 789 3014 834 n.
3041 768 3219 851 252).

337 876 474 945 Nos
519 879 734 962 itaque
789 879 1026 945 intacte
1069 878 1217 947 fidei
1273 878 1618 965 puritatem
1664 898 1738 945 ac
1783 878 2027 953 sincere
2084 878 2441 945 devocionis
2496 878 2838 961 fervorem,
2896 897 3079 963 quem
3142 876 3222 943 ad
3319 906 3325 929 ι

337 1005 460 1051 nos
507 990 570 1051 et
614 1005 864 1052 sacrum
908 985 1153 1051 habetis
1196 986 1558 1071 imperium,
1603 985 1728 1071 piis
1771 985 2241 1051 considerantes
2275 981 2521 1068 oculis¹,
2568 985 2891 1071 cupientes
2924 1002 3032 1050 vos
3078 1003 3224 1070 spe-

341 1090 492 1157 ciali
535 1090 980 1158 beneficiorum
1024 1092 1463 1159 munificencia
1505 1093 1852 1175 graciosius
1898 1091 2205 1177 decorari,
2254 1092 2479 1159 vestris
2526 1091 2943 1177 peticionibus
2990 1091 3223 1157 ostium

343 1198 692 1281 augustalis
740 1198 1080 1265 clemencie
1123 1206 1479 1270 reserantes
1531 1199 1934 1285 privilegium
1992 1198 2411 1284 prescriptum
2457 1217 2603 1265 cum
2645 1203 2779 1265 toto
2837 1218 2949 1264 suo
2964 1228 2991 1251 e
3006 1202 3223 1264 tenore

342 1310 595 1388 gratum
655 1311 718 1371 et
773 1311 982 1372 ratum
1035 1306 1338 1373 habentes
1395 1307 1709 1393 presentis
1769 1306 1993 1392 scripti
2048 1306 2398 1392 patrocinio
2454 1310 2758 1392 perpetuo
2816 1305 3085 1371 valituro
3143 1324 3223 1371 ex

345 1418 522 1477 certa
565 1412 838 1479 sciencia
881 1412 1302 1497 ratificamus,
1365 1413 1819 1501 approbamus,
1867 1412 2311 1479 confirmamus
2360 1432 2433 1479 ac
2490 1413 2691 1479 eciam
2734 1412 2813 1479 de
2866 1432 3029 1477 novo
3076 1430 3223 1477 con-

343 1519 626 1585 cedimus
673 1523 739 1585 et
779 1520 1175 1585 innovamus.
1244 1520 1416 1587 Nulli
1464 1540 1612 1604 ergo
1659 1521 1915 1587 omnino
1968 1519 2293 1587 hominum
2338 1520 2528 1587 liceat
2572 1519 2735 1586 hanc
2778 1524 2993 1608 nostre
3035 1518 3224 1583 recti-

341 1624 694 1709 ficacionis,
764 1627 1246 1713 approbaeionis
1317 1634 1380 1693 et
1448 1627 1946 1694 confirmacionis
2004 1629 2303 1713 paginam
2370 1627 2717 1710 infringere
2774 1632 2885 1692 aut
2942 1627 2999 1692 ei
3066 1645 3225 1691 ausu

345 1734 684 1801 temerario
731 1734 1063 1806 contraire.
1135 1733 1204 1799 Si
1252 1734 1391 1819 quis
1439 1740 1648 1801 autem
1687 1734 2121 1801 contravenire
2164 1735 2643 1820 presumpserit,
2692 1737 2905 1819 preter
2921 1732 3225 1817 indigna-

345 1839 593 1906 cionem
636 1844 951 1924 nostram,
1013 1861 1202 1925 quam
1247 1838 1498 1927 ipsum'
1540 1842 1866 1908 incurrere
1910 1842 2199 1908 volumus
2255 1842 2392 1927 ipso
2438 1841 2637 1924 facto,
2694 1860 2925 1927 penam
2972 1846 3223 1907 centum

343 1946 652 2013 librarum
699 1948 836 2014 auri
879 1949 1048 2034 puri,
1104 1968 1368 2033 quarum
1416 1948 1819 2015 medietatem
1863 1948 2035 2033 fisco,
2082 1949 2148 2013 id
2194 1952 2293 2014 est
2334 1952 2547 2013 nostre
2592 1947 2909 2035 imperiali
2955 1966 3223 2032 camere,

345 2053 656 2139 reliquam
703 2075 851 2121 vero
907 2056 1204 2121 iniuriam
1263 2057 1467 2141 passis
1515 2056 1822 2143 applicari
1867 2056 2189 2139 volumus,
2248 2075 2315 2121 se
2373 2055 2619 2121 noverit
2676 2048 3069 2121 incurrisse⁸.
3152 2052 3227 2121 In

347 2162 526 2228 cuius
582 2163 674 2228 rei
732 2162 1165 2228 testimonium
1225 2167 1550 2249 presentes
1609 2162 1918 2230 conscribi
1978 2169 2041 2229 et
2096 2167 2311 2229 nostre
2368 2162 2717 2228 maiestatis
2775 2160 2981 2245 sigillo
3036 2160 3225 2227 iussi—

345 2288 491 2334 mus
536 2270 930 2335 communiri.
1000 2270 1234 2336 Datum
1281 2270 1349 2335 in
1380 2268 1644 2336 Monaco
1676 2271 1776 2337 die
1823 2270 2069 2337 sabbati
2117 2274 2262 2356 post
2303 2269 2736 2335 invencionem
2777 2274 2991 2335 sancte
3020 2269 3225 2335 crucis

349 2395 516 2442 anno
563 2376 802 2441 domini
845 2375 1181 2442 millesimo
1227 2379 1656 2445 tricentesimo
1703 2378 2024 2445 tricesimo
2073 2378 2251 2461 regni
2296 2376 2499 2443 nostri
2546 2395 2709 2443 anno
2758 2382 2936 2443 sexto
2984 2376 3224 2445 decimo

345 2483 606 2569 imperii
647 2503 796 2549 vero
839 2483 1054 2549 tercio.

563 2605 655 2667 lv,
680 2605 779 2657 281
793 2623 840 2657 v,
897 2606 1037 2673 Orig.
1065 2606 1331 2673 stuttgart.
1358 2606 1480 2659 citat
1500 2606 1752 2658 Boehmer
1779 2624 1829 2659 n.
1854 2606 2007 2659 1123.
2157 2606 2201 2658 1.
2240 2622 2301 2657 ex
2324 2606 2457 2658 uotis
2480 2604 2541 2659 B.
2650 2604 2701 2657 2.
2739 2605 2885 2657 deest
2907 2604 2966 2658 Β.
3076 2605 3125 2657 3.
3163 2604 3223 2656 Β.

354 2871 534 2942 272.
575 2875 752 2942 1330
796 2878 946 2940 mai.
980 2878 1024 2941 5
1067 2878 1138 2938 in
1169 2875 1462 2942 Monaco.
1532 2876 1913 2941 Ludowicus
1960 2878 2309 2962 imperator
2356 2877 2577 2941 domui
2612 2873 3030 2941 leutonioae
3075 2897 3223 2941 con-

571 2984 796 3065 firmat
843 2982 1249 3068 piivileqium
1295 2984 1370 3047 de

778 3090 951 3155 1221
1001 3090 1190 3175 april.
1224 3090 1313 3156 10
1366 3089 1644 3155 Tarenti.
1714 3088 2039 3155 Fridmoi
2068 3089 2155 3155 II
2188 3092 2589 3176 imperatoris
2637 3088 2868 3176 (supra
2910 3112 2975 3153 n.
3005 3086 3195 3171 255).

574 3229 970 3314 Ludowicus,
1002 3231 1105 3296 dei
1134 3230 1348 3313 gracia
1373 3229 1798 3297 Romanorum
1829 3231 2175 3315 imperator
2206 3250 2457 3317 semper
2489 3236 2812 3315 augustuS,
2843 3228 3227 3297 honorabili·

350 3339 469 3406 bus
501 3342 566 3405 et
593 3337 904 3420 religiosis
936 3337 1290 3424 preceptori
1312 3337 1610 3421 generali,
1637 3338 2251 3404 commendatoribus
2277 3338 2623 3424 ceterisque
2654 3336 3075 3421 singularibus
3098 3337 3227 3403 fra-

349 3446 556 3513 tribus
587 3445 918 3531 hospitalis
949 3450 1164 3511 sancte
1187 3443 1386 3510 Maris
1416 3444 1494 3510 de
1527 3444 1710 3509 domo
1733 3444 2135 3528 Theotonica,
2166 3443 2455 3512 fidelibus
2488 3446 2617 3511 suis
2650 3446 2911 3529 devotiS,
2948 3444 3227 3527 graciam

352 3574 532 3620 suam
567 3558 630 3619 et
661 3573 843 3618 omne
874 3553 1125 3618 bonum.
1187 3550 1592 3617 Celsitudinis
1623 3556 1836 3617 nostre
1868 3551 2036 3617 celsa
2066 3551 2421 3618 sublimitas
2454 3550 2532 3616 ad
2563 3550 2683 3616 hoc
2713 3552 3083 3638 precipuum
3114 3570 3229 3618 sue

352 3661 541 3728 debet
584 3660 1109 3727 consideracionis
1157 3660 1352 3725 aciem
1401 3658 1728 3742 inclinare,
1775 3658 2047 3743 qualiter
2078 3658 2320 3725 devotis
2349 3656 2603 3745 imperii
2649 3664 2713 3723 et
2742 3659 3039 3745 precipue
3084 3679 3227 3745 per-

353 3770 524 3834 sonis
557 3767 786 3833 divinis
819 3767 1120 3832 dedicatis
1153 3765 1467 3851 obsequiis
1500 3765 1578 3830 ob
1610 3786 1720 3831 sue
1760 3765 2093 3851 probitatis
2126 3771 2192 3833 et
2219 3766 2576 3832 devocionis
2606 3766 2835 3831 merita
2866 3770 3230 3849 augmentet

274 3904 289 3912 ·
352 3875 684 3941 commoda
729 3878 792 3939 et
835 3874 1122 3939 honores.
1200 3870 1322 3937 Per
1367 3873 1486 3938 hoc
1531 3872 1700 3937 enim
1744 3872 2081 3959 imperium
2129 3873 2551 3959 principantis
2595 3871 2797 3956 gloria
2840 3870 3142 3938 ineffabili
3191 3893 3229 3939 a

351 3982 622 4049 subditis
671 3981 1075 4065 sublimatur,
1136 3979 1372 4045 subditi
1419 3999 1666 4064 quoque
1712 3980 1791 4045 ad
1837 3979 2305 4063 obsequendum
2352 3979 2711 4046 alliciuntur
2755 3982 3118 4067 prompcius
3166 3984 3231 4047 et

354 4090 436 4155 ad
479 4089 639 4155 bene
684 4087 1053 4154 merendum
1095 4086 1448 4153 fervencius
1493 4085 1894 4152 inducuntur.
1964 4085 2066 4152 Ex
2104 4092 2287 4173 parte
2316 4087 2530 4171 itaque
2559 4092 2773 4152 vestra
2800 4091 3014 4153 nostre
3045 4086 3228 4153 celsi-

351 4196 562 4262 tudini
607 4196 819 4261 extitit
860 4193 1183 4260 humiliter
1215 4192 1660 4279 supplicatum,
1708 4197 2015 4277 quatenus
2057 4193 2458 4283 privilegium
2488 4193 2665 4259 vobis
2706 4213 3071 4261 concessum
3114 4214 3231 4281 per

353 4303 500 4369 dive
555 4302 858 4367 memorie
903 4300 1295 4367 Fridericum
1354 4300 1729 4384 secundum,
1788 4301 2234 4387 imperatorem
2279 4300 2664 4384 Romanum,
2720 4301 3229 4386 predecessorem

351 4413 673 4491 nostrum,
719 4407 1035 4493 imperiali
1083 4407 1512 4473 benivolencia
1558 4406 1930 4473 confirmare
1978 4407 2398 4490 dignaremur.
2484 4405 2677 4472 Cuius
2725 4406 2977 4491 quidem
3033 4408 3231 4493 privi-

349 4516 504 4600 legii
549 4521 732 4582 tenor
777 4514 1058 4599 sequitur
1103 4515 1167 4579 in
1215 4513 1332 4579 hec
1375 4513 1596 4579 verba:

675 4622 750 4689 In
793 4623 1048 4689 nomine
1092 4626 1306 4687 sancte
1353 4626 1416 4685 et
1458 4618 1782 4685 individue
1827 4619 2148 4688 trinitatis.
2226 4620 2583 4687 Fridericus
2632 4618 2942 4685 secundus
2988 4622 3104 4686 etc.
3154 4618 3233 4685 de

682 4730 848 4794 1221
901 4727 1120 4813 aprilis
1170 4730 1254 4795 10
1298 4728 1557 4794 Tarenti
1602 4728 1821 4813 (supra
1864 4748 1926 4793 n.
1962 4728 2137 4809 255).

353 4836 488 4903 Nos
532 4836 748 4921 itaque
792 4836 1026 4902 intacte
1079 4834 1225 4901 fidei
1278 4836 1620 4923 puritatem
1669 4854 1743 4899 ac
1796 4835 2038 4901 sincere
2094 4834 2451 4902 devocionis
2506 4834 2851 4918 fervorem,
2910 4853 3095 4918 quem
3154 4833 3232 4899 ad

358 4963 478 5009 nos
526 4949 591 5009 et
634 4962 879 5009 sacrum
927 4942 1172 5009 habetis
1216 4942 1556 5029 imperium
1603 4942 1726 5029 piis
1773 4941 2243 5009 considerantes
2278 4939 2523 5027 oculis¹‚
2572 4944 2897 5029 cupientes
2931 4960 3047 5008 vos
3088 4960 3233 5028 spe·
