3892 5609
711 288 862 361 300
1685 294 2113 347 mmmmm
2156 237 2604 348 Romnonnu

711 456 886 529 332.
927 460 1100 527 1221
1150 461 1440 525 ianuarii
1466 460 1554 525 19
1584 458 1909 524 Laterani.
1980 457 2307 523 Honorius
2332 458 2455 525 III
2489 472 2655 525 vetat
2684 458 3014 546 praelatos
3044 460 3122 523 de
3150 457 3337 524 bonis
3370 457 3592 521 ordini

934 566 1312 633 Theutonico
1369 566 1613 632 collatis
1665 588 1786 651 pro
1843 566 2342 650 expeditionibus
2398 579 2457 632 et
2510 567 2785 632 excubiis
2834 566 3167 651 faciendis
3226 566 3591 629 vicesimam

925 674 1024 738 vel
1067 674 1230 737 aliae
1277 675 1624 737 mactiones
1673 684 2055 757 extorquere.

927 796 1244 863 Honorius
1292 796 1622 881 episcopus
1684 814 1902 861 servus
1960 814 2283 860 servorum
2332 794 2433 861 dei
2496 794 2959 862 venerabilibus
3013 792 3323 859 fratribus
3380 790 3591 857 archi-

705 903 1016 989 episcopis
1075 908 1139 968 et
1195 902 1508 988 episcopis
1569 908 1633 967 et
1689 901 1932 967 dilectis
1976 900 2138 966 {iliis
2196 900 2560 984 abbatibus,
2616 900 2965 988 prioribus,
3022 900 3313 983 decanis,
3374 898 3587 965 archi-

705 1009 1007 1093 diaconis,
1054 1008 1412 1095 prepositis,
1463 1006 2007 1094 archipresbiteris
2054 1012 2117 1073 et
2146 1006 2288 1071 aliis
2321 1006 2726 1075 ecclesiarum
2754 1006 3039 1093 prelatis,
3072 1007 3151 1072 ad
3184 1026 3345 1091 quos
3374 1005 3589 1071 littere

701 1118 824 1183 iste
869 1116 1293 1202 pervenerint,
1344 1114 1613 1180 salutem
1659 1120 1726 1180 et
1769 1113 2141 1199 apstolicam
2172 1114 2690 1181 benedictionem.
2898 1112 3056 1179 Cum
3089 1113 3169 1180 de
3200 1112 3359 1178 viris
3388 1111 3589 1179 eccle-

705 1224 1012 1303 siastici8‚
1073 1222 1298 1307 quibus
1357 1221 1702 1307 plurimum
1770 1220 2069 1307 expedire
2128 1220 2507 1303 dinoscitur,
2576 1226 2648 1285 ut
2701 1221 2770 1285 in
2826 1221 3069 1287 cunctis
3122 1216 3399 1286 actibus¹
3458 1220 3587 1285 suis

705 1330 962 1396 modum
1021 1327 1427 1412 ordinemque
1487 1334 1876 1410 conservent,
1935 1326 2133 1393 nobis·
2184 1326 2395 1411 aliqua
2438 1327 2817 1411 referuntur,
2874 1348 2996 1413 que
3038 1326 3183 1392 illos
3241 1326 3589 1412 reprehen-

706 1436 920 1503 sibiles
978 1434 1266 1517 reddant,
1329 1439 1590 1520 paterno
1648 1434 1931 1500 dolemus
1992 1431 2217 1500 affectu
2277 1440 2341 1499 et
2394 1433 2473 1499 de
2529 1434 2812 1519 ipsorum
2872 1434 3312 1499 emendatione
3368 1452 3587 1499 curam

706 1540 996 1609 volumus
1042 1561 1260 1625 gerere
1306 1540 1706 1626 pastoralem.
1783 1538 2295 1623 significantibus
2340 1560 2492 1605 sane
2527 1538 2773 1605 dilectis
2806 1537 2974 1624 filiis,
3020 1539 3327 1607 fratribus
3358 1540 3585 1605 domus

703 1648 1034 1733 hospitalis
1081 1652 1296 1713 sancte
1343 1645 1542 1712 Marie
1576 1646 2102 1712 Theotonicorum
2150 1646 2655 1730 Ierosolimitani‚
2704 1647 3078 1732 accepimus,
3124 1647 3296 1731 quod
3326 1646 3409 1713 de
3436 1666 3587 1731 pos-

705 1754 1110 1837 sessionibus,
1169 1772 1290 1837 que
1345 1754 1502 1839 ipsis
1561 1772 1600 1819 a
1659 1752 1816 1819 vivis
1876 1754 2012 1818 sive
2068 1753 2383 1818 defunctis
2438 1752 2904 1819 racionabiliter
2960 1754 3405 1837 conferuntur,
3466 1774 3583 1838 pro

706 1862 932 1927 vestris
980 1859 1490 1945 expedicionibus
1553 1864 1616 1925 et
1662 1858 1942 1925 excubiis
1988 1858 2292 1925 faciendis
2337 1860 2701 1926 vicesimam
2760 1864 3048 1944 questam
3102 1865 3169 1929 et
3210 1858 3585 1927 exacciones

704 1966 784 2033 ab
827 1966 986 2052 ipsis
1013 1962 1362 2032 indebitas’
1395 1965 1758 2051 presumitis
1795 1973 2189 2050 extorquere.
2248 1964 2553 2044 Quocirca
2582 1966 2981 2033 universitati
3009 1962 3252 2033 vestre'
3281 1986 3399 2053 per
3430 1986 3586 2051 apo-

705 2074 927 2139 stolica
972 2074 1210 2159 scripta
1254 2072 1628 2138 mandamus
1675 2078 1740 2138 et
1782 2073 2070 2139 districte
2116 2074 2499 2160 precipimus
2514 2123 2533 2157 ,
2596 2074 2891 2159 quatinus
2938 2074 3019 2141 ab
3062 2072 3427 2139 huiusmodi
3472 2092 3587 2137 ex-

705 2163 1060 2246 accibnibus
1107 2179 1359 2265 penitus
1406 2178 1779 2245 desistentes
1824 2179 1968 2244 iura
2012 2180 2439 2265 predictorum
2484 2180 2754 2247 fratrum
2796 2182 2865 2247 in
2897 2180 3105 2265 aliquo
3134 2180 3347 2247 ledere
3376 2178 3588 2244 nulla·

703 2294 887 2354 tenus
933 2286 1315 2372 presumatis
1332 2336 1351 2369 ,
1413 2285 1522 2352 sed
1568 2286 1662 2350 ita
1704 2285 1876 2372 ipsos
1933 2306 2050 2351 sua
2107 2286 2491 2371 permittatis
2549 2285 2841 2354 libertate
2900 2287 3194 2371 gaudere,
3248 2285 3420 2372 quod
3462 2306 3585 2353 nec

702 2394 830 2479 ipsi
885 2393 963 2459 de
1009 2391 1186 2459 vobis
1233 2392 1508 2460 habeant
1550 2393 1783 2458 iustam
1829 2394 2165 2459 materiam
2222 2389 2679 2565 conquerendi‘
2734 2414 2852 2460 nec
2905 2412 3021 2460 nos
3091 2414 3169 2459 ea
3220 2392 3581 2459 disti-iccius

705 2626 868 2673 anno
915 2607 1152 2691 quinto.

917 2719 1040 2771 Sine
1077 2720 1224 2772 dato:
1270 2720 1311 2783 1,
1338 2718 1434 2780 68;
1471 2719 1535 2769 A.
1553 2718 1624 2769 20
1659 2736 1708 2770 n.
1734 2718 1798 2769 12
1833 2718 2016 2770 Latine
2052 2726 2106 2769 et
2143 2718 2461 2781 Germanice,
2500 2720 2588 2771 ubi
2622 2720 2675 2771 in
2709 2719 2866 2772 titulis
2900 2720 3111 2787 legitur:
3156 2720 3491 2771 Innocencins
3522 2722 3581 2771 in

703 2808 894 2860 Leodio
929 2816 1025 2861 etc.
1063 2820 1140 2859 et.
1183 2807 1304 2873 „Dis
1341 2808 1656 2874 privilegium
1691 2806 2019 2859 Innocencius
2054 2808 2209 2857 und·
2194 2826 2237 2858 is
2274 2824 2363 2857 που
2398 2808 2597 2859 Leodik
2634 2809 2749 2859 dem
2783 2809 2934 2876 glich.
2966 2838 3033 2848 —
3078 2808 3205 2860 Cum
3238 2809 3388 2861 dato.
3424 2808 3489 2859 A.
3510 2808 3581 2859 16

703 2894 1275 2964 p.38„Ba1-u1i“oum
1311 2896 1636 2947 annotatione
1677 2903 1848 2961 „verte
1881 2894 2055 2946 folium
2090 2904 2145 2946 et
2178 2895 2405 2949 invenies
2442 2898 2508 2948 de
2530 2898 2683 2949 verbo
2721 2898 2789 2949 ad
2812 2898 3055 2949 verbum'
3042 2915 3095 2949 ιιι
3117 2896 3385 2963 privilegio
3409 2897 3579 2948 domni

703 2985 982 3037 Innocentii
1015 2984 1141 3036 1v“.
1341 2986 1386 3036 1.
1425 2985 1571 3035 deest
1605 2984 1646 3035 I.
1837 2984 1889 3035 2.
1926 2983 2164 3035 indebitis
2200 2984 2241 3035 1.
2440 2986 2490 3037 3.
2528 2986 2669 3038 vobis
2705 2986 2951 3039 universis
2988 2986 3053 3037 A.
3077 2985 3164 3038 20.
3355 2986 3407 3037 4.
3444 2986 3578 3051 quod

703 3073 802 3141 ipsi
839 3074 902 3124 de
939 3074 1080 3125 vobis
1116 3072 1303 3123 nullam
1338 3072 1563 3123 habeant
1597 3071 1857 3123 materiam
1894 3072 2188 3139 querelandi
2222 3090 2319 3125 nec
2352 3074 2416 3125 A.
2440 3073 2520 3125 16.

709 3311 884 3384 333.
924 3314 1098 3382 1221
1147 3317 1438 3380 ianuarii
1478 3314 1567 3381 19
1612 3314 1935 3379 Laterani.
2006 3314 2332 3379 Honorius
2365 3315 2489 3380 III
2522 3328 2687 3381 vetat
2731 3337 3106 3401 quemquam
3128 3315 3429 3399 fratrum
3472 3336 3575 3380 or-

925 3423 1094 3487 dinis
1133 3420 1504 3486 Tkeutonici
1525 3434 1779 3507 praeter
1807 3424 2102 3507 magistri
2129 3422 2444 3487 licentiam
2484 3422 2817 3508 specialem
2846 3422 3305 3487 observantiam
3328 3423 3573 3507 facere.

923 3561 1239 3627 Honorius
1297 3563 1630 3648 episcopus
1687 3582 1904 3627 servus
1960 3581 2284 3627 servorum
2330 3561 2431 3627 dei
2478 3562 2721 3629 dilectis
2764 3560 2910 3627 filiis
2964 3562 3270 3645 magistro
3316 3560 3411 3629 et¹
3450 3564 3573 3629 fra-

701 3668 902 3735 tribus
949 3668 1172 3733 domus
1218 3668 1550 3753 hospitalis
1597 3673 1813 3733 sancte
1857 3666 2059 3734 Marie
2104 3667 2628 3737 Theotonicorum
2674 3668 3159 3735 Iercsolimitani
3200 3668 3472 3737 salutem
3514 3676 3575 3736 et

636 3764 646 3771 ’
702 3774 1112 3861 apostolicam
1159 3776 1676 3842 benedictionem.
1901 3774 2061 3840 Cum
2108 3774 2285 3840 vobis
2330 3776 2673 3842 secundum
2718 3776 3071 3860 apostolum
3119 3796 3227 3842 cor
3270 3796 3470 3842 unum
3512 3782 3575 3843 et

700 3883 915 3949 anima
957 3900 1087 3947 una
1130 3882 1356 3948 debeat
1399 3902 1557 3965 esse,
1611 3879 1930 3964 nolentes,
1990 3887 2063 3946 ut
2118 3902 2197 3947 ex
2243 3882 2609 3949 diversitate
2660 3888 2953 3947 votorum
2999 3886 3205 3949 vestre
3250 3882 3571 3967 religionis

699 3984 1103 4075 idemptitas⁸
1159 3990 1293 4074 pati
1352 3987 1559 4055 valeat
1623 3988 1995 4070 sectionem,
2065 3987 2437 4055 auctoritate
2508 3988 2683 4055 vobis
2740 3990 3135 4075 presencium
3192 3988 3569 4073 inhibemus,

701 4116 780 4162 ne
827 4096 1056 4181 aliquis
1099 4095 1370 4161 fratrum
1417 4100 1771 4160 vestrorum
1802 4093 2038 4180 absque
2080 4095 2179 4160 sui
2218 4096 2505 4178 magistri
2536 4095 2798 4162 licencia
2827 4095 3087 4181 speciali
3118 4095 3568 4163 abstinenciam

699 4202 803 4269 vel
847 4202 1318 4269 observanciam
1363 4202 1558 4267 faciat
1601 4206 1814 4287 preter
1858 4199 2057 4283 illam,
2104 4222 2225 4287 que
2272 4222 2311 4267 a
2355 4202 2630 4287 capitulo
2675 4206 2881 4269 vestre
2926 4202 3149 4268 domus
3199 4204 3571 4287 regulariter

699 4309 1088 4375 observatur.
1157 4308 1331 4374 Nulli
1390 4328 1537 4390 ergo
1583 4308 1840 4373 omnino
1898 4306 2221 4375 hominum
2284 4308 2471 4375 liceat
2514 4308 2676 4375 hanc
2718 4310 3021 4395 paginam
3073 4315 3289 4376 nostre
3342 4310 3569 4378 inhibi-

611 4494 622 4507 .
699 4414 888 4482 tionis
935 4415 1279 4499 infringere
1310 4415 1408 4480 vel
1457 4415 1513 4479 ei
1561 4434 1720 4479 ausu
1765 4414 2100 4480 temerario
2130 4416 2464 4481 contraire.
2530 4414 2600 4480 Si
2631 4416 2771 4500 quis
2802 4422 3013 4481 autem
3043 4415 3163 4481 hoc
3194 4422 3569 4504 attemptare

701 4521 1176 4609 presumpserit,
1224 4521 1723 4604 indignationem
1770 4520 2221 4606 omnipotentis
2269 4522 2371 4587 dei
2416 4528 2481 4587 et
2524 4522 2849 4589 beatorum
2880 4520 3051 4587 Petri
3099 4528 3165 4588 et
3192 4520 3377 4589 Pauli
3420 4544 3567 4610 apo-

683 4734 970 4801 'tificatus
1016 4735 1219 4801 nostri
1266 4754 1429 4801 anno
1477 4732 1715 4817 quinto.

911 4849 1034 4900 Sine
1071 4849 1216 4899 dato:
1262 4848 1304 4909 1,
1331 4846 1397 4897 75
1411 4865 1456 4899 v.
1467 4866 1484 4909 ς
1521 4846 1586 4909 II,
1613 4846 1682 4899 93
1719 4863 1768 4897 ιι.
1794 4846 1885 4907 13;
1921 4847 1987 4899 A.
2006 4846 2078 4897 20
2112 4846 2252 4899 n.13
2290 4846 2469 4899 Latine
2506 4857 2558 4899 et
2594 4848 2908 4901 Germanice.
2954 4848 3020 4901 D.
3046 4850 3127 4901 12.
3156 4880 3219 4889 -—
3266 4852 3389 4903 Cum
3422 4850 3565 4904 dato:

637 4951 646 4977 ·'
701 4954 774 4989 or.
809 4954 921 4989 cum
955 4936 1094 4987 bulla
1129 4934 1181 4989 in
1217 4936 1418 4989 archivo
1453 4935 1842 5004 Regimontano.
2024 4936 2071 4987 1.
2106 4934 2175 4987 H.
2211 4944 2266 4987 et
2298 4936 2339 4988 1.
2518 4934 2569 4989 2.
2606 4936 2897 5005 idemptitas
2933 4936 3021 4990 Or.
