3892 5609
1371 261 1762 371 mxv-mm
1807 318 2196 371 amum
3060 312 3101 384 3
3116 312 3152 384 1
3166 310 3208 382 9

359 482 584 549 domus
630 480 713 549 ad
752 480 872 549 hoc
915 479 1190 549 officium
1235 480 1591 568 specialiter
1635 482 1965 570 deputatos
2012 482 2301 568 proprios
2348 480 2701 566 sumptibus
2730 482 3023 567 retinent,
3068 501 3213 550 cum

355 589 752 676 oportunitas
805 589 1038 673 exigat,
1094 588 1316 656 devote
1373 606 1446 657 ac
1489 588 1823 673 diligenter
1867 587 2162 656 efficiunt.
2233 588 2393 667 Quia
2436 608 2582 671 ergo
2629 588 2860 655 eisdem
2914 589 3213 657 fratribus

356 697 441 763 ad
469 702 786 763 tantorum
819 700 1182 782 sumptuum
1215 697 1700 765 immensitatem
1731 697 1985 783 proprie
2014 716 2141 763 non
2171 694 2489 762 sufficiunt
2507 696 2857 780 facultates,
2888 698 3215 763 caritatem

357 809 634 871 vestram
697 804 989 871 duximus
1043 804 1388 887 rogandam
1449 810 1514 871 et
1555 804 1961 888 hortandam,
2016 810 2323 889 quatenus
2384 802 2461 869 de
2515 808 2728 869 vestra
2780 801 3217 870 habundancia

359 931 579 979 eorum
625 911 904 997 inopiam
953 910 1298 997 suppleatis
1345 917 1410 978 et
1452 911 1752 998 populum
1787 911 1967 977 vobis
2012 910 2413 976 commissum
2444 910 2726 996 ipsorum
2755 910 3215 977 fraternitatem

361 1038 680 1086 assumere
725 1024 790 1086 et
849 1018 930 1084 ad
984 1018 1454 1104 peregrinorum
1513 1020 2031 1085 sustentationem
2089 1016 2379 1083 collectas
2432 1017 2635 1084 facere
2689 1017 2757 1083 in
2815 1022 3213 1103 peccatorum

359 1145 614 1193 suorum
658 1125 1092 1193 remissionem
1136 1126 1564 1211 frequentibus
1609 1124 2153 1193 exhortacionibus
2182 1124 2511 1208 moneatis,
2558 1124 2675 1191 hoc
2718 1126 3006 1210 scientes,
3060 1144 3211 1211 quo-

359 1233 532 1299 niam
589 1233 824 1299 dictum
879 1232 1188 1320 hospitale
1235 1232 1755 1301 Theotonicorum
1813 1252 1955 1299 cum
2012 1231 2300 1299 omnibus
2356 1231 2435 1298 ad
2492 1233 2701 1319 ipsum
2752 1232 3211 1319 pertinentibus

359 1339 477 1406 sub
521 1340 691 1407 beati
717 1338 892 1407 Petri
935 1338 1136 1406 tutela
1167 1340 1556 1427 suscepimus
1603 1344 1686 1423 et,
1733 1340 2085 1426 quicunque
2129 1340 2208 1406 de
2250 1340 2651 1407 facultatibus
2696 1339 2818 1406 sibi
2861 1360 2901 1405 a
2934 1338 3049 1405 deo
3087 1337 3214 1405 col-

359 1445 508 1513 latis
550 1446 853 1537 fratribus
895 1447 1132 1515 eisdem
1178 1438 1542 1515 subvenerit
1583 1448 1742 1514 etin
1771 1452 1904 1513 tam
1934 1452 2153 1515 sancta
2179 1447 2573 1513 fraternitate
2602 1448 2895 1515 statuerit
2924 1467 2991 1513 se
3024 1445 3212 1513 colle-

357 1572 504 1637 gam
557 1554 738 1641 eique
783 1552 1082 1623 beneficia
1124 1554 1498 1641 persolverit
1552 1554 1876 1620 annuatim
1889 1602 1910 1638 ,
1968 1554 2308 1621 secundum
2364 1554 2777 1641 quantitatem
2842 1553 3106 1621 subsidii
3150 1558 3216 1621 et

363 1660 720 1728 devocionis
775 1660 1059 1730 effectum
1115 1668 1510 1748 peccatorum
1570 1680 1826 1727 suorum
1881 1661 2129 1727 veniam
2180 1660 2396 1727 confisi
2442 1660 2520 1728 de
2564 1660 2887 1727 beatorum
2932 1659 3105 1728 Petri
3152 1665 3215 1729 et

357 1765 542 1835 Pauli
585 1767 1012 1855 apostolorum
1055 1770 1298 1835 meritis
1342 1768 1728 1855 pollicemur.
1811 1767 1905 1835 Ob
1952 1768 2373 1835 reverenciam
2420 1787 2665 1853 quoque
2708 1768 2909 1855 ipsius
2954 1788 3213 1835 venera-

359 1873 506 1941 bilis
569 1876 792 1943 domus
847 1877 1216 1943 auctoritate
1276 1875 1619 1963 apostolica
1674 1876 2133 1959 constituimus,
2190 1880 2261 1941 ut
2302 1874 2446 1959 hiis,
2508 1876 2616 1960 qui
2662 1895 2873 1941 eorum
2919 1874 3214 1941 fraterni-

359 1985 556 2049 tatem
601 1983 1076 2069 assumpserint,
1123 1983 1178 2050 si
1207 1983 1369 2049 forte
1415 1982 1696 2068 ecclesie,
1743 1982 1826 2049 ad
1855 2002 2011 2067 quas
2053 1983 2373 2069 pertinent
2402 2002 2441 2047 a
2470 1982 2700 2048 divinis
2729 1981 2963 2050 fuerint
2993 1980 3213 2048 officiis

360 2088 694 2156 interdicte
739 2110 967 2176 eosque
1009 2090 1174 2157 mori
1217 2089 1568 2174 contigerit,
1615 2089 1949 2156 dummodo
1995 2108 2113 2156 nec
2141 2089 2665 2157 excommunicati
2692 2108 2809 2155 nec
2839 2089 3213 2155 nominatim

361 2195 595 2263 fuerint
635 2197 956 2264 interdicti
1001 2204 1110 2264 aut
1155 2198 1352 2264 eciam
1397 2196 1646 2283 publice
1689 2196 1986 2280 usurarii,
2032 2196 2355 2282 sepultura
2396 2197 2818 2264 ecclesiastica
2860 2215 2987 2261 non
3024 2216 3215 2281 nege-

361 2299 502 2389 tur,
543 2304 660 2371 hoo
705 2304 904 2371 eciam
953 2303 1185 2389 addito,
1231 2308 1304 2370 ut
1345 2309 1700 2390 receptores
1743 2304 2159 2371 fraternitatis
2204 2303 2481 2371 eiusdem
2530 2324 2640 2372 seu
2686 2304 2881 2399 eciam
2926 2302 3215 2370 collecta-

362 2430 507 2477 rum
551 2410 726 2479 salvo
769 2412 908 2478 iure
953 2401 1368 2478 dominorum'
1392 2430 1648 2478 suorum
1693 2409 1810 2477 sub
1857 2410 2025 2477 beati
2066 2409 2237 2477 Petri
2286 2416 2349 2477 et
2391 2416 2608 2477 nostra
2649 2410 3035 2498 protectione
3066 2429 3214 2476 con-

365 2518 613 2603 sistant,
669 2518 1008 2587 adicientes
1062 2519 1340 2604 insuper,
1401 2523 1492 2602 ut,
1539 2518 1596 2584 si
1643 2518 1749 2603 qui
1795 2517 2132 2584 eorundem
2178 2504 2465 2602 fratrum,
2524 2519 2632 2603 qui
2689 2518 2768 2584 ad
2823 2517 3212 2603 recipiendas

362 2625 615 2693 easdem
667 2612 1094 2693 fraternitates
1152 2625 1332 2691 missi
1383 2624 1620 2691 fuerint
1671 2623 1772 2692 vel
1830 2624 2143 2709 collectas,
2198 2625 2266 2691 in
2325 2625 2669 2710 quamlibet
2712 2625 3051 2708 civitatem,
3108 2644 3212 2691 ca·-

363 2731 612 2799 stellum
657 2732 759 2800 vel
802 2733 1006 2799 vicum
1066 2731 1462 2817 advenerint,
1519 2733 1575 2798 si
1627 2732 1788 2798 forte
1842 2730 2016 2799 locus
2067 2732 2205 2818 ipse
2252 2752 2291 2799 a
2334 2732 2563 2798 divinis
2613 2732 2807 2798 fuerit
2848 2729 3069 2797 officiis
3112 2732 3211 2798 in-

361 2838 685 2924 terdictus,
720 2840 788 2907 in
827 2830 1055 2907 eorum'
1074 2840 1346 2907 adventu
1375 2839 1570 2907 semel
1597 2840 1666 2905 in
1693 2858 1858 2905 anno
1889 2839 2254 2926 aperiantur
2284 2838 2539 2907 ecclesie
2570 2843 2635 2906 et
2662 2838 3215 2906 excommunicatis

363 2948 578 3014 eiectis
633 2947 847 3013 divina
897 2946 988 3014 ibi
1055 2946 1261 3014 officia
1328 2946 1734 3015 celebrentur.
1815 2945 1917 3012 Ad
1975 2946 2279 3013 maiorem
2336 2966 2581 3032 quoque
2636 2951 2843 3013 vestre
2909 2946 3212 3012 mercedis

365 3054 686 3121 emulum
717 3054 1156 3121 nichilominus
1188 3054 1365 3121 vobis
1396 3053 1751 3120 mandando
1779 3053 2182 3140 precipimus,
2230 3058 2536 3138 quatenus
2563 3052 2725 3120 banc
2754 3058 3037 3120 nostram
3066 3072 3215 3119 con-

363 3162 754 3229 stitutionem
798 3182 912 3249 per
942 3166 1182 3228 vestras
1229 3160 1590 3248 parrochias
1619 3160 1904 3227 nunciati
1944 3160 2217 3247 propriis
2244 3160 2472 3227 litteris
2505 3161 2771 3227 faciatis.
2840 3158 3213 3227 Mandamus

365 3269 584 3354 eciam,
628 3274 719 3356 ut,
765 3270 822 3335 si
865 3270 976 3355 qui
1019 3268 1098 3336 de
1141 3268 1382 3335 clericis
1429 3266 1830 3335 ecclesiarum
1875 3272 2223 3335 vestrarum
2270 3267 2500 3355 prefati
2542 3266 2870 3355 hospitalis
2913 3266 3213 3335 fratribus

363 3394 505 3443 cum
547 3375 804 3443 licentia
845 3375 1074 3463 prelati
1117 3378 1217 3442 sui
1261 3380 1483 3461 sponte
1529 3396 1604 3443 ac
1646 3376 1843 3459 gratis
1888 3395 2003 3462 per
2048 3396 2281 3441 annum
2320 3374 2419 3441 vel
2465 3375 2784 3441 biennium
2828 3375 3064 3441 servire
3105 3375 3213 3443 de-

363 3484 693 3568 creverint,
739 3502 1137 3568 nequaquam
1191 3483 1617 3570 impediantur
1662 3488 1726 3549 et
1774 3481 2025 3549 interim
2086 3502 2201 3549 sua
2254 3480 2555 3549 beneficia
2606 3481 2706 3549 vel
2761 3482 3213 3550 ecclesiasticos

363 3590 647 3657 redditus
703 3610 832 3657 non
878 3590 1188 3657 amittant.
1258 3590 1361 3656 Ad
1412 3590 1528 3658 hec
1571 3590 2043 3657 universitatem
2090 3592 2365 3656 vestram
2408 3588 2608 3656 literis
2652 3590 3049 3676 presentibus
3106 3610 3215 3657 ex·
3346 3648 3355 3655 .

362 3696 706 3782 hortamur,
751 3702 824 3763 ut
867 3696 947 3763 ad
993 3696 1463 3764 subventionem
1509 3697 1847 3765 eorundem
1891 3698 2159 3763 fratrum
2206 3696 2411 3763 debite
2432 3696 2721 3782 ‘caritatis
2764 3695 3087 3764 affectibus
3114 3695 3215 3764 in·

361 3804 638 3873 tendatis
683 3811 748 3872 et
790 3809 920 3871 tam
966 3803 1089 3869 hiis
1136 3823 1324 3889 quam
1369 3803 1529 3870 aliis-
1554 3804 1781 3889 modis,
1825 3804 2051 3890 quibus
2082 3804 2317 3871 eisdem
2348 3805 2545 3871 servis
2576 3804 2677 3871 dei
2710 3804 3007 3891 prodesse
3035 3808 3213 3891 pote-

361 3912 524 3999 ritis,
569 3914 742 4000 ipsos
785 3912 1002 3979 iuvare
1049 3915 1112 3977 et
1153 3910 1365 3978 fovere
1421 3912 1671 3979 curetis.
1739 3910 1972 3979 Datum
2033 3908 2331 3978 Laterani
2376 3932 2415 3975 v
2458 3910 2599 3977 idus
2651 3909 2953 3978 februarii
3004 3912 3213 3999 ponti-

361 4018 584 4088 ficatus
627 4019 828 4087 nostri
873 4037 1036 4085 anno
1079 4039 1138 4084 v.

573 4142 695 4195 Sine
720 4142 863 4195 dato:
898 4142 966 4205 11,
989 4142 1088 4194 109
1122 4158 1174 4193 n.
1191 4140 1287 4202 643
1323 4140 1387 4192 A.
1407 4140 1476 4192 20
1510 4158 1562 4194 n.
1580 4140 1649 4193 62
1684 4141 1863 4192 Latine
1887 4150 1938 4192 et
1964 4139 2262 4193 Germanice
2285 4157 2397 4191 cum
2420 4149 2564 4191 nota:
2600 4140 2659 4192 In
2682 4140 2940 4209 Mar-purg.
2975 4140 3041 4193 D.
3056 4140 3209 4193 63.—

365 4232 488 4284 Oum
523 4232 667 4283 dato:
701 4231 795 4292 IV,
825 4231 924 4283 190
959 4230 1124 4292 n.24;
1161 4229 1224 4283 A.
1247 4228 1312 4283 16
1345 4247 1398 4297 p.
1423 4230 1493 4282 59
1533 4230 1616 4296 „in
1649 4230 1944 4298 Marpurg“.
1990 4228 2099 4282 1011.
2123 4228 2209 4281 31.
2256 4228 2389 4281 Edd.
2417 4229 2681 4281 Caorsinus
2716 4228 2803 4283 fol.
2824 4230 2879 4283 G.
2906 4248 2953 4283 v.
2964 4248 2981 4293 3
3016 4229 3214 4283 Senner

361 4319 449 4372 fol.
477 4320 538 4373 Ε.
557 4319 609 4371 2.

367 4530 545 4603 363.
584 4536 758 4602 1221
803 4536 1026 4600 martii
1064 4534 1153 4600 13
1197 4532 1520 4600 Laterani.
1599 4534 1924 4601 Honorius
1964 4533 2090 4599 III
2132 4546 2295 4599 vetat
2344 4532 2661 4619 praelatos
2716 4535 2794 4599 de
2836 4533 3215 4599 haereditate

584 4642 904 4707 hominum
949 4642 1191 4706 ordinis
1244 4639 1614 4707 Theutoniei
1643 4640 2183 4727 parochianorum
2224 4662 2483 4706 suorum
2514 4641 2667 4728 plus
2715 4643 2974 4727 aviqere,
3024 4662 3213 4727 quam

583 4761 938 4816 testamento
981 4750 1066 4813 sit
1106 4750 1412 4813 sancitum
1456 4760 1567 4815 aut
1607 4748 1896 4814 haeredes
1941 4750 2367 4814 concesserint.

587 4871 902 4941 Honorius
960 4871 1290 4957 episcopus
1345 4890 1562 4939 servus
1619 4890 1942 4940 servorum
2000 4872 2100 4938 dei
2156 4870 2611 4938 venerabilibus
2656 4869 2955 4937 fratribus
3012 4870 3214 4937 archi-

365 4979 678 5068 episcopis
723 4986 788 5048 et
830 4978 1140 5066 episcopis
1185 4982 1250 5045 et
1292 4976 1534 5045 dilectis
1579 4976 1726 5046 filiis
1773 4979 2177 5047 ecclesiarum
2222 4978 2503 5065 prelatis,
2546 4978 2624 5045 ad
2659 4997 2813 5064 quos
2840 4976 3049 5045 littere
3092 4977 3215 5045 iste
